2547 3289
1048 276 1261 308 D'URBAIN
1285 279 1342 309 IV.

788 360 913 393 Orvieto,
929 361 963 386 24
979 360 1052 386 avril
1070 361 1148 386 1263.

278 359 349 392 194

242 443 369 475 Alberto,
382 443 515 478 episcopo
532 443 699 476 Mutinensi,
718 443 839 470 mandat
851 444 903 470 sub
918 451 1009 478 poena
1023 444 1220 470 excommuni-

205 491 324 518 cationis
342 493 373 518 ut
393 499 422 518 se
443 492 600 518 Bononiam
622 492 812 527 personaliter
833 491 972 523 conferat,
989 493 1017 517 et
1035 493 1219 525 potestatem,

204 540 401 574 capitaneum,
411 540 567 567 consilium
579 549 790 575 communeque
803 540 996 567 Bononienses
1008 542 1124 566 moneat
1135 543 1219 574 atque

204 589 322 615 inducat
342 591 374 615 ut
395 590 489 615 terras
512 589 674 616 Arzellatae
695 591 723 616 et
741 589 896 616 Medicinae
912 588 1050 615 ecclesiae
1073 588 1219 614 Romanae

204 637 368 664 restituant.
389 637 464 670 (Res,
480 639 526 669 27,
544 637 593 664 fol.
613 639 656 670 5¹,
675 642 706 664 n⁰
723 637 754 670 4;
774 638 913 664 Pommsr
932 636 1039 670 ¹8523.)

243 750 258 765 «
278 762 297 768 ..
316 740 455 778 episeopo
467 739 638 769 Mutinensi.
652 740 691 769 In
703 739 850 769 claritate
864 739 894 769 et
909 738 1014 777 gloria
1029 756 1077 768 -.
1096 739 1218 769 Datum

203 792 291 829 apud
321 792 604 828 Urbemveterem,
639 800 702 822 vni
734 791 895 822 kalendas
927 792 1020 826 maii,
1054 800 1141 822 anno
1171 800 1218 822 se-

203 845 323 875 cundo.
346 857 360 871 υ

272 1004 343 1035 195
793 1003 916 1035 Orviem,
936 1004 966 1029 18
980 1003 1044 1038 juin
1066 1004 1142 1030 1163.

236 1087 369 1113 Fratrem
394 1086 555 1113 „iohannem
577 1087 611 1113 de
635 1087 749 1119 Cancia,
771 1087 879 1113 ordinis
901 1087 1056 1119 Minorum,
1078 1087 1216 1121 subrogat

201 1137 342 1171 magistro
366 1136 525 1169 Leonardo,
540 1137 651 1163 cantori
672 1136 860 1168 Messanensi,
885 1135 1034 1170 capellano
1058 1138 1086 1162 et
1112 1136 1216 1162 nuncio

200 1193 250 1212 suo
265 1185 293 1211 in
310 1185 426 1220 Anglia,
442 1193 477 1212 ne
493 1185 630 1212 ecclesiae
646 1186 792 1212 Romanae
808 1185 923 1220 negotia
938 1185 1101 1219 inexpedita
1119 1193 1216 1211 rema-

199 1235 297 1260 neant.
314 1234 393 1267 (Rae.
407 1235 452 1266 27,
470 1234 518 1260 fol.
534 1236 563 1260 51
580 1242 619 1266 vc,
636 1238 667 1260 n⁰
686 1236 711 1267 13
730 1235 874 1261 Porraas'r
894 1234 1002 1268 18569.)

241 1343 256 1359 «
276 1331 385 1361 Fratri
401 1330 540 1361 ,Iohanni
557 1331 591 1361 de
611 1331 736 1367 Cancia,
756 1331 875 1361 ordinis
893 1331 1030 1371 fratrum
1047 1332 1213 1362 Minorum.

199 1384 283 1415 Cum
303 1384 460 1414 dilectum
480 1383 587 1413 filium
610 1401 659 1412 —-.
678 1383 802 1414 Datum
822 1384 910 1422 apud
925 1383 1212 1423 Urbemveterem,

195 1446 267 1467 x1111
284 1437 445 1467 kalendas
454 1436 541 1476 julii,
567 1445 655 1467 anno
672 1437 830 1467 secundo.
850 1449 863 1462 »

266 1607 337 1640 196
788 1606 912 1639 orvieto,
929 1607 961 1632 20
976 1606 1041 1641 juin
1060 1607 1138 1633 1263.

232 1690 366 1725 Magistro
392 1689 539 1716 Leonardo
566 1689 688 1715 mandat
711 1690 742 1715 ut
771 1689 885 1715 litteras
909 1688 1081 1723 apostolicas
1107 1696 1210 1716 omnes

195 1746 267 1773 quas
291 1746 377 1773 super
405 1738 529 1773 negotiis
552 1737 606 1772 ipsi
623 1737 790 1764 commissis
812 1737 914 1769 habet,
932 1737 1017 1763 fratri
1038 1736 1160 1764 Johanni
1177 1739 1211 1764 de

198 1786 315 1819 Cancia,
325 1786 435 1813 ordinis
457 1785 611 1819 Minorum,
628 1785 656 1812 in
667 1785 833 1812 executione
854 1785 1068 1819 praedictorum
1082 1787 1211 1820 negotio-

196 1843 261 1861 rum
276 1835 337 1861 loco
353 1834 414 1870 ejus
444 1835 609 1870 subrogato,
627 1834 764 1869 assignet.
782 1835 861 1867 (REG.
878 1836 922 1868 27,
940 1834 990 1861 fol.
1007 1836 1036 1860 51
1070 1839 1110 1866 v0‚
1132 1841 1163 1861 n0
1179 1836 1211 1868 '23

196 1884 337 1910 Po'rransr
355 1884 460 1916 18570.)

237 2003 252 2019 «
282 1991 432 2031 Mayz'stro
464 1989 634 2025 Leonardo,
667 1989 787 2018 cantori
823 1988 1017 2025 Messanensz',
1051 1988 1210 2028 capellano

194 2049 308 2075 nostro.
337 2043 551 2074 Presentium
580 2042 640 2072 tibi
671 2041 865 2072 auctoritate
889 2059 937 2070 —.
972 2041 1095 2072 Datum
1122 2042 1210 2081 apud

194 2097 478 2132 Urbemveterem,
497 2105 542 2125 x11
557 2095 718 2126 kalendas
737 2095 826 2133 julii,
846 2103 932 2125 anno
949 2095 1107 2125 secundo.
1126 2107 1141 2123 »

262 2252 332 2283 197
697 2248 821 2279 Orviet0‚
842 2250 869 2275 11
887 2248 1040 2275 decembre
1058 2248 1134 2274 1262.

229 2335 367 2369 Episcopo
392 2333 565 2361 Viterbiensi
594 2333 714 2360 mandat.
739 2335 770 2359 ut
797 2334 968 2367 potestatem
995 2331 1205 2358 Viterbienscm

193 2384 282 2410 citare
298 2385 442 2418 procuret,
459 2384 490 2409 ut
505 2381 582 2409 infra
592 2384 651 2408 tres
663 2381 724 2408 dies
739 2383 802 2415 post
818 2382 1003 2415 praeceptum
1021 2387 1119 2406 coram
1135 2387 1208 2414 papa

192 2434 370 2468 compareat.
388 2432 468 2466 (nnc.
484 2432 529 2463 27,
545 2430 594 2457 fol.
613 2431 657 2464 52,
674 2434 706 2457 n⁰
724 2429 761 2464 1.)

234 2553 248 2567 «
276 2563 295 2570 ..
325 2540 464 2579 episcopo
486 2538 675 2568 Viterbiensi.
692 2538 858 2568 Volumus
877 2539 908 2567 et
932 2536 1138 2576 presentium
1155 2553 1203 2565 —.

193 2594 317 2624 Datum
333 2592 420 2631 apud
444 2591 729 2626 Urbemveterem,
749 2599 782 2620 111
802 2590 878 2620 idus
902 2589 1099 2624 decembris,
1119 2597 1205 2619 anno

192 2645 350 2677 secundo.
372 2657 386 2672 »

695 2816 819 2848 Orvieto,
835 2817 869 2842 23
883 2816 1035 2843 decembre
1054 2817 1130 2843 1262.

261 2820 333 2852 198

228 2902 376 2935 potestati,
395 2901 497 2937 priori,
514 2899 633 2927 consilio
651 2901 678 2926 et
695 2898 844 2926 communi
860 2898 1019 2933 Spoletanis
1037 2898 1157 2925 mandat
1172 2900 1203 2925 ut

191 2959 207 2977 a
218 2948 671 2978 confoederationeNarniensium
690 2947 825 2974 recedant
838 2949 865 2973 et
882 2946 981 2974 omnia
997 2947 1200 2980 instrumenta,
1229 2966 1230 2970 ,

2250 289 2290 317 55

1254 364 1255 369 ’
1282 361 1475 396 indulgentias
1492 366 1519 390 et
1540 365 1689 399 privilegia
1705 376 1775 400 quae
1796 368 1829 394 de
1853 369 2067 403 Arnulpliorum
2085 373 2161 397 terra
2186 374 2211 397 et
2227 371 2288 406 ejus

1254 443 1255 447 Ἰ
1281 408 1448 437 hominibus
1477 413 1593 446 babent,
1610 422 1706 440 coram
1729 424 1802 450 papa
1830 417 1963 444 exhibere
1986 421 2014 444 ct
2046 427 2202 453 proponere
2230 424 2288 446 stu-

1253 456 1256 473 '
1279 457 1375 485 deant.
1393 460 1470 493 (linc.
1488 463 1533 494 2¹8,
1548 462 1597 488 sol.
1615 464 1657 494 52,
1674 469 1705 489 11υ
1718 465 1758 498 2.)

1324 563 1336 578 a
1367 575 1385 581 .,
1402 556 1560 591 potestati,
1583 578 1602 585 ..
1620 556 1731 594 priori,
1756 559 1882 587 masilia
1901 565 1924 587 et
1950 561 2098 589 mmmmm
2114 562 2289 600 is‘polemuzs-

1278 607 1422 647 spiritum
1448 607 1567 636 consilii
1588 608 1728 638 sanim-[s.
1752 611 1846 645 (lum,
1872 612 1957 641 Sicut
1982 613 2093 643 existit
2110 615 2286 648 notoriam,

1250 669 1251 675 ¹
1277 659 1368 689 cives
1412 659 1635 694 Narnienses,
1668 661 1787 698 spiritu
1821 663 2012 693 rebellionis
2042 669 2224 704 assumpto,
2255 676 2288 696 se

1278 711 1508 742 inobedientes
1520 712 1560 741 ab
1573 713 2059 746 0001051011011111110(1010110110
2070 718 2286 748 subduxerint

1277 766 1308 795 et
1332 766 1501 802 tamquam
1535 765 1784 803 ingratitudinis
1815 768 1876 796 tilii
1906 769 2070 798 mandatis
2098 771 2288 808 apostolici>

1276 826 1391 857 parere
1421 819 1669 856 contempnant,
1684 820 1715 848 et
1748 820 1789 849 ob
1820 820 1852 849 id
1877 823 2232 853 excommunicati1aiis
2257 829 2285 854 et

1276 871 1443 901 interdicti
1460 871 1636 900 sententiis
1653 872 1719 901 sint
1740 872 1845 908 ligati,
1866 874 2022 904 volumus
2036 876 2067 904 et
2083 877 2286 913 [nesentium

1276 924 1372 954 vobis
1401 924 1606 958 auctoritate,
1635 924 1697 954 sub
1728 925 1837 955 debito
1868 926 2037 957 fidelitatis
2061 936 2126 965 qua
2152 929 2289 959 ecclesie

1276 977 1421 1015 predicte
1455 977 1634 1012 tenemini,
1669 978 1816 1008 districte
1849 980 2060 1018 precipiendo
2091 982 2289 1011 mandamus

1276 1030 1446 1068 quatinus,
1464 1030 1551 1059 infra
1561 1030 1648 1060 diem
1662 1031 1803 1061 Veneris
1815 1032 1968 1070 proximo
1982 1033 2141 1069 futurum,
2155 1043 2286 1065 omnem

1277 1082 1481 1117 societatem,
1499 1083 1743 1121 c‹‘›lligationern
1760 1086 1790 1114 et
1809 1085 2111 1116 confederationem
2126 1087 2211 1117 inter
2231 1096 2289 1118 vos

1277 1137 1307 1165 et
1323 1135 1412 1165 cives
1437 1136 1572 1166 eosdem
1590 1136 1701 1172 initas,
1725 1137 1858 1175 penitus
1874 1138 2079 1174 dissolvatis,
2098 1139 2230 1170 interim
2249 1141 2289 1170 ad

1276 1189 1478 1227 presentiam
1494 1190 1640 1218 nostram
1655 1191 1802 1219 vestrum
1822 1191 1998 1228 syndicum
2015 1192 2230 1225 destinantes,
2249 1194 2287 1222 ad

1276 1242 1337 1272 hoc
1362 1242 1551 1280 specialiter
1577 1243 1793 1273 constitutum
1821 1244 1879 1281 qui
1902 1246 2024 1282 prestet
2052 1245 2084 1274 in
2111 1246 2287 1275 animabus

1275 1295 1396 1325 vestris
1405 1295 1621 1333 corporaliter
1632 1295 1858 1333 Jurainentuin
1875 1297 1964 1335 quod
1978 1298 2114 1336 prefatis
2126 1298 2288 1328 Narnien-

1274 1348 1380 1384 sibus,
1391 1349 1469 1378 dum
1480 1349 1613 1387 propter
1623 1348 1683 1378 hoc
1694 1350 1971 1379 excommunicati
1985 1351 2163 1385 extiterint,
2176 1353 2288 1381 contra

1273 1401 1426 1431 homines
1452 1401 1492 1431 de
1516 1402 1636 1432 Sancto
1661 1401 1802 1432 Gemino
1825 1402 1955 1432 nullum
1980 1403 2164 1433 exhibeatis
2182 1405 2287 1434 consi-

1273 1454 1369 1490 lium,
1388 1454 1552 1483 auxilium
1568 1454 1622 1483 vel
1636 1454 1797 1484 favorem.
1814 1454 1966 1485 Preterea
1983 1455 2086 1485 simili
2103 1456 2198 1485 vobis
2213 1466 2286 1486 aue-

1272 1507 1402 1537 toritate
1418 1507 1617 1537 mandamus
1629 1507 1786 1545 quatinus
1799 1507 1886 1537 infra
1897 1507 2021 1538 dictum
2031 1508 2119 1538 diem
2132 1509 2285 1543 Veneris,

1272 1568 1371 1598 quem
1395 1560 1492 1590 vobis
1518 1560 1700 1590 terminum
1728 1561 1990 1599 peremptorium
2017 1562 2176 1592 duximus
2204 1563 2285 1592 assi-

1272 1613 1455 1651 gnandum,
1470 1612 1702 1650 instrumenta,
1713 1613 1851 1649 litteras,
1862 1614 2101 1652 indulgentias,
2110 1615 2284 1653 privilegia

1272 1667 1303 1696 et
1319 1665 1485 1704 quaslibet
1501 1666 1733 1696 concessiones
1750 1667 2013 1705 omniaquejura
2027 1676 2090 1705 que
2107 1668 2146 1697 de
2162 1668 2282 1697 Arnul—

1271 1718 1414 1757 phorum
1431 1719 1518 1749 terra
1534 1720 1563 1749 et
1580 1719 1651 1757 eJ'us
1667 1719 1862 1749 hominibus
1876 1727 1935 1749 vos
1948 1719 2069 1750 habere
2085 1720 2281 1757 proponitis,

1271 1780 1381 1802 coram
1407 1771 1503 1802 nobis
1525 1771 1681 1802 exhibere
1699 1780 1736 1802 ac
1753 1780 1937 1810 proponere
1954 1772 2126 1807 studeatis,
2148 1774 2183 1802 ut
2197 1773 2283 1803 circa

1271 1824 1305 1854 id
1331 1824 1580 1862 provideamus,
1611 1824 1696 1854 sicut
1724 1824 1870 1854 extiterit
1899 1825 2082 1854 secundum
2113 1825 2222 1855 Deum
2251 1827 2282 1856 et

1266 1877 1433 1916 Justitiam
1463 1877 1718 1913 providendum.
1746 1877 1869 1907 Datum
1886 1878 1974 1915 apud
1996 1877 2280 1911 Urbemveterem,

1271 1939 1289 1959 x
1306 1929 1467 1959 kalendas
1478 1929 1636 1968 januarii,
1657 1938 1743 1959 anno
1759 1929 1915 1960 secundo.
1933 1941 1949 1956 »

1812 2090 1936 2123 Orvieto,
1953 2091 1985 2117 30
1999 2090 2113 2125 janvier
2132 2092 2207 2117 1263.

1339 2091 1409 2123 199

1302 2173 1441 2208 Episcopo
1465 2173 1636 2200 Viterbiensi
1663 2174 1783 2200 mandat
1809 2176 1839 2200 ut
1865 2173 2059 2201 Viterbienses
2084 2174 2149 2201 citet
2176 2177 2204 2201 ut
2231 2183 2280 2209 per

1267 2224 1485 2256 procuratorem
1503 2223 1546 2249 vel
1562 2222 1713 2256 syndicum
1733 2224 1917 2256 compareant
1934 2231 2030 2249 coram
2046 2231 2119 2257 papa
2135 2223 2279 2257 recepturi

1265 2271 1339 2305 quod
1354 2271 1424 2297 ordo
1439 2271 1590 2298 dictaverit
1603 2271 1714 2297 ratione
1725 2279 1811 2304 super
1827 2271 2054 2305 possessionibus
2073 2279 2143 2305 quas
2155 2271 2190 2297 ad
2203 2272 2278 2305 ipsos

1266 2320 1411 2354 pertinere
1429 2322 1562 2346 asserunt
1579 2320 1608 2346 in
1629 2322 1723 2346 castro
1744 2319 1878 2346 Marthae,
1896 2320 1973 2353 (ltec.
1992 2320 2036 2351 27,
2058 2319 2108 2346 fol.
2131 2321 2172 2352 52,
2191 2324 2223 2346 n⁰
2240 2321 2278 2347 35.

1307 2423 1321 2438 «
1339 2435 1358 2442 ..
1377 2413 1516 2452 episcopo
1538 2411 1726 2441 Viterbiensi.
1745 2412 1829 2442 Cum
1851 2411 1890 2440 ad
1911 2412 2057 2441 nos-tram
2073 2410 2277 2441 audientiam

1264 2466 1473 2503 pervenisset
1487 2466 1575 2504 quod
1592 2465 1625 2495 in
1645 2465 1811 2498 domibus,
1831 2465 1940 2499 terris,
1958 2463 2078 2499 vineis,
2094 2464 2277 2502 possessio-

1265 2518 1376 2552 nibus,
1399 2518 1542 2556 piscaria
1558 2527 1595 2547 ac
1610 2518 1685 2547 aliis
1700 2517 1909 2556 pertinentiis
1927 2524 1990 2554 que
2008 2516 2159 2546 Romana
2175 2516 2275 2546 eccle-

1232 2589 1234 2600 .
1265 2571 1315 2601 sia
1337 2571 1462 2601 obtinet
1481 2571 1514 2600 in
1533 2572 1640 2601 castro
1658 2570 1797 2604 Marthe,
1819 2569 1907 2607 quod
1925 2570 1974 2598 est
1992 2569 2082 2598 sedis
2097 2569 2275 2607 apostolice

1263 2624 1419 2662 speciale,
1432 2624 1584 2654 nonnulli
1596 2624 1651 2662 jus
1663 2623 1728 2652 sibi
1742 2622 1977 2652 contenderent.
2001 2621 2189 2655 vendicare,
2203 2629 2274 2655 nos,

1259 2677 1336 2715 jura
1358 2676 1465 2715 ipsius
1487 2676 1624 2706 ecclesie
1649 2676 1695 2705 sic
1715 2675 1930 2704 manutenere
1950 2682 1986 2703 ac
2004 2681 2200 2703 conservare
2219 2681 2272 2702 vo-

1263 2730 1381 2764 lentes,
1409 2731 1444 2759 ut
1470 2730 1504 2759 in
1526 2729 1600 2767 jure
1625 2737 1685 2758 suo
1713 2727 1796 2757 1111111
1824 2727 2010 2757 molestiam
2039 2726 2089 2756 vel
2115 2726 2272 2764 inJuriani

1262 2783 1437 2818 faciamus,
1464 2783 1581 2813 dilecto
1607 2782 1675 2811 11110
1700 2780 1858 2819 magistro
1880 2779 2040 2817 Gregorio
2057 2779 2096 2809 de
2119 2779 2272 2817 Neapoli,

1263 2836 1467 2867 subdiacono
1482 2837 1513 2866 et
1525 2835 1695 2874 capellano
1712 2835 1835 2868 nostro,
1851 2832 1974 2863 nostris
1989 2833 2141 2863 dedimus
2153 2833 2273 2864 litteris

1264 2889 1298 2920 in
1314 2889 1491 2924 mandatis,
1510 2890 1544 2918 ut
1557 2888 1626 2926 ipse
1643 2886 1861 2925 personaliter
1877 2886 1918 2915 ad
1934 2885 2042 2916 locum
2058 2885 2167 2924 ipsum
2185 2893 2273 2916 acce-

1263 2942 1357 2977 dens,
1371 2951 1429 2981 per
1444 2942 1516 2973 loca
1529 2940 1763 2978 circumposita
1780 2939 1811 2969 in
1827 2939 1950 2977 quibus
1963 2938 2118 2977 expedire
2133 2938 2271 2971 videret,
