2547 3289
221 219 261 250 50
1024 214 1250 246 nnffls‘rRE
1272 207 1486 246 CAMERAL

222 300 456 332 Bonaventura
470 301 563 335 -,ut
578 300 612 330 in
627 299 734 340 prima
750 307 809 339 per
822 301 938 336 totum,
948 299 1083 330 mutatis
1099 300 1226 330 mutan-

219 353 282 385 diS.
301 366 317 383 »

287 526 356 556 175
757 524 880 556 Orvieto,
901 525 931 550 13
945 525 1059 551 octobre
1080 526 1154 552 ¹263.

254 608 364 635 Similis
385 608 529 635 sententia
549 616 599 643 pro
616 609 725 635 eisdem
747 609 775 635 in
799 608 1047 643 archiepiscopum
1070 609 1225 636 Rothoma-

216 664 334 692 gensem
351 658 379 683 et
394 656 545 684 nonnullos
561 656 622 692 ejus
638 657 844 692 suffraganeos.
861 657 937 691 (Rae.
955 659 1000 689 27,
1017 657 1066 685 fol.
1083 658 1127 691 44,
1139 666 1170 684 no
1189 660 1225 691 1.)

257 743 270 758 «
299 731 434 771 Osficz'ali
455 732 631 762 Parisiensi.
648 732 770 763 Dilecti
788 732 850 763 filii
873 733 1107 764 Bonaventura
1122 751 1172 768 —-‚
1191 734 1226 763 ut

216 785 247 815 in
265 785 372 824 prima
386 794 444 824 per
458 786 574 821 totum,
591 785 704 817 verbis
720 786 943 825 competenter
960 786 1107 816 mutatis.
1125 798 1140 814 »

281 972 353 1003 176
750 970 875 1002 Orvieto,
890 972 924 997 26
940 970 1054 997 octobre
1076 971 1152 997 1263.

246 1054 357 1080 Similis
386 1053 529 1080 sententia
556 1062 605 1088 pro
632 1054 832 1080 Bonavcntura
857 1053 1039 1085 Bernardini‚
1070 1054 1223 1080 Francisco

209 1103 300 1135 Guidi,
312 1102 411 1129 Vivolo
432 1103 597 1135 Salvanfflli,
615 1103 743 1129 Ventura
757 1103 868 1129 Cambii
884 1105 913 1129 ct
928 1102 992 1129 aliis
1005 1110 1106 1129 eorum
1124 1103 1222 1134 sociis,

210 1151 317 1178 civibus
342 1153 370 1177 et
395 1151 604 1177 mercatoribus
632 1151 816 1182 Senensibus,
846 1152 947 1177 eontra
972 1150 1220 1185 archiepiscopum

210 1200 421 1227 Arelatenscin.
440 1200 517 1233 (linc.
536 1200 581 1232 27,
599 1199 647 1226 sol.
665 1200 710 1231 44,
730 1207 764 1226 n⁰
776 1199 814 1234 2,)

258 1308 273 1325 «
291 1296 448 1336 Episcopo
464 1295 683 1336 Maqalonenszx
707 1296 828 1327 Dilecti
848 1296 909 1326 filii
925 1296 1159 1327 Bonaventura
1174 1313 1222 1327 —.

210 1350 334 1381 Datum
349 1350 437 1389 apud
453 1350 738 1386 Urbemveterem,
764 1359 810 1380 vn
834 1349 994 1380 kalendas
1017 1349 1219 1380 novembris.

215 1410 302 1433 anno
317 1402 424 1434 tertio.
444 1414 459 1430 >›

249 1515 264 1531 «
287 1504 326 1534 In
344 1512 372 1534 e.
392 1512 436 1534 m.
455 1503 561 1535 eidem
579 1504 733 1543 episcopo
754 1503 981 1543 Magalonensi
1000 1504 1114 1534 eontra
1133 1525 1153 1533 ..
1173 1511 1221 1533 ar-

207 1556 455 1596 chiepiscopum
473 1556 778 1587 Terrachonensem
792 1558 823 1587 et
837 1556 1063 1595 suffraganeos
1076 1564 1112 1585 ae
1120 1555 1216 1591 alios,

207 1610 269 1641 sub
286 1610 361 1641 data
383 1611 471 1650 apud
493 1610 778 1646 Urbemveterem,
795 1620 815 1639 v
837 1610 998 1641 kalendas
1026 1609 1219 1640 novembris

212 1671 298 1693 anno
310 1663 418 1693 tertio.
444 1675 458 1690 »

273 1836 344 1868 17⁷
742 1832 867 1866 Orvieto‚
883 1833 916 1858 25
934 1833 1049 1860 octobre
1068 1834 1145 1861 1263.

241 1917 342 1944 Simile
358 1916 527 1943 mandatum
544 1915 676 1950 episeopo
692 1914 853 1941 Castellauo
865 1923 917 1949 pro
931 1915 1132 1942 Bonaventura
1148 1916 1215 1941 Ber-

205 1966 330 1999 nardini,
353 1965 503 1992 Francisco
525 1964 617 1997 Guidi,
638 1964 740 1990 Jacobo
762 1963 872 1995 Rmnei,
889 1964 992 1990 Jacobo
1011 1963 1217 1996 ildebrandini,

205 2015 337 2050 Gregorio
354 2015 429 2041 dicto
448 2013 596 2044 Gonnelta,
618 2012 778 2039 Martinello
799 2012 899 2043 Rubei,
918 2012 1102 2039 (lastraleoue
1121 2013 1213 2047 Ilugo-

205 2063 256 2090 lini
276 2065 304 2090 et
319 2063 384 2089 aliis
402 2070 501 2089 corum
520 2061 615 2093 sociis,
631 2060 740 2087 civibus
753 2062 781 2087 et
797 2061 1006 2087 mercatoribus
1026 2061 1216 2093 Senensibus,

204 2114 305 2139 contra
321 2111 518 2146 patriarcham
540 2110 762 2144 Aquilegensem
783 2110 811 2136 et
828 2109 980 2136 nonnullos
998 2109 1060 2144 ejus
1077 2109 1217 2144 suffraga-

205 2169 283 2188 neos.
303 2160 380 2193 (Rae.
398 2161 443 2192 27,
458 2159 507 2186 sol.
523 2159 567 2191 44,
585 2166 618 2185 no
634 2158 672 2192 3.)

245 2274 260 2291 «
283 2285 303 2293 ..
323 2263 461 2302 episcopo
486 2260 669 2292 Castellano.
690 2260 809 2291 Dilecti
829 2260 890 2291 filii
913 2261 1149 2291 Bonaventura
1165 2276 1215 2291 —-.

204 2316 326 2347 Datum
341 2315 430 2355 apud
447 2315 730 2351 Urbemveterem,
752 2322 811 2343 v111
835 2313 995 2344 kalendas
1011 2313 1214 2350 novembris,

203 2377 292 2400 anno
307 2369 414 2399 tertio.
440 2379 455 2394 »

271 2551 342 2582 17ss
743 2548 866 2582 Orvieto,
883 2549 917 2575 26
934 2549 1046 2575 octobre
1066 2548 1143 2575 ¹203.

241 2607 341 2634 Simile
375 2607 544 2634 mandatum
575 2615 625 2641 pro
656 2606 855 2633 Bonuventura
886 2606 1054 2632 Bernardini
1078 2608 1105 2632 et
1128 2606 1212 2633 sociis

201 2656 303 2682 contra
319 2655 442 2682 electum
460 2655 678 2689 Lugdunensem
694 2656 723 2682 et
733 2654 884 2682 nonnullos
901 2654 989 2689 ipsius
1007 2654 1210 2689 suffraganeos.

201 2704 280 2735 (Rae.
300 2704 346 2738 27,
365 2704 413 2731 sol.
432 2704 477 2738 44,
494 2712 526 2731 no
542 2704 581 2739 4.)

240 2802 255 2818 α
276 2814 297 2822 ..
314 2792 528 2822 arclzideczcono
544 2797 573 2822 ct
597 2816 617 2824 ..
637 2791 767 2832 officiali
788 2791 994 2822 Trecensibus.
1012 2791 1133 2822 Dilecti
1149 2791 1211 2822 filii

198 2843 432 2875 Bonaventnra
453 2862 502 2876 —.
526 2845 649 2876 Datum
667 2844 754 2884 apud
780 2844 1064 2880 Urbemveterem‚
1090 2852 1137 2873 vu
1154 2844 1208 2875 ka-

199 2896 309 2927 endas
326 2898 529 2933 novembris,
545 2906 632 2929 anno
648 2897 756 2929 tertio.
776 2909 790 2924 υ

1516 300 1604 335 Super
1618 300 1767 333 colliyenda
1782 302 1897 335 pecunia
1913 309 1959 328 seu
1974 309 2065 329 censu.

1790 376 1914 408 Orvieto,
1934 378 1959 403 11
1978 378 2132 404 novembre
2149 379 2226 405 ¹202.

1356 377 1427 408 179

1323 456 1460 491 Episcopo
1480 456 1674 491 Magalonensi
1693 456 1813 482 mandat
1836 458 1867 483 ut
1886 464 2005 483 censum
2026 458 2061 484 ab
2081 458 2141 492 ipso
2161 458 2298 486 ecclesiae

1287 505 1434 532 Romanae
1451 514 1500 540 pro
1517 505 1608 531 tribus
1623 505 1706 531 annis
1721 505 1849 531 debitum
1865 506 1950 532 certis
1969 507 2176 533 mercatoribus
2194 508 2298 534 Senen-

1285 554 1362 581 sibus
1380 554 1518 588 assignet.
1539 554 1616 585 (1110.
1632 555 1677 586 27,
1694 554 1741 580 fol.
1760 553 1793 579 »19
1806 554 1825 585 ¹,
1844 561 1876 579 no
1894 555 1929 585 1.)

1329 640 1344 655 «
1363 651 1382 658 ..
1401 629 1542 669 episcopo
1556 628 1776 668 Jlaqalonensi.
1793 630 1877 659 Cum
1894 637 2014 659 census
2030 638 2162 660 annuus
2179 630 2298 669 viginti

1285 689 1471 711 marcarum
1496 682 1731 719 sterlingorum
1753 690 1771 712 a
1787 683 1817 712 te
1832 682 1982 712 Romane
1998 682 2136 712 ecclesie
2153 682 2297 719 debitus,

1284 742 1344 772 pro
1368 734 1499 764 duobus
1514 735 1554 764 de
1570 735 1715 773 tempore
1738 731 1844 765 selici's
1861 734 2099 765 recordationis
2115 735 2297 766 Alexandri

1283 794 1379 826 pape,
1394 786 1638 824 predecessoris
1662 788 1818 824 nostri‚et
1840 788 1948 826 primo
1965 787 2178 826 pontificatus
2194 788 2298 818 nostri

1284 838 1381 868 annis
1399 847 1461 868 non
1476 839 1575 869 fuerit
1589 839 1790 878 persolutus,
1802 840 2039 871 fraternitatem
2056 842 2146 870 tuam
2160 841 2299 879 requiri-

1284 899 1359 920 mus
1372 892 1403 921 et
1421 900 1608 926 monemus,
1624 901 1682 930 per
1696 893 1876 931 apostolica
1891 893 1947 923 tibi
1964 893 2086 932 scripta
2102 893 2297 923 mandantes

1283 943 1440 981 quatinus
1461 952 1597 974 censum
1619 944 1729 983 ipsum
1746 954 1805 983 pro
1824 946 1930 976 tribus
1948 946 2045 976 annis
2061 946 2219 984 predictis
2242 946 2299 977 Vi-

1284 996 1359 1027 volo
1375 997 1557 1027 Salvanelli
1577 998 1608 1027 et
1624 997 1767 1028 Venture
1781 998 1964 1033 Benedicti,
1984 999 2084 1028 sociis
2100 999 2298 1029 dilectorum

1283 1049 1431 1080 filiorum
1448 1050 1608 1088 Raynerii
1623 1050 1752 1086 Jacobi,
1770 1050 1940 1081 Francisci
1957 1051 2059 1081 Guidi
2079 1053 2109 1081 et
2125 1052 2296 1083 Bonaven-

1282 1103 1354 1133 ture
1368 1103 1577 1138 Bernardini,
1594 1103 1718 1133 civium
1735 1105 1766 1134 et
1782 1105 2002 1134 mercatorum
2015 1104 2227 1140 Senensiuim
2244 1103 2298 1136 vel

1282 1164 1397 1186 eorum
1416 1156 1508 1186 alteri
1527 1157 1583 1186 aut
1599 1157 1686 1186 certo
1708 1156 1823 1187 nuntio
1848 1157 2028 1187 eorundem
2048 1158 2220 1196 presentes
2237 1156 2299 1187 tibi

1282 1208 1409 1239 litteras
1433 1208 1605 1244 deferenti,
1636 1210 1747 1239 nostro
1770 1211 1801 1239 et
1827 1209 1965 1239 ecclesie
1983 1209 2127 1248 predicte
2150 1209 2297 1244 nomine,

1283 1261 1355 1292 sine
1371 1261 1530 1292 dilatione
1546 1270 1582 1291 ac
1597 1262 1792 1292 difficultate
1813 1262 1970 1300 qualibet,
1991 1262 2163 1300 assignare
2179 1271 2297 1301 procu-

1282 1323 1346 1350 res,
1371 1314 1415 1345 ita
1435 1315 1524 1353 quod
1547 1323 1606 1345 nos
1629 1315 1839 1345 devotionem
1866 1317 1957 1345 tuam
1979 1315 2160 1345 debeamus
2177 1315 2297 1346 exinde

1282 1368 1399 1398 merito
1429 1367 1671 1403 commendare,
1687 1368 1909 1406 rescripturus
1927 1367 2025 1398 nobis
2041 1367 2128 1398 diem
2148 1368 2297 1407 assigna-

1280 1420 1382 1451 tionis
1396 1422 1426 1451 et
1441 1421 1599 1460 quiequid
1616 1421 1693 1452 inde
1706 1421 1842 1451 duxeris
1861 1421 2059 1451 faciendum.
2073 1421 2197 1451 Datum
2209 1422 2297 1461 apud

1280 1473 1567 1508 Urbemveterem,
1585 1483 1622 1502 111
1646 1473 1722 1503 idus
1736 1473 1941 1510 novembris,
1955 1474 2168 1512 pontificatns
2192 1475 2297 1505 nostri

1281 1535 1368 1557 anno
1383 1527 1540 1557 secundo.
1563 1537 1577 1553 υ

1800 1679 1924 1712 Orvieto,
1941 1680 1955 1705 5
1971 1679 2126 1706 novembre
2145 1681 2224 1707 ¹262.

1346 1681 1419 1713 180

1315 1760 1538 1794 Archiepiscopo
1553 1758 1760 1794 Burdegatensi
1779 1759 1898 1786 mandat
1913 1761 1941 1786 ut
1959 1759 2111 1793 pecuniam
2129 1759 2156 1786 in
2173 1760 2294 1787 61111500-

1278 1808 1327 1835 nia
1336 1808 1488 1834 collectam
1501 1810 1528 1834 et
1540 1808 1665 1834 debitam
1678 1808 1824 1834 Romanae
1834 1807 1972 1834 ecclesiae
1984 1808 2071 1834 certis
2086 1809 2294 1836 mercatoribus

1279 1857 1453 1884 Senensibus
1468 1857 1605 1891 assignet.
1626 1856 1704 1890 (Rae.
1721 1858 1766 1887 27,
1783 1856 1832 1883 t'ol.
1850 1856 1895 1887 49,
1912 1861 1943 1882 n⁰
1959 1857 1997 1890 2.)

1320 1943 1335 1959 «
1355 1955 1373 1962 ..
1392 1931 1616 1971 archiepiscopo
1640 1929 1871 1969 Burdeqalense'.
1891 1930 1975 1961 Cum
1993 1931 2033 1961 de
2049 1931 2176 1961 decima
2193 1931 2294 1963 eccle·

1279 1985 1491 2016 siasticorum
1525 1986 1748 2023 proventuum
1774 1985 1804 2014 et
1826 1983 2113 2022 redemptionibus
2139 1986 2294 2015 votorum

1278 2038 1583 2076 crucesignatorum
1598 2037 1632 2067 in
1649 2036 1851 2072 Guasconia,
1868 2045 2009 2075 quarum
2022 2037 2172 2068 cellectio
2188 2046 2292 2076 quon-

1278 2091 1354 2121 dam
1374 2090 1531 2129 magistro
1557 2090 1742 2124 Rostando,
1767 2089 1939 2129 capellano
1956 2089 2045 2120 sedis
2063 2090 2255 2128 apostolice,
2275 2099 2294 2121 a

1277 2144 1386 2174 felicis
1418 2143 1655 2174 recordationis
1684 2143 1724 2172 A.
1764 2151 1870 2181 papa,
1901 2143 2133 2182 predecessore
2168 2145 2292 2178 nostro,

1277 2197 1457 2227 commissa
1482 2197 1600 2231 fuerat,
1623 2204 1681 2235 per
1705 2196 1856 2226 diversos
1875 2196 2078 2229 collectores,
2098 2205 2180 2234 quos
2203 2196 2291 2227 idem

1277 2250 1470 2289 capellanus
1496 2250 1536 2279 ad
1564 2249 1625 2279 hoc
1649 2249 1875 2287 deputaverat,
1901 2257 1966 2279 non
1994 2249 2124 2278 modica
2150 2249 2291 2288 pecunie

1276 2304 1457 2343 quantitate
1480 2302 1628 2335 collecta,
1658 2310 1735 2340 pars
1761 2302 1913 2340 quedam,
1940 2301 2025 2332 sicut
2050 2302 2290 2338 intelleximus,

1275 2356 1473 2388 remanserit
1506 2356 1539 2385 in
1566 2355 1692 2386 eisdem
1722 2354 1872 2393 partibus
1902 2354 2105 2393 collig0nda3
2138 2355 2292 2386 nonnulli

1274 2410 1373 2440 etiam
1388 2417 1508 2440 census
1525 2409 1565 2438 ab
1582 2407 1751 2446 aliquibus
1767 2407 1977 2437 monasteriis
1993 2409 2023 2437 et
2046 2408 2196 2438 ecclesiis
2213 2408 2291 2438 alia-

1274 2471 1338 2501 que
1366 2463 1465 2492 etiam
1494 2461 1638 2501 plurima
1664 2469 1706 2491 ex
1733 2460 1877 2490 diversis
1905 2461 2015 2490 causis
2045 2462 2074 2491 et
2103 2461 2288 2491 rationibus

1274 2517 1425 2547 Romane
1451 2514 1589 2545 ecclesie
1607 2514 1759 2544 acTerre
1783 2514 1902 2544 Sancte
1929 2514 1962 2543 in
1987 2513 2112 2543 eisdem
2138 2513 2289 2553 partibus

1273 2569 1467 2603 debeantur,
1497 2576 1557 2598 nos
1576 2567 1616 2597 de
1635 2566 1770 2605 probate
1794 2568 1847 2596 tue
1876 2567 2049 2605 probitatis
2070 2567 2234 2598 industria
2252 2575 2289 2598 ac

1272 2622 1337 2652 fide
1363 2621 1507 2651 sollicita
1535 2620 1750 2655 confidentes,
1780 2620 1975 2650 fraternitati
2004 2622 2058 2650 tue
2083 2620 2287 2659 presentium

1273 2674 1466 2705 auctoritate
1481 2673 1722 2703 committimus
1734 2674 1762 2703 ct
1774 2673 1972 2703 mandamus
1985 2673 2141 2711 quatinus
2157 2680 2206 2707 ea,
2224 2680 2287 2711 que

1273 2728 1312 2758 de
1329 2726 1486 2765 predictis
1500 2726 1627 2756 decima
1645 2727 1675 2756 et
1694 2725 1979 2765 redemptionibus
1996 2726 2029 2756 in
2046 2725 2172 2756 eisdem
2187 2725 2286 2764 parti-

1273 2780 1336 2810 bus
1355 2779 1542 2817 colligenda
1566 2780 1758 2818 supersunt,
1781 2779 1891 2817 colligi
1922 2777 2228 2817 faeiens‚quicquid
2245 2777 2285 2809 de

1302 2859 1325 2882 1.
1345 2859 1382 2883 La
1397 2858 1560 2890 paginatiou
1577 2858 1710 2882 ancienne
1723 2857 1759 2882 du
1772 2858 1897 2889 ltegistre
1911 2865 1992 2888 passo
2009 2857 2042 2881 ici
2056 2857 2088 2880 de
2102 2857 2127 2880 la
2142 2863 2208 2888 page
2224 2857 2253 2880 Η
2269 2857 2283 2881 a

1270 2904 1297 2928 la
1310 2909 1378 2934 page
1392 2904 1429 2927 19.
