2547 3289
1108 236 1344 274 uncxit-:ME
1365 236 1529 273 ANNEE.
2304 244 2357 272 ¹75

273 331 502 362 ecclesiastice
522 342 558 361 ac
578 331 716 369 pacifico
739 332 827 361 statu
849 330 998 360 fidelium
1023 329 1115 358 illius
1134 337 1289 367 pervaso·
1318 350 1319 365 ἶ

273 383 369 414 ribus
390 386 421 414 et
438 384 633 422 hujusmodi
652 383 908 422 perversoribus
925 392 959 412 se
982 382 1131 421 opponit,
1151 383 1179 411 et
1203 381 1289 410 infra

273 437 463 475 predictum
482 436 605 466 festum
623 436 881 474 Assumptionis
906 435 1000 465 beate
1022 434 1173 471 Virginis
1196 442 1289 472 pres·
1319 475 1320 481 ἵ

272 490 415 520 titerunt
433 490 472 519 ‹le
497 490 646 528 parendo
666 498 767 528 super
785 489 947 528 predictis
974 488 1140 517 mandatis
1163 487 1289 516 nostris

273 544 306 573 et
330 543 438 581 ipsius
463 543 604 573 ecclesie
620 543 862 581 juramentum,
887 550 989 580 seque
1007 541 1046 570 de
1068 540 1290 570 observandis

274 596 446 626 mandatis
474 595 669 634 hujusmodi
699 598 729 626 et
762 595 864 625 certis
898 594 1062 629 articulis,
1097 593 1159 622 sub
1189 593 1289 622 vertis·

272 657 359 688 pena
389 651 421 679 et
450 649 568 683 forma,
586 648 783 687 specialiter
809 647 1012 685 obligarunt,
1038 646 1287 684 promittentes.
1319 638 1321 677 ,³

275 700 338 730 sub
356 709 443 739 pena
460 701 603 730 duorum
622 700 756 730 milium
777 707 964 728 marcarum
984 698 1233 735 sterlingorum.
1254 706 1289 726 se

274 754 423 784 facturos
436 755 465 783 et
479 755 653 783 curaturos
667 753 754 791 quod
769 752 929 787 Moczius,
944 751 1125 781 Gualterus
1136 752 1165 779 et
1181 750 1290 779 Gerus

273 807 314 837 de
342 808 463 845 Burgo,
496 807 614 836 Castra
643 805 833 840 (jualt'redi,
865 805 1033 842 Hugettus
1060 807 1089 834 et
1116 803 1290 841 Spinellus
1320 823 1321 833 t

274 859 477 899 Symonetti,
498 858 700 888 Donatellus
724 860 754 887 et
776 857 894 887 Dulcis
910 856 1099 891 Octaviani,
1118 856 1290 886 Joliannes

274 912 443 947 Bonaviti,
465 911 605 942 Rubeus
626 910 827 945 Bacharelli,
856 910 969 948 Lapus
991 909 1148 943 Stibaidi,
1166 909 1288 938 ,lolian-

274 965 392 995 nutius
414 964 625 1003 Bajamontis
644 965 675 994 et
692 963 862 994 Ranutius
882 963 1035 1001 Ardingi,
1058 971 1174 992 eorum
1193 962 1287 995 socii,

269 1017 362 1048 cives
388 1019 420 1047 et
445 1018 651 1047 mercatores
670 1016 872 1049 Florentini,
901 1016 942 1045 ad
967 1015 1108 1045 ecclesie
1131 1015 1288 1044 mandata

270 1069 427 1099 redibunt
441 1071 472 1098 et
487 1069 686 1107 prestabant
706 1069 1048 1107 similiajuramenta,
1069 1076 1104 1097 sc
1118 1067 1159 1096 ad
1178 1067 1288 1097 obser-

271 1122 443 1152 vationem
463 1122 700 1151 mandatorum
719 1124 913 1151 nostrorum
933 1123 963 1151 et
990 1120 1211 1150 articulorum
1230 1119 1288 1149 hu-

269 1175 432 1214 jusmodi,
449 1174 511 1204 sub
527 1183 613 1214 pena
631 1175 775 1204 duorum
794 1174 929 1204 milium
947 1182 1136 1203 marcarum
1156 1172 1287 1202 sterlin-

271 1236 392 1267 gorum
417 1228 514 1257 nobis
543 1229 574 1258 et
600 1228 709 1257 eidem
738 1227 880 1257 ecclesie
905 1227 1066 1257 similiter
1094 1225 1285 1265 obligando,
1317 1234 1318 1243 ¹

272 1283 372 1320 prout
392 1282 425 1311 in
444 1281 670 1311 instrumento
699 1280 846 1319 publico,
872 1281 948 1310 inde
969 1280 1131 1316 confecto,
1153 1279 1288 1318 plenius

273 1335 476 1368 continetur,
493 1335 588 1373 cujus
604 1335 757 1364 tenorem
777 1333 873 1364 vobis
890 1333 952 1363 sub
970 1333 1063 1363 bulla
1082 1335 1197 1362 nostra
1216 1333 1289 1362 mit-

272 1387 378 1418 timus
404 1388 638 1418 interclusum.
664 1388 735 1418 Nos
763 1389 888 1423 autem,
909 1387 965 1426 qui
986 1395 1077 1416 more
1095 1388 1235 1424 paterno
1254 1386 1288 1416 in

273 1441 385 1471 reditu
414 1442 575 1477 filiorum,
595 1450 680 1480 quos
700 1449 793 1471 error
818 1450 836 1470 a
857 1441 1035 1470 devotione
1060 1439 1286 1476 subtraxerat,

273 1495 493 1531 delectamur,
520 1494 716 1533 aperuimus
743 1495 793 1524 eis
817 1496 886 1524 tam
905 1495 1043 1533 paterne
1061 1493 1167 1532 gratie
1187 1502 1288 1531 quam

274 1549 423 1578 materne
446 1548 720 1578 mansuetudinis
744 1547 896 1586 amplum
917 1547 1041 1582 sinum,
1069 1556 1104 1576 ac
1126 1545 1288 1585 predictis

271 1601 372 1631 Dulci
401 1603 431 1631 et
464 1601 588 1631 Boldro
618 1601 658 1631 de
682 1602 792 1640 Burgo
819 1609 856 1630 ac
876 1601 1008 1639 Hugoni
1037 1599 1198 1635 Monaldi,
1230 1599 1287 1637 qui

271 1655 351 1684 tunc
378 1656 554 1693 presentes
584 1655 734 1690 aderant,
763 1654 804 1684 ab
836 1654 1030 1692 hujusmodi
1057 1655 1087 1684 et
1117 1653 1288 1683 universis

272 1708 663 1738 excommunicationum
698 1709 730 1738 et
764 1707 934 1738 interdicti
974 1707 1171 1742 sententiis,
1203 1714 1287 1744 quas

272 1760 459 1798 apostolica
477 1760 575 1790 sedes
589 1760 623 1789 in
639 1760 730 1790 cives
746 1760 962 1790 Florentinos
979 1761 1009 1789 et
1027 1768 1143 1789 eorum
1161 1761 1286 1789 terrani

273 1814 412 1851 propter
437 1813 607 1851 premissa
633 1813 836 1851 generaliter
864 1812 1101 1851 promulgavit,
1130 1811 1285 1847 fecimus,

268 1866 369 1905 juxta
396 1866 540 1896 formam
569 1866 721 1903 ecclesie,
748 1866 949 1896 beneficium
975 1865 1200 1896 absolutionis
1228 1865 1287 1894 im-

270 1919 385 1958 pendi.
404 1919 550 1958 Ideoque
562 1919 759 1949 discretioni
770 1921 881 1949 vestre
895 1928 955 1958 per
965 1918 1150 1957 apostolica
1162 1918 1288 1956 scripta

271 1972 473 2002 mandamus
495 1974 662 2011 quatenus
682 1981 741 2003 vos
765 1973 819 2002 vel
840 1972 924 2002 alter
945 1961 1096 2002 restrum
1114 1971 1287 2010 recipiatis

271 2038 291 2059 a
306 2025 467 2064 predictis
483 2025 632 2056 Johanne
657 2025 812 2056 Donaviti
839 2027 869 2056 et
887 2025 1005 2056 Rubeo
1027 2025 1227 2059 Bacharelli‚
1252 2025 1286 2054 in

269 2078 426 2117 partibus
446 2079 556 2109 Gallie
575 2079 876 2113 commorantibus,
896 2079 936 2109 de
956 2078 1076 2109 stando
1094 2087 1195 2117 super
1212 2086 1287 2117 pie
1317 2099 1318 2104 ,

270 2132 389 2162 missis
415 2132 586 2163 mandatis
612 2133 738 2163 nostris
763 2134 794 2162 et
820 2132 961 2162 ecclesie
983 2132 1227 2171 juramentum,
1256 2133 1287 2162 et

270 2185 513 2216 nichilominus
531 2188 647 2216 nostro
665 2186 802 2216 nomine
819 2186 969 2216 similem
987 2185 1228 2225 obligationem
1247 2185 1286 2215 de

270 2238 442 2269 mandatis
458 2240 585 2269 nostris
605 2242 636 2269 et
655 2239 808 2270 articulis
825 2239 1021 2278 hujusmodi
1042 2238 1287 2269 inviolabiliter

271 2291 509 2328 observandisg
535 2301 660 2332 eosque
684 2293 815 2330 deinde,
840 2292 939 2332 juxta
961 2292 1106 2322 formam
1131 2292 1285 2328 ecclesie,

271 2345 389 2375 eadem
409 2346 606 2376 auctoritate
622 2345 663 2376 ab
677 2345 873 2385 hujusmodi
891 2345 1070 2376 sententiis
1087 2345 1286 2381 absolvatis,

271 2397 435 2429 facientes
459 2399 498 2429 de
524 2399 591 2429 hiis
610 2399 729 2429 confici
746 2399 922 2438 publicum
947 2399 1214 2429 instrumentum
1234 2399 1287 2429 vel

272 2452 429 2490 patentes
446 2452 578 2482 litteras
601 2453 782 2483 autenticis
800 2452 925 2492 sigillis
942 2452 1105 2488 munitas,
1123 2452 1210 2495 illud
1234 2452 1287 2482 vel

272 2504 352 2535 illas
367 2504 466 2535 nobis
478 2505 623 2536 fideliter
638 2506 888 2536 transmissuri.
905 2506 1037 2541 Quibus
1051 2506 1114 2536 rite
1128 2506 1286 2544 peractis,

271 2559 343 2588 tam
353 2558 489 2588 eosdem
503 2558 689 2589 Johannem
705 2559 861 2589 Bonaviti
877 2560 909 2589 et
923 2558 1080 2589 Rubeum
1099 2558 1287 2589 Bacharelli

272 2619 375 2650 quam
390 2611 498 2642 dictos
513 2611 667 2648 Dulcem,
679 2612 841 2642 Boldrum
855 2613 887 2642 et
898 2612 1088 2651 Hugonem,
1100 2621 1160 2650 per
1174 2612 1288 2642 omnia

271 2664 358 2701 loca,
379 2664 413 2694 in
440 2663 565 2703 quibus
590 2664 657 2703 ipsi
682 2665 862 2701 voluerint,
890 2673 950 2703 per
974 2674 1034 2695 vos
1060 2667 1092 2695 et
1113 2673 1173 2704 per
1201 2665 1287 2695 alios

272 2717 483 2748 denuntietis
507 2725 525 2747 a
546 2718 709 2756 predictis
728 2718 907 2748 sententiis
926 2717 1101 2748 absolutos
1123 2719 1155 2748 et
1174 2718 1215 2748 ad
1233 2718 1288 2748 de-

271 2770 445 2801 votionem
463 2769 573 2808 ipsius
590 2770 732 2801 ecclesie
751 2771 908 2804 rediisse,
928 2770 1100 2801 universis
1120 2772 1151 2801 et
1174 2771 1288 2810 singu—

273 2823 320 2854 lis
342 2823 496 2862 ipsorum
517 2822 728 2853 debitoribus
752 2825 784 2854 et
808 2823 967 2854 omnibus
984 2824 1024 2854 de
1046 2823 1146 2854 bonis
1171 2832 1287 2854 eorum

273 2876 489 2911 habentibus,
507 2876 742 2916 undecumque
759 2878 792 2908 et
812 2877 1054 2916 cujuscumque
1073 2878 1193 2913 status,
1214 2886 1289 2907 con·
1317 2887 1319 2920 ᾗ

1351 327 1540 357 mandando
1575 327 1764 356 districtius
1793 328 1840 362 ut,
1871 326 2062 364 hujusmodi
2095 326 2292 356 inhibitione
2322 336 2358 355 aie

1352 389 1510 418 processu
1530 380 1656 409 nostris
1675 381 1837 418 quantum
1857 380 1895 409 ad
1915 388 1972 409 cos
1993 388 2204 417 nequaquam
2225 379 2358 409 obstan·

1350 433 1453 469 tibus,
1478 433 1741 463 ‹1‹=1›ita‹›t}›0na
1763 433 1914 471 ipsorum
1931 433 2080 462 totaliter
2097 433 2146 461 eis
2167 433 2356 465 restituant,

1351 495 1409 515 nec
1435 486 1489 515 illa
1519 487 1677 524 deinceps
1704 488 1875 524 tamquam
1900 487 2076 518 arrestata,
2094 485 2267 514 occasione
2286 494 2358 523 pre-

1351 540 1450 571 dirta,
1472 540 1620 569 detincre
1648 541 1854 577 presumant.
1882 539 1916 568 si
1944 539 1999 578 qui
2033 541 2144 569 autem
2169 538 2359 577 hujusmodi

1351 593 1596 621 denuntiationi
1621 594 1650 621 et
1680 593 1836 621 inundato
1862 593 1987 621 nostris
2004 591 2282 627 contradixerint,
2300 600 2361 620 vos

1352 654 1408 674 eos
1436 648 1469 674 ut
1489 655 1506 674 a
1531 645 1588 674 tali
1610 654 1747 683 prorsus
1774 646 2036 675 contradictione
2056 645 2233 680 desistant,
2255 644 2361 674 moni-

1352 698 1442 727 tione
1466 699 1642 736 premissa.
1664 707 1722 736 por
1745 707 1919 727 ‹fs-nsuraui
1946 698 2222 731 ecclesiasticam,
2249 697 2362 735 appel-

1352 750 1477 779 latione
1496 751 1695 787 postposita.
1721 751 1944 788 roinswllatis.
1968 751 2090 780 Datum
2109 750 2197 788 apud
2220 749 2360 779 Urbem—

1352 804 1512 837 veterem,
1532 803 1629 832 nonis
1648 803 1796 841 augusti,
1814 813 1899 833 auno
1919 804 2075 833 secundo.
2096 814 2110 831 i)

1441 976 1513 1006 333
1934 974 2056 999 tetri-ictu.
2078 976 2110 1000 :7
2128 976 2193 1000 aout
2215 975 2288 1001 isstissi.

1385 1064 1422 1089 De
1446 1063 1626 1089 absolutionc
1646 1061 1751 1088 civium
1775 1062 2008 1088 Florentinoruni
2033 1062 2211 1088 redeuntium
2230 1063 2263 1088 :nt
2285 1071 2362 1088 uian-

1349 1113 1413 1139 data
1431 1112 1582 1139 ecclcsiae.
1601 1112 1694 1143 mee..
1713 1114 1757 1138 243,
1774 1111 1842 1137 anni
1859 1112 1892 1141 11,
1911 1116 1942 1137 n⁰
1959 1113 2023 1144 225,
2041 1111 2090 1138 sol.
2114 1112 2185 1144 123.)

1389 1217 1404 1232 «
1424 1228 1444 1235 ..
1462 1205 1565 1234 abbati
1586 1216 1610 1235 s.
1631 1204 1779 1243 Getici-ese
1797 1210 1823 1233 ec
1849 1203 1986 1233 ,Iohanni
2002 1204 2038 1233 (lc
2061 1204 2246 1239 Sarminelo,
2266 1204 2363 1242 capel-

1349 1259 1418 1288 lam)
1444 1263 1557 1292 nostro,
1581 1258 1725 1286 canonico
1750 1258 1928 1288 parisiensi.
1953 1258 2043 1288 Olim
2063 1258 2096 1286 in
2122 1257 2175 1286 die
2193 1260 2280 1287 [lene
2297 1258 2360 1288 Do-

1349 1312 1431 1341 mini
1451 1312 1606 1350 proximo
1624 1312 1785 1350 preterito
1803 1313 1879 1342 etc.,
1896 1313 1929 1340 ut
1950 1312 1983 1340 in
2002 1311 2159 1349 proxima
2176 1311 2359 1348 superiori,

1349 1373 1457 1403 usque
1472 1376 1476 1394 :
1492 1365 1577 1395 Sane
1590 1365 1792 1395 Cavalcante
1810 1365 1849 1394 de
1868 1364 1975 1397 Scala,
1987 1364 2097 1393 dictus
2109 1364 2225 1400 Caute,
2239 1364 2361 1401 Aynie-

1350 1417 1441 1447 ricus
1459 1418 1556 1453 Cose,
1576 1419 1694 1448 Petrus
1711 1418 1909 1451 Benincase‚
1931 1416 2078 1446 -Iacobus
2096 1416 2195 1446 Set-ca
2215 1419 2245 1446 et
2264 1417 2362 1454 Hugo

1350 1471 1463 1510 Spine,
1492 1472 1584 1501 cives
1611 1474 1642 1501 et
1667 1473 1873 1501 mercatores
1901 1470 2102 1504 Florentini,
2130 1469 2263 1507 reprobi
2289 1478 2362 1500 sen-

1351 1528 1409 1550 sus
1435 1520 1617 1558 dampnata
1646 1520 1759 1550 studia
1787 1522 1862 1555 etc.,
1887 1528 1994 1557 usque
2018 1528 2052 1548 se
2080 1518 2228 1548 facturos
2253 1520 2283 1548 et
2307 1528 2358 1548 cu-

1350 1576 1483 1604 raturos
1512 1574 1601 1612 quod
1623 1573 1770 1603 Jacobus
1794 1573 1897 1611 Spina
1924 1574 1955 1602 et
1973 1572 2166 1610 Tegliarius
2192 1572 2230 1601 de
2252 1572 2359 1608 Scala,

1348 1627 1532 1657 Mainettus
1548 1627 1662 1665 Spine,
1679 1626 1881 1656 Thomasius
1902 1625 2049 1664 Spiliati,
2068 1625 2240 1663 Campana
2259 1625 2362 1655 Fran-

1348 1680 1441 1715 cisct,
1455 1680 1627 1710 Lotterius
1645 1680 1844 1715 Benincase,
1865 1679 2057 1717 'l'egliarius
2070 1678 2254 1713 Amatoris,
2273 1679 2358 1708 Ruc-

1349 1743 1406 1763 cus
1435 1735 1466 1763 et
1490 1733 1607 1763 Dricta
1629 1732 1772 1768 Cambii,
1802 1732 1996 1771 Raynerius
2021 1731 2164 1761 Abbatis
2191 1733 2221 1761 et
2248 1731 2362 1769 Lapus

1348 1787 1534 1826 Aymerici,
1549 1795 1665 1816 eorum
1679 1786 1762 1816 socii
1776 1787 1805 1816 et
1817 1785 1982 1820 concives,
1998 1784 2187 1815 Florentini
2200 1786 2362 1814 mercato—

1348 1850 1414 1877 reS,
1427 1841 1467 1870 ad
1485 1840 1626 1870 ecclesie
1642 1839 1801 1870 mandata
1819 1839 1977 1869 redibunt
1996 1840 2071 1874 etc.,
2088 1846 2196 1876 usque
2211 1837 2360 1876 amplum

1348 1895 1472 1930 sinum,
1487 1902 1530 1932 ac
1546 1893 1708 1932 predictis
1726 1892 1934 1928 Cavalcanti,
1958 1891 2151 1930 Aymersto,
2172 1891 2283 1926 Petro,
2307 1891 2362 1921 Ja-

1349 1947 1430 1978 cobo
1450 1949 1481 1977 et
1499 1947 1646 1985 Hugoni,
1668 1946 1726 1985 qui
1749 1948 1827 1976 tunc
1853 1946 2030 1984 presentes
2058 1945 2195 1974 aderant
2215 1946 2291 1980 etc.,
2309 1952 2362 1974 us-

1348 2010 1412 2040 que
1429 2000 1604 2039 recipiatis
1623 2009 1642 2029 a
1657 1999 1819 2038 predictis
1836 1998 2030 2035 Thomasio,
2049 1998 2231 2036 Campana,
2252 1998 2363 2027 Lotte-

1348 2055 1398 2085 rio
1412 2056 1444 2084 et
1456 2054 1638 2093 Tegliario,
1652 2054 1764 2084 Rucco
1777 2052 1907 2083 Cambii
1924 2054 1956 2082 et
1973 2051 2144 2090 Raynerio
2161 2050 2316 2084 Antiatis,
2328 2051 2362 2080 in

1348 2107 1504 2147 partibus
1526 2107 1636 2138 Gallie
1652 2105 1953 2141 commorantibus,
1975 2105 2014 2135 de
2035 2106 2146 2134 stanto
2167 2112 2268 2142 super
2289 2112 2363 2142 pre-

1348 2161 1466 2192 missis
1487 2163 1564 2195 etc.,
1587 2168 1695 2199 usqne
1719 2159 1844 2198 quibus
1866 2159 1929 2189 rite
1952 2158 2109 2197 peractis,
2128 2159 2197 2187 tam
2224 2157 2362 2187 eosdem

1348 2215 1582 2250 Thomasium,
1628 2214 1845 2252 Campanam,
1893 2211 2094 2247 Lotterium,
2141 2210 2361 2249 Tegliarium,

1348 2270 1500 2300 Ruccum
1525 2267 1658 2298 Cambii
1674 2268 1706 2297 et
1733 2266 1945 2306 Raynerium
1965 2264 2109 2294 Abbatis
2135 2272 2235 2302 quam
2254 2263 2362 2293 dictos

1349 2322 1598 2355 CavaIcantem,
1617 2320 1849 2359 Ayniericuin,
1863 2319 2013 2354 Petrum,
2026 2316 2189 2347 Jacobum
2200 2318 2231 2347 et
2248 2317 2361 2355 Hugo-

1348 2385 1425 2406 nem
1444 2384 1504 2414 per
1521 2374 1635 2405 omnia
1657 2374 1730 2404 loca
1751 2373 1785 2403 in
1802 2372 1926 2412 quibus
1943 2372 2008 2410 ipsi
2028 2370 2195 2400 voluerint
2211 2372 2288 2404 etc.,
2307 2378 2362 2399 us-

1349 2438 1414 2469 que
1432 2428 1656 2467 compellatis.
1683 2427 1810 2457 Datum
1830 2425 1919 2464 apud
1944 2424 2233 2457 Urbemvetereni,
2259 2432 2287 2452 vi
2305 2423 2362 2452 ka-

1317 2506 1319 2511 ,
1349 2483 1467 2513 lendas
1487 2480 1705 2520 septembris,
1722 2487 1809 2510 anno
1823 2479 1870 2509 11⁰
1887 2488 1914 2508 ».

1438 2648 1511 2680 334
1932 2643 2058 2673 Orvieto,
2076 2643 2109 2669 27
2125 2644 2192 2669 amit
2210 2642 2288 2669 1263.

1384 2733 1422 2759 De
1450 2730 1630 2759 absolutione
1658 2727 1891 2756 Florentinorum
1916 2726 2099 2754 redeuntium
2115 2726 2151 2753 ad
2169 2725 2304 2752 mundata
2320 2732 2366 2751 ec-

1317 2780 1318 2815 }
1349 2781 1464 2808 etesiae.
1484 2780 1578 2815 (itm,
1595 2780 1640 2810 26,
1658 2777 1725 2805 anni
1741 2777 1774 2810 11,
1788 2782 1817 2802 n0
1831 2777 1893 2807 226,
1911 2775 1960 2803 soi.
1979 2776 2053 2808 123.)

1390 2886 1405 2905 «
1426 2899 1447 2906 ..
1467 2874 1608 2905 abbatis.
1632 2871 1782 2911 Genovefc
1805 2875 1832 2901 et
1853 2869 1990 2900 ιΙοΙιαηηί
2007 2868 2042 2899 de
2057 2867 2243 2903 Sarmineto,
2266 2865 2362 2905 capel-

274 2929 414 2961 ditionis
445 2930 476 2960 et
509 2929 686 2969 dignitatis
719 2930 875 2966 existant,
906 2929 1059 2968 predicta
1089 2929 1287 2960 auctoritate
1318 2923 1319 2954 t
1352 2921 2112 2963 lanonostro,canonicol'arisiensi.Olimindie
2127 2918 2361 2951 CeneDoniini
