2547 3289
254 218 292 247 72
1053 209 1272 240 REGISTRE
1295 201 1506 240 CAMIJJRAL

252 297 488 338 personatibus
513 296 566 325 vel
600 293 821 332 dignitatibus
852 291 1045 329 hujusmodi
1074 292 1107 320 in
1126 291 1258 330 prosata

252 349 456 389 Lingonensi
482 347 623 377 ecclesia
650 346 759 375 valeat
780 344 963 383 provideri,
983 353 1018 373 ac
1040 344 1257 373 decernentes

251 403 384 433 irritum
408 402 439 430 et
462 400 560 429 inane
582 398 743 437 quicquid
771 398 887 427 contra
909 396 1104 435 hujusmodi
1126 405 1258 426 revoca-

249 455 375 485 tionem
395 454 543 482 nostram
563 452 594 481 et
608 450 860 480 concessionem
882 451 1031 479 nostram
1049 449 1255 487 contingeret

249 508 451 545 attemptari.
462 505 557 536 Nulli
575 505 636 534 etc.
651 506 764 534 nostre
780 503 1016 539 revocationis,
1027 503 1256 533 concessionis

249 562 281 590 et
295 559 546 590 constitutionis
560 559 621 588 etc.
637 559 759 588 Datum
775 558 863 596 apud
876 557 1163 592 Urbemreterem,
1181 557 1255 586 idus

250 612 379 651 aprilis,
402 620 487 641 anno
503 611 660 641 secundo.
683 622 697 638 ³>

338 802 409 832 283
832 797 956 829 Orvieto,
977 798 1005 823 16
1025 796 1083 823 mai
1104 797 1182 823 1263.

284 879 432 913 Episcopo,
449 879 556 904 decano
576 880 601 903 et
631 877 756 911 capitulo
777 876 1002 909 Lingonensibus
1022 874 1150 908 indulget
1170 882 1204 900 ne
1220 873 1255 899 ad

248 927 441 961 receptionem
463 926 505 952 vel
530 926 722 960 provisionem
747 925 907 959 aliquorum
926 932 975 958 per
993 924 1103 950 litteras
1120 921 1254 956 apostoli-

247 984 294 1002 cas
315 976 473 1001 tencantur.
492 974 568 1008 (Ima.
588 976 631 1003 27,
651 973 698 1000 sol.
721 975 764 1003 71,
788 979 815 999 n⁰
837 975 859 999 l.

288 1087 303 1103 «
328 1074 498 1105 Venerabili
519 1074 642 1113 fratri..
669 1075 810 1113 episcopo
834 1078 860 1102 et
886 1073 1005 1103 dilectis
1021 1072 1120 1112 lillis..
1142 1072 1254 1101 decano

247 1132 274 1157 et
296 1127 428 1166 capitulo
444 1126 696 1166 Linqonensibits.
715 1125 905 1156 Desideriis
926 1125 1050 1155 vestris
1067 1125 1187 1154 affectu
1203 1141 1251 1153 -.

247 1180 332 1211 Sane
344 1180 461 1219 petitio
472 1181 585 1210 vestra
595 1179 692 1209 nobis
705 1178 855 1209 exhibita
865 1177 1055 1208 continebat
1065 1178 1165 1216 quod,
1176 1178 1255 1207 licet

246 1234 281 1263 in
294 1233 500 1271 Lingonensi
513 1231 664 1268 ecclesia,
677 1240 740 1270 que
754 1240 813 1270 per
827 1231 936 1261 felicis
950 1230 1193 1260 recordationis
1203 1230 1255 1260 In-

247 1286 438 1316 nocentium
457 1294 493 1315 ac
514 1284 757 1320 Alexandrum,
782 1284 955 1314 Romanos
975 1283 1163 1322 pontifices,
1183 1292 1255 1321 pre-

248 1339 443 1369 decessores
460 1339 605 1374 nostros,
621 1346 721 1375 super
735 1337 883 1375 plurium
900 1336 964 1366 fuit
980 1336 1171 1374 receptione
1186 1345 1254 1374 gra-

251 1391 337 1427 vata,
364 1392 430 1420 tres
448 1391 489 1419 ad
507 1389 702 1419 mandatum
723 1390 877 1419 nostrum
896 1388 1091 1426 receperitis
1108 1388 1142 1417 in
1160 1397 1255 1417 cano-

249 1443 343 1473 nicos
359 1444 391 1473 et
418 1443 449 1472 in
472 1443 604 1477 fratres,
623 1442 729 1471 adhuc
746 1443 858 1471 tamen
885 1441 1104 1479 quamplures
1127 1441 1185 1470 alii
1204 1450 1256 1470 su-

248 1505 308 1535 per
332 1496 522 1534 receptione
545 1504 581 1524 ac
609 1494 802 1533 provisione
820 1503 881 1523 sua
909 1494 942 1523 in
961 1494 1077 1523 eadem
1101 1493 1254 1529 ecclesia,

248 1547 439 1577 litterarum
454 1547 647 1576 nostrarum
657 1545 865 1581 auctoritate,
878 1554 938 1574 vos
954 1545 1189 1582 multipliciter
1207 1545 1256 1574 in-

250 1600 411 1638 quietant.
427 1600 536 1634 Quare
554 1598 652 1628 nobis
668 1597 842 1627 humiliter
856 1597 1074 1635 supplicastis
1091 1598 1127 1626 ut
1146 1597 1256 1635 provi-

250 1653 327 1682 dere
343 1660 443 1690 super
459 1651 519 1681 hoc
533 1650 629 1680 vobis
644 1651 783 1689 paterna
795 1649 1026 1680 sollicitudine
1044 1658 1253 1679 curaremus.

248 1706 314 1735 Nos
335 1705 445 1743 itaque
462 1704 587 1734 vestris
604 1702 912 1742 supplicationibus
931 1702 1097 1738 inclinati,
1110 1703 1254 1732 auctori-

248 1759 316 1788 tate
335 1757 430 1787 vobis
449 1757 657 1795 presentium
671 1756 886 1795 indulgemus
898 1757 946 1792 ut,
960 1757 1139 1794 postquam
1154 1756 1256 1785 dilec-

249 1812 321 1840 tum
341 1810 448 1840 tilium
465 1809 666 1847 magistrum
683 1809 883 1844 ζ10111111110111,
896 1808 1169 1839 archidiaconum
1180 1809 1258 1838 Tre-

250 1872 395 1898 censcm,
423 1862 635 1901 capellanum
667 1864 833 1897 nostrum,
851 1870 911 1899 pro
941 1861 1036 1898 cujus
1064 1861 1256 1900 receptione

250 1925 286 1945 ac
304 1915 498 1953 provisione
513 1915 548 1944 in
565 1915 653 1944 dicta
679 1914 821 1944 ecclesia
839 1914 1052 1952 scripsimus,
1072 1914 1105 1943 in
1124 1914 1256 1943 canoni-

249 1977 324 1998 cum
356 1968 549 2006 receperitis
579 1968 610 1997 ct
644 1967 678 1996 in
710 1967 860 2001 frat-rem,
881 1966 921 1996 ad
943 1967 1168 2005 receptionem
1198 1975 1258 1996 seu

250 2020 479 2059 provisionem
499 2020 690 2058 aliquorum
708 2028 767 2057 per
791 2019 922 2049 litteras
941 2019 1145 2058 apostolicas
1160 2019 1258 2049 mini-

250 2082 302 2103 me
320 2073 514 2106 teneamini,
528 2081 635 2111 neque
654 2073 692 2102 ad
714 2073 746 2101 id
769 2073 926 2110 compelli
952 2072 1104 2110 possitis,
1123 2073 1257 2102 etiamsi

250 2126 291 2155 ad
320 2125 550 2161 inhibitiones,
574 2125 820 2155 reservationes
841 2127 871 2155 et
903 2126 1075 2155 de‹‘=1·‹‘=tu1n
1093 2125 1146 2155 vel
1171 2125 1257 2155 alias

250 2187 446 2217 processum
471 2178 571 2207 suerit
590 2186 650 2216 per
678 2178 825 2214 easdem,
855 2178 1036 2207 dunnnodo
1062 2178 1257 2216 impetrato-

250 2240 304 2260 res
323 2240 436 2261 earum
460 2240 519 2269 per
545 2231 622 2260 illas
642 2231 765 2269 recepti
784 2240 848 2261 non
876 2231 1002 2261 suerint
1030 2231 1083 2260 vel
1110 2231 1257 2261 assecuti

250 2283 436 2322 prebendas
461 2284 495 2313 in
517 2284 659 2313 ecclesia
685 2283 861 2322 prelibata,
886 2284 1133 2322 suspensionis,
1162 2293 1258 2314 exco-

250 2337 489 2367 municationis
523 2338 554 2367 et
580 2337 749 2366 interdicti
782 2337 967 2367 sententias
995 2337 1199 2373 relaxantes,
1228 2337 1257 2367 si

250 2398 325 2428 que,
351 2389 548 2419 :mctoritato
575 2389 764 2419 litterarum
798 2390 962 2428 ipsarum,
984 2390 1018 2420 in
1038 2399 1098 2420 vos
1115 2390 1168 2420 vel
1198 2390 1257 2420 ali-

250 2451 350 2481 quem
364 2443 515 2473 vostrum
540 2443 618 2472 sunt
635 2442 764 2480 prolate
781 2452 817 2472 ac
837 2443 953 2481 siquas
971 2444 1088 2473 contra
1106 2444 1257 2473 tenorem

250 2495 457 2534 presentium
473 2495 681 2534 promulgari
697 2495 884 2533 contigerit,
905 2496 1124 2526 decernentes
1141 2495 1256 2526 irritas

250 2549 283 2579 et,
298 2548 427 2579 inanes.
443 2548 612 2579 Nolumus
629 2550 740 2579 autem
758 2549 847 2587 quod
865 2549 986 2579 dilecto
1005 2548 1075 2579 lilio
1093 2549 1256 2579 (iaut'rido

248 2601 289 2631 'de
307 2601 476 2640 Sallenay,
495 2601 641 2632 Goberto
655 2602 695 2631 de
712 2602 910 2638 Passavant,
927 2602 1077 2632 Gerardo
1094 2602 1133 2631 de
1151 2603 1256 2632 (iran-

251 2663 312 2684 con
329 2656 359 2685 et
373 2655 511 2691 Erardo,
529 2654 764 2685 archidiacono
777 2654 1001 2685 Sesanensiin
1020 2654 1161 2685 ecclesia
1178 2655 1257 2685 Tre-

251 2707 354 2743 censi⁷
371 2716 430 2746 pro
446 2716 588 2746 quorum
608 2708 797 2746 receptione
814 2717 850 2737 ac
868 2708 1061 2746 provisione
1078 2708 1111 2737 in
1126 2708 1257 2746 prefata

251 2760 451 2797 scripsimus
482 2760 623 2790 ecclesia
643 2760 860 2800 Lingonensi‚
889 2760 1087 2791 auctoritate
1123 2769 1257 2799 presen-

252 2812 335 2842 tium
353 2813 490 2850 aliquod
506 2813 730 2852 prejudicium
749 2815 936 2851 generetur.
954 2813 1048 2844 Nulli
1068 2815 1128 2843 etc.
1142 2815 1256 2844 nostre

252 2865 479 2895 concessionis
497 2867 529 2896 et
546 2866 799 2897 constitutionis
820 2868 882 2897 etc.
903 2866 938 2897 Si
955 2866 1032 2905 quis
1050 2867 1110 2897 etc.
1130 2867 1254 2898 Datum

1319 293 1406 330 apud
1438 293 1725 328 l'rbemveterem,
1751 302 1816 322 xvii
1841 293 2004 324 kalendas
2031 295 2129 333 junii,
2159 304 2246 326 anno
2272 304 2324 326 se·

1318 345 1436 375 cundo.
1459 358 1473 372 »

1905 542 2027 574 Orvieto,
2042 545 2075 570 26
2093 544 2152 570 mai
2172 545 2249 571 ¹263.

1406 545 1475 575 264

1351 632 1514 658 Subdecano
1532 631 1659 658 ecclesia·
1675 631 1886 658 Aurelianensis
1907 632 2023 658 mundat
2039 634 2178 666 quatenus
2197 632 2323 660 Rubor-to

1315 681 1348 706 de
1369 679 1593 712 cnei-memmio,
1611 680 1639 706 in
1656 680 1776 707 ecclesia
1793 680 1819 706 S.
1837 680 1974 706 Jolizmnis
1994 681 2206 715 Andegavensis
2222 681 2256 707 de
2274 689 2324 708 ca—

1315 727 1449 754 nonicatu
1465 730 1492 754 ct
1509 729 1659 762 praebenda
1674 728 1831 763 provideat.
1853 729 1930 763 (lma.
1948 731 1991 760 -27,
2007 729 2052 755 t‘ol.
2073 730 2102 755 7¹
2124 734 2165 760 w,
2183 734 2212 754 11⁰
2229 730 2265 763 Ι.)

1357 849 1372 866 «
1389 838 1568 868 Suhdaecano
1583 838 1704 868 ecclesie
1718 839 1955 870 Aurelianmsis.
1974 839 2119 870 Obtentu
2133 839 2247 869 dilecti
2263 839 2324 868 sitii

1316 892 1468 929 magistri
1479 892 1643 921 Johannis
1661 892 1700 922 de
1715 892 2077 931 Monciano,capellani
2096 893 2326 929 1105111,οαῃο-

1315 945 1381 975 nici
1401 944 1607 978 l—laiocensis5
1638 944 1812 975 {obertum
1827 945 1866 974 de
1885 945 2151 979 ChermentreiQ
2171 945 2323 984 ejusdem

1316 997 1481 1036 capellani
1499 997 1668 1033 clericum,
1686 997 1754 1035 qui,
1777 999 1876 1036 prout
1895 997 2028 1034 dicitur,
2051 998 2189 1028 nullum
2214 998 2324 1028 eccle-

1316 1049 1491 1079 siasticum
1517 1049 1718 1079 beneficium
1744 1051 1795 1080 est
1816 1050 1969 1088 adeptus,
1994 1050 2119 1080 favoris
2144 1050 2323 1089 apostolici

1314 1103 1421 1142 gratia
1448 1105 1704 1142 prosequentes,
1738 1103 1934 1133 discretioni
1962 1105 2018 1133 tue
2052 1113 2110 1142 per
2134 1104 2324 1142 apostolica

1315 1156 1441 1194 scripta
1472 1156 1674 1185 mandamus
1692 1156 1852 1194 quatinus
1885 1156 2027 1185 eundem
2055 1157 2097 1186 R.
2123 1156 2157 1185 in
2181 1156 2325 1186 ecclesia

1314 1208 1346 1239 S.
1365 1208 1529 1238 ‹loliannis
1547 1209 1802 1247 Andegavensis
1820 1218 1878 1247 per
1894 1210 1926 1239 te
1944 1209 1997 1239 vel
2014 1217 2075 1247 per
2092 1209 2197 1239 alium
2215 1210 2326 1239 aucto-

1315 1262 1414 1292 ritate
1430 1262 1545 1291 nostra
1567 1261 1602 1291 in
1627 1262 1824 1292 canonicum
1841 1263 1873 1292 et
1904 1261 1937 1291 in
1966 1261 2105 1292 fratrem
2138 1261 2243 1300 recipi
2279 1260 2328 1291 sa-

1316 1317 1418 1351 ciens,
1444 1314 1661 1352 prebendam,
1680 1315 1709 1344 si
1730 1324 1795 1354 qua
1820 1314 1945 1344 ibidem
1972 1317 2067 1345 vacat
2098 1315 2140 1344 ad
2170 1322 2324 1353 presens,

1315 1369 1368 1399 vel
1387 1368 1638 1407 quamprimum
1659 1368 1700 1397 ad
1725 1368 1759 1397 id
1791 1367 1951 1398 obtulerit
1969 1376 2004 1397 se
2034 1367 2190 1403 facultas
2213 1367 2326 1397 eidem

1316 1423 1432 1461 parato
1450 1421 1491 1451 ad
1510 1421 1644 1451 ordines
1663 1421 1865 1459 promoveri,
1879 1429 1966 1459 <pios
1981 1429 2065 1451 onus
2081 1420 2250 1459 prebende
2266 1420 2327 1451 hu-

1312 1474 1462 1514 jusmodi
1480 1474 1596 1512 exigit,
1618 1474 1770 1503 conseras
1792 1475 1823 1503 et
1857 1474 2021 1512 assignes,
2042 1474 2121 1503 dum
2147 1475 2260 1504 tamen
2287 1473 2323 1503 in

1316 1527 1405 1556 dicta
1420 1526 1561 1556 ecclesia
1572 1534 1637 1555 non
1653 1526 1880 1556 direxerimus
1892 1535 1952 1564 pro
1960 1526 2036 1556 aliis
2053 1526 2179 1564 scripta
2194 1527 2325 1563 nostra,

1316 1588 1382 1609 non
1398 1578 1613 1609 obstantibus
1631 1597 1680 1609 —.
1700 1579 1972 1609 Contradictores
1991 1597 2040 1609 —-.
2059 1579 2131 1609 Nos
2150 1579 2240 1609 enim
2271 1579 2330 1610 de—

1316 1632 1486 1662 cernimus
1503 1632 1638 1661 irritum
1655 1632 1687 1661 et
1701 1631 1798 1662 inane
1818 1632 1846 1661 si
1865 1640 1963 1662 secus
1982 1632 2022 1662 de
2041 1631 2235 1670 hujusmodi
2251 1640 2327 1670 pre-

1315 1685 1425 1716 benda
1439 1685 1624 1724 apostolica
1640 1685 1693 1715 vel
1708 1685 1826 1724 quavis
1844 1685 1911 1715 alia
1928 1685 2126 1715 auctoritate
2143 1685 2328 1724 eontigerit

1318 1740 1521 1778 attemptari,
1533 1739 1739 1779 prebendam
1752 1738 1946 1777 hujusmodi
1957 1739 1997 1768 ad
2013 1747 2097 1777 opus
2113 1739 2193 1769 dicti
2211 1739 2325 1770 clerici

1317 1792 1490 1822 donationi
1517 1792 1701 1831 apostolice
1728 1793 1952 1822 reservantes.
1981 1792 2107 1821 Datum
2138 1791 2227 1830 apud
2264 1792 2329 1822 Ur-

1316 1845 1555 1882 bemveterem,
1575 1855 1619 1875 vu
1641 1845 1803 1875 kalendas
1819 1844 1918 1883 junii,
1939 1853 2025 1875 anno
2043 1845 2201 1876 secundo.
2225 1856 2239 1871 »

1407 2042 1478 2072 265
1889 2037 2011 2067 Orrieto,
2030 2039 2044 2063 ὃ
2060 2037 2154 2072 juillet
2176 2038 2251 2064 4253.

1353 2128 1552 2162 lust'raseripto
1570 2127 1696 2161 indulget
1713 2129 1752 2157 ut,
1775 2128 1878 2161 praeter
1899 2126 2051 2153 rectoriam
2069 2126 2196 2152 ecclesia*
2213 2126 2241 2152 S.
2271 2128 2329 2153 Au-

1318 2177 1399 2203 doeui
1417 2178 1451 2203 de
1475 2176 1600 2210 Campis.
1619 2176 1735 2203 unicum
1757 2175 1880 2202 alterum
1902 2174 2129 2201 ecclesiasticum
2151 2175 2327 2202 beneficium

1317 2225 1442 2260 recipere
1457 2228 1483 2252 et
1503 2225 1589 2251 libere
1606 2225 1727 2252 retinere
1743 2224 1845 2251 valeat.
1865 2224 1941 2258 (lxm.
1961 2226 2005 2255 27,
2024 2223 2073 2250 t‘ol.
2094 2225 2122 2249 7¹
2143 2229 2180 2255 ν’,
2198 2229 2227 2250 110
2240 2224 2282 2258 2.)

1358 2346 1374 2366 (<
1395 2336 1524 2365 Ιίοὸννίο
1544 2336 1580 2366 de
1607 2336 1706 2372 Mara,
1726 2334 1907 2375 presbitero,
1934 2335 2048 2363 rectori
2072 2334 2192 2363 ecclesie
2210 2334 2246 2364 S.
2264 2335 2330 2365 Au-

1317 2389 1405 2419 doeni
1423 2389 1459 2419 de
1477 2389 1609 2428 Campis,
1634 2388 1882 2426 Rotkomaqensis
1901 2387 2040 2417 diocesis.
2062 2388 2154 2418 Licet
2182 2396 2222 2418 ne
2251 2390 2329 2427 quis

1317 2443 1433 2481 plures
1466 2442 1626 2472 ecclesias
1650 2441 1703 2471 vel
1721 2440 1970 2471 ecclesiasticas
1998 2441 2180 2479 dignitates
2206 2440 2329 2472 habeat

1318 2496 1404 2526 sacri
1423 2495 1557 2526 concilii
1585 2494 1783 2525 constitutio
1808 2493 1996 2529 interdicat,
2016 2493 2094 2523 illos
2112 2495 2224 2524 tamen
2248 2502 2329 2524 non-

1317 2558 1501 2588 numquam
1515 2547 1699 2587 apostolica
1723 2547 1820 2577 sedes
1842 2546 2000 2585 ampliori
2019 2547 2239 2586 prosequitur
2257 2555 2331 2586 gra-

1316 2603 1374 2639 tia,
1393 2610 1477 2641 quos
1502 2601 1593 2631 novit
1614 2599 1803 2639 potioribus
1827 2600 1959 2630 meritis
1987 2600 2150 2639 adjuvari.
2169 2600 2259 2630 Hinc
2276 2601 2328 2630 est

1317 2656 1405 2695 quod
1424 2664 1496 2691 1105,
1515 2654 1724 2685 attendentes
1744 2655 1799 2683 tue
1817 2653 1938 2683 merita
1952 2653 2131 2692 probitatis
2146 2654 2178 2683 et
2199 2651 2241 2682 01)
2265 2651 2326 2683 hoc

1316 2709 1468 2739 volentes
1484 2707 1545 2738 tibi
1559 2707 1702 2746 gratiam
1716 2706 1824 2736 facere
1837 2706 2030 2745 specialem
2042 2707 2077 2736 ut
2090 2706 2212 2744 praeter
2222 2704 2325 2735 eccle-

1317 2762 1402 2791 siam
1418 2762 1450 2791 S
1472 2760 1627 2790 Audoeni
1640 2760 1680 2790 de
1701 2759 1850 2798 Campis,
1867 2768 1979 2789 curam
1997 2759 2186 2789 animarum
2202 2756 2327 2787 haben-

1315 2816 1396 2851 tem,
1413 2822 1514 2852 super
1531 2822 1595 2852 qua
1612 2812 1803 2849 obtinenda,
1822 2821 1888 2842 non
1909 2811 2064 2842 obstante
2082 2810 2214 2840 defectu
2233 2811 2323 2840 nata-

1316 2868 1413 2904 lium,
1433 2875 1534 2905 quem
1566 2865 1750 2905 patiebaris
1774 2865 1814 2895 de
1847 2865 1957 2895 soluto
1982 2863 2115 2903 genitus
2138 2865 2167 2892 et
2198 2862 2322 2899 soluta,
