2547 3289
1056 235 1294 273 TssoisOEME
1318 235 1481 272 ANNEE.

268 336 282 354 «
295 325 405 354 Eidem
421 326 568 366 episcopo.
585 327 693 356 Tuam
708 326 860 357 volentes
873 326 1037 357 honorare
1048 345 1097 355 —.
1111 327 1235 357 Datum

227 379 316 417 apud
344 379 633 415 Urbemveterem,
646 389 717 409 vnn
749 379 913 409 kalendas
932 379 1133 416 decembris,
1150 388 1236 409 anno

226 431 297 461 ΠΡ.
317 440 333 460 1)

319 610 392 640 829

729 607 854 640 Orvieto,
868 609 902 634 24
917 609 1073 635 novembre
1091 610 1166 636 1203.

263 692 361 718 Eidem
375 691 500 725 Indulget
519 694 548 717 ut
561 692 723 721 clericisui,
734 693 780 726 qui
797 700 895 718 secum
914 700 1026 718 morani
1041 692 1180 719 traxerint
1197 693 1240 720 vel

225 792 325 816 ventus
356 788 571 818 beneficiorum,
590 789 776 822 dignitatum,
810 792 1014 823 personatuum
1040 798 1170 825 suorum,
1197 799 1241 817 co-

224 837 344 865 tidianis
363 836 614 863 distributionibus
625 838 775 864 dumtaxat
789 838 925 871 exceptis,
943 846 1009 864 cuni
1026 847 1058 865 ea
1074 839 1240 873 integritate

225 886 371 921 percipere
391 885 513 913 valeant,
529 894 595 911 cum
612 894 665 919 qua
690 885 754 912 illos
769 886 946 920 perciperent
968 887 990 912 si
1007 887 1195 920 personaliter
1213 888 1240 914 iu

225 935 365 965 ecclesiis,
378 934 406 960 in
421 934 522 968 quibus
537 934 684 961 beneficia.
701 935 856 969 dignitates
875 938 900 961 et
917 939 1086 969 personatus
1101 936 1154 970 ipsi
1169 937 1241 963 obti-

224 985 340 1017 nerent,
357 983 526 1009 residerent.
544 983 626 1017 (Rae.
644 984 689 1014 28,
709 982 756 1010 t‘ol.
771 985 815 1013 02,
832 991 904 1010 ann.
924 983 972 1013 ΙΙΙ,
990 990 1019 1009 n⁰
1034 985 1107 1018 231).

266 1098 280 1117 «
301 1087 410 1118 Eidem
426 1089 580 1128 episcopo.
598 1089 683 1119 Cum
700 1091 732 1119 te
750 1089 790 1118 ad
807 1106 856 1118 —.
875 1089 998 1119 Datum
1019 1089 1240 1119 Urbemvete·

226 1154 308 1179 rem,
328 1155 387 1175 vni
401 1145 566 1175 kalendas
583 1144 785 1181 decembris,
803 1153 890 1175 anno
908 1145 978 1175 1110.
1000 1156 1014 1174 »

317 1326 390 1357 630

729 1325 853 1352 Orvicto,
869 1325 903 1352 24
916 1325 1071 1352 novembre
1090 1326 1169 1354 1263.

262 1409 362 1435 Eidem
382 1410 501 1435 mandat
514 1411 654 1442 quatenus
672 1408 837 1443 hujusmodi
857 1411 1010 1443 proventus
1027 1410 1111 1436 dictis
1128 1409 1240 1436 clericis

226 1458 314 1485 faciat
330 1458 442 1492 integre
458 1458 629 1485 ministrari.
646 1459 726 1493 (Rae.
741 1460 785 1485 28.
804 1458 854 1485 fol.
872 1460 916 1489 (52,
939 1467 1005 1485 ann.
1025 1459 1071 1485 III.
1093 1465 1122 1486 11Ω
1140 1460 1214 1495 232).

268 1569 283 1587 «
299 1558 410 1588 Eidem
430 1559 584 1598 episcopo.
607 1561 691 1589 Cum
709 1561 741 1589 te
767 1559 808 1589 ad
826 1575 875 1588 —.
894 1560 1019 1590 Datum
1041 1564 1076 1590 ut
1095 1569 1208 1599 supra.
1225 1573 1240 1589 »

319 1746 387 1777 (331
826 1744 952 1776 Ort-teto,
968 1746 1001 1771 20
1019 1745 1075 1772 mai
1093 1746 1168 1772 1204.

265 1827 393 1861 symoni.
404 1827 479 1853 tituli
496 1836 519 1853 s.
533 1827 647 1853 Martini
663 1828 829 1862 presbytero
841 1827 1159 1861 cardinali,rcctoria1n
1175 1837 1243 1855 con-

228 1875 282 1902 fert
302 1877 422 1903 ducatus
440 1876 597 1910 Spolctani,
625 1876 766 1902 Mai-chiae
791 1877 988 1903 Anmnitanae
1005 1880 1029 1903 ct
1048 1877 1157 1903 §lassae
1177 1877 1244 1903 Tra-

228 1924 323 1951 bariae
347 1924 605 1959 nounullarumque
629 1924 788 1951 diocesium
814 1933 864 1959 per
892 1925 1042 1952 t‘mbriam
1075 1926 1244 1953 constituta-

226 1981 302 2000 rum.
321 1974 398 2007 (Rau.
415 1975 459 2004 28,
479 1972 527 1999 sol.
550 1975 584 2000 02
600 1979 638 2006 v⁰,
660 1982 716 1999 ann
747 1973 792 2000 Ill.
810 1978 842 1999 11ο
866 1976 937 2005 2333
962 1975 1110 2000 PorruAsT
1134 1975 1242 2010 18917)

2250 246 2309 276 305

1299 326 1438 356 clesialn
1457 336 1493 356 ac
1517 327 1634 356 fideles
1651 327 1723 365 ejus
1742 327 1841 363 tilios,
1861 328 1917 366 qui
1943 329 2091 358 materne
2110 330 2312 367 persecutio-

1299 380 1352 409 nis
1382 380 1591 409 inconnnoda
1616 380 1777 414 sentiunt,
1797 380 1922 419 quique
1941 390 2016 410 cum
2043 381 2101 411 illa
2122 382 2256 412 dolores
2278 384 2309 412 et

1299 433 1474 471 angustias
1498 433 1700 470 partiunter.
1734 433 1774 462 ab
1800 433 2057 464 innninentibus
2085 435 2308 465 fluctuationi<

1299 485 1363 515 bus
1387 488 1638 524 tempestatum,
1670 487 1740 516 Deo
1767 487 1925 525 propitio,
1944 487 2148 518 liberandos.
2175 490 2310 523 Verum,

1301 538 1514 568 incumbente
1533 539 1631 568 nobis
1656 539 1818 569 varietate
1846 540 2059 578 negotiorum
2077 541 2264 577 innumera,
2279 543 2311 571 et

1300 594 1414 621 contra
1436 591 1528 621 Petri
1549 592 1751 625 naviculam,
1771 593 1879 631 cnjus,
1898 595 1994 631 prout
2010 594 2154 623 Domino
2171 594 2308 632 placuit,

1300 643 1527 682 gubernafflda
1546 645 1707 683 gerimus,
1734 646 1980 682 persecutionis
1999 647 2146 685 undique
2169 647 2311 677 invales-

1270 718 1271 741 ζ
1301 699 1394 727 cente
1412 697 1570 735 procella,
1591 698 1667 727 licet
1694 698 1724 726 in
1752 701 1864 736 partes
1886 700 1998 729 varias
2017 701 2140 729 mentis
2161 700 2311 730 solicitu-

226 740 307 773 Ι1111111,
316 741 350 766 de
361 740 498 766 mandato
512 748 573 771 suo,
586 748 637 773 pro
648 740 812 775 hujusmodi
827 741 950 774 negotiis
963 741 1166 773 laboraverint,
1178 750 1241 776 pro·
1270 753 1271 756 ¹

1301 750 1378 779 dine
1397 750 1636 782 distrahamur,
1652 751 1731 789 quia
1744 754 1856 781 tamen
1876 752 2056 790 nequimus
2075 752 2217 783 ubilibet
2236 762 2311 783 nos-

1272 831 1273 834 ,
1302 805 1388 832 tram
1409 803 1615 840 presentiam
1641 803 1812 839 exhibere,
1841 805 2003 843 quianon
2028 815 2210 843 possumus
2229 807 2312 836 111103

269 2091 282 2106 «
314 2080 453 2119 Syrnonc',
475 2079 559 2108 [iculi
581 2080 686 2118 ,sancti
720 2079 848 2109 Martini
876 2080 1045 2120 presbitero
1077 2080 1241 2117 cardinali,

228 2132 394 2173 apostolice
407 2132 486 2162 sedis
500 2123 624 2170 11011ιίὃῖ
633 2134 850 2172 Exequentes
865 2133 1050 2172 apostolice
1068 2133 1244 2164 servitutis

229 2186 390 2221 officium,
411 2185 488 2216 licet
516 2185 613 2216 nobis
637 2186 831 2223 immeritis,
858 2187 1002 2217 Domino
1030 2187 1242 2225 disponente,

229 2239 461 2269 commissum.
482 2239 522 2268 ab
547 2239 653 2269 oculis
684 2239 823 2274 nostris,
841 2242 939 2278 prout
972 2239 1070 2269 nobis
1101 2248 1143 2270 ex
1176 2240 1244 2270 alto

230 2292 434 2325 conceditur,
460 2301 640 2330 sompnum
664 2293 812 2331 torporis
837 2294 1039 2326 excutimus,
1067 2302 1192 2332 eosque
1211 2294 1244 2323 in
1274 2312 1275 2315 =

229 2345 372 2375 circuitu
385 2345 513 2384 vigiliis
537 2345 691 2375 levamus
707 2346 868 2382 assiduis,
887 2349 921 2376 ut
948 2347 1028 2385 quid
1051 2347 1104 2385 agi
1129 2347 1171 2376 ad
1194 2355 1244 2377 so-

229 2398 357 2428 licitam
374 2399 549 2428 commissi
567 2398 665 2428 nobis
683 2399 795 2437 gregis
809 2408 924 2429 curam
937 2400 1095 2438 expediat
1114 2400 1244 2429 intuen-

229 2451 299 2483 103,
337 2449 424 2479 circa
456 2458 656 2488 prosperum
691 2452 817 2480 statum
857 2451 930 2489 ejus
969 2453 1083 2489 partes
1117 2451 1244 2481 intente

231 2502 461 2533 solicitudinis
486 2502 735 2540 impendamus.
756 2503 843 2532 Illud
871 2505 982 2533 autem
1006 2506 1152 2534 mentem
1168 2513 1244 2534 nos-

230 2557 318 2586 tram
334 2555 528 2593 specialiter
543 2556 680 2589 excitat,
705 2556 793 2585 circa
814 2556 899 2586 illud
923 2557 1082 2595 precipue
1100 2557 1244 2587 intentio

231 2610 263 2638 et
286 2608 457 2638 desideria
474 2610 591 2638 nostra
607 2610 786 2638 versantur
803 2611 850 2644 ut,
866 2618 941 2638 cum
954 2612 1105 2639 sanctam
1120 2611 1244 2641 Roma-

230 2670 307 2692 nam
340 2661 529 2697 ecclesiam,
564 2663 707 2691 matrem
738 2662 905 2700 gentium,
937 2662 1089 2693 inclitam
1117 2663 1243 2693 Christi

232 2723 404 2754 sponsam,
434 2723 452 2744 a
478 2714 761 2753 persequentibus
781 2723 854 2748 eam
872 2716 1087 2754 gravissimis
1107 2716 1244 2754 injuriis

232 2767 481 2806 conspiciamus
499 2767 616 2806 affligi,
636 2768 742 2797 variis
760 2768 975 2797 contumeliis
995 2768 1081 2798 affici
1102 2770 1135 2799 et
1153 2777 1245 2799 enor—

232 2820 345 2850 mibus
364 2820 478 2850 collidi
492 2820 647 2859 jac-turis,
666 2823 781 2850 noctes
796 2821 957 2851 ducentes
972 2821 1170 2860 insoinpnes
1185 2830 1243 2852 nec

233 2873 353 2903 diebus
367 2873 434 2903 otia
456 2873 681 2911 indulgentes.
704 2874 892 2903 studiosam
913 2874 1033 2904 demus
1051 2883 1187 2913 operam
1213 2876 1243 2905 et

233 2935 413 2965 operosum
435 2927 585 2956 studium
612 2926 770 2956 adhibere
795 2935 951 2957 curemus
973 2927 1013 2957 ad
1037 2927 1177 2957 eandem
1197 2937 1245 2958 ec-

360 2992 498 3020 URBAIN
521 2992 572 3023 IV,
594 2995 616 3020 t.
637 2992 676 3024 ΙΙ,
700 2994 764 3026 Rey.
786 2993 848 3021 ord.

1301 855 1708 894 humanepossibilitatis
1730 858 1902 891 excedere,
1928 861 1960 887 nt
1982 859 2083 888 simul
2108 859 2141 888 in
2167 859 2313 889 diversis

1302 907 1455 945 partibus
1484 909 1673 944 existendo,
1692 912 1895 947 potestatem
1922 910 2018 940 nobis
2045 920 2062 940 a
2088 912 2314 941 1,)011111101111-

1302 960 1419 997 ditam,
1441 961 1693 998 presentialiter
1713 971 1930 1000 exequamur,
1952 964 1991 993 ad
2019 964 2124 993 instar
2145 965 2239 994 illius
2255 965 2313 1003 qui

1302 1021 1464 1043 exercens
1499 1014 1679 1044 commisse
1711 1014 1776 1044 sibi
1810 1015 1990 1053 legationis
2021 1017 2170 1046 osticium
2205 1018 2238 1047 in
2264 1026 2314 1047 re-

1301 1066 1399 1104 gione
1432 1067 1655 1104 peccantium,
1682 1067 1715 1096 in
1748 1068 1944 1098 universum
1970 1070 2133 1099 mundum
2165 1070 2314 1109 discipu-

1302 1119 1354 1149 los
1369 1128 1454 1158 quos
1473 1120 1630 1158 elegerat,
1646 1120 1840 1156 destinavit,
1861 1130 1959 1151 suum
1974 1131 2034 1160 per
2043 1122 2103 1152 hoc
2117 1123 2314 1154 instruendo

1303 1172 1480 1208 vicarium,
1492 1174 1527 1202 ut
1544 1173 1616 1211 ejus
1633 1173 1800 1212 exemplo,
1816 1183 2071 1213 nonnumquam
2089 1176 2174 1205 alios
2191 1176 2224 1206 in
2240 1185 2314 1215 par-

1302 1226 1370 1255 tem
1413 1226 1645 1256 solicitudinis
1679 1226 1821 1256 adducet
1854 1227 1909 1257 ubi
1951 1228 2054 1258 oflicii
2087 1229 2139 1258 sui
2163 1229 2314 1259 delutum

1302 1278 1460 1309 exolvere
1477 1278 1632 1317 prohibet
1651 1278 1805 1310 absentia
1830 1281 2027 1318 corporalis,
2047 1282 2136 1316 illos,
2155 1283 2196 1312 ad
2214 1291 2316 1313 onera

1302 1334 1417 1362 nostra
1436 1332 1688 1371 comportanda,
1699 1332 1877 1363 nobiscum
1896 1334 2099 1365 fiducialiter
2113 1335 2316 1366 advocamus

1302 1394 1387 1424 quos
1413 1386 1453 1415 ad
1478 1385 1539 1416 hoc
1566 1395 1756 1425 speramus,
1777 1387 1988 1425 experientia
2015 1388 2055 1418 de
2084 1389 2236 1427 ipsorum
2261 1398 2315 1420 ex-

1301 1441 1396 1477 perta
1419 1439 1587 1469 industria
1611 1448 1671 1469 nos
1698 1440 1898 1476 instruente,
1925 1441 2090 1479 perutiles
2116 1443 2147 1472 et
2175 1442 2214 1472 de
2239 1452 2320 1481 quo-

1303 1500 1377 1521 rum
1395 1492 1532 1522 traditis
1556 1501 1574 1522 a
1600 1493 1746 1522 Domino
1773 1493 1839 1522 sibi
1869 1494 2052 1524 virtutihus
2075 1495 2210 1533 plenam
2234 1496 2315 1526 fidu-

1303 1545 1388 1575 ciam
1423 1544 1625 1575 obtinemus.
1662 1546 1747 1576 Cum
1779 1549 1891 1576 autem
1924 1547 1957 1576 in
1994 1547 2110 1578 arduis
2151 1549 2315 1587 majorem

1303 1607 1418 1628 curam
1441 1598 1593 1628 adhiberi
1620 1599 1809 1636 conveniat,
1834 1608 1999 1638 personas
2024 1601 2065 1630 ad
2084 1601 2222 1631 illorum
2241 1611 2316 1641 pro-

1303 1651 1511 1682 secutionem
1534 1652 1692 1690 eligimus
1708 1652 1869 1691 potiores,
1889 1656 1923 1683 ut
1940 1655 2125 1684 secundum
2156 1663 2211 1685 cor
2238 1664 2315 1686 nos-

1302 1705 1393 1735 trum
1413 1704 1597 1735 salubriter
1615 1706 1645 1735 et
1662 1705 1803 1741 utiliter,
1823 1707 1893 1736 Deo
1913 1707 2040 1744 previo,
2063 1707 2262 1746 dirigantur.

1344 1758 1395 1787 Ad
1410 1766 1590 1796 personam
1603 1759 1716 1797 itaque
1730 1760 1823 1788 tuam
1837 1759 2022 1797 dirigentes
2037 1761 2222 1799 apostolice
2239 1770 2314 1792 con-

1305 1811 1523 1841 siderationis
1543 1811 1704 1841 intuitum
1718 1814 1749 1841 et
1764 1812 1907 1842 virtutes
1920 1813 2044 1851 quibus
2061 1822 2134 1844 eam
2151 1814 2314 1845 virtutum

1304 1864 1471 1894 Dominus
1489 1864 1677 1903 insignivit,
1694 1865 1959 1902 considerantes,
1980 1868 2015 1896 ut
2034 1867 2199 1902 convenit,
2219 1868 2316 1898 firma

1305 1925 1365 1956 spe
1379 1917 1567 1956 fiduciaque
1587 1920 1741 1947 tenemus
1759 1918 1848 1956 quod
1865 1921 1959 1948 actus
1973 1921 2061 1954 tuos,
2076 1920 2135 1950 illo
2150 1921 2316 1960 dirigente

1305 1970 1363 2008 qui
1376 1972 1497 2009 potest,
1529 1972 1560 2000 et
1578 1971 1642 2000 iter
1654 1979 1855 2009 prosperum
1881 1972 2023 2002 faciente
2043 1973 2099 2011 qui
2120 1974 2225 2010 novit,
2250 1974 2316 2004 sol—

1304 2023 1493 2053 licitudinis
1508 2025 1564 2053 tue
1578 2024 1771 2054 ministerio
1786 2027 1884 2054 erunt
1901 2034 2003 2063 prava
2019 2026 2053 2055 in
2071 2026 2198 2056 directa
2220 2029 2250 2057 et
2266 2036 2316 2057 as-

1305 2085 1386 2115 pera
1404 2079 1642 2107 convertentur
1670 2077 1702 2106 in
1731 2077 1850 2115 plana,
1874 2078 2027 2117 ideoque,
2049 2079 2089 2109 de
2104 2082 2162 2109 tna
2180 2080 2318 2111 sinceri-

1305 2132 1372 2160 tate
1388 2130 1523 2169 plenam
1552 2131 1585 2160 in
1618 2131 1763 2160 Domino
1794 2131 1949 2161 fiduciam
1980 2132 2183 2169 0111111011103,
2212 2136 2317 2164 recto-

1274 2172 1275 2182 1

1305 2184 1390 2214 riam
1421 2184 1562 2214 ducatus
1606 2184 1779 2222 Spoletani
1812 2187 1843 2214 et
1871 2185 2017 2215 Mart-hie
2045 2187 2254 2217 Auconitane
2285 2190 2316 2218 et

1305 2238 1417 2267 Masse
1446 2237 1607 2267 'l‘rabarie
1628 2247 1664 2267 ac
1696 2238 1872 2274 Perusine,
1895 2239 2096 2275 Castellane,
2119 2241 2314 2278 vtudertine,

1305 2291 1518 2325 Narniensis,
1553 2291 1819 2320 Interamnensis
1855 2294 1885 2321 et
1914 2292 2054 2322 lte-atine
2086 2293 2259 2323 civitatum
2286 2297 2315 2324 et

1305 2344 1492 2374 diocesium
1507 2353 1691 2382 earumque
1708 2345 1935 2379 districtuum,
1949 2348 2015 2375 tani
2029 2346 2060 2375 in
2079 2347 2316 2384 spiritualibus

1306 2406 1407 2436 quam
1427 2397 1461 2426 in
1488 2397 1745 2435 temporalibus.
1764 2397 1837 2428 tibi.
1871 2399 2079 2435 presentium
2106 2400 2315 2436 auctoritate,

1305 2450 1563 2485 committimus,
1597 2450 1807 2480 concedendo
1839 2450 1900 2480 tibi
1940 2450 2082 2481 liberam
2114 2455 2315 2490 potestatem

1306 2503 1484 2533 exercendi
1516 2503 1677 2541 quicquid
1703 2503 1821 2532 honori
1847 2503 1987 2534 ecclesie
2014 2505 2165 2534 Romane
2194 2508 2223 2535 et
2251 2507 2315 2536 uti-

1305 2556 1394 2586 litati
1420 2556 1572 2586 fidelium
1602 2555 1728 2586 ibidem
1751 2556 1971 2586 existentium
2001 2558 2160 2595 expedire
2180 2560 2316 2590 noveris

1274 2626 1275 2647 3
1306 2610 1340 2639 in
1357 2610 1528 2648 utrisque,
1546 2618 1582 2638 ac
1611 2609 1850 2638 nichilominus
1876 2609 1909 2638 111
1934 2610 2068 2646 ducatu,
2090 2611 2250 2649 marchia,
2272 2612 2315 2643 ci-

1306 2662 1480 2697 vitatibus,
1499 2662 1691 2691 diocesibus
1711 2664 1741 2691 et
1765 2662 1977 2692 districtibus
2002 2663 2176 2701 predictis,
2195 2665 2318 2697 Roma-

1275 2716 1276 2733 *
1306 2716 1397 2746 niola
1407 2724 1551 2753 quoque,
1562 2715 1728 2745 Gradensi
1743 2717 1774 2744 et
1788 2715 2007 2753 Aquilegensi
2020 2717 2315 2754 patriarchatibus,

1307 2769 1377 2798 illis
1397 2767 1592 2798 civitatibus
1623 2776 1660 2797 ac
1687 2776 1802 2797 earum
1833 2768 2027 2799 diocesibus
2047 2772 2077 2800 et
2105 2770 2318 2802 districtibus

1306 2821 1457 2859 exceptis
1477 2829 1541 2858 que
1571 2821 1649 2849 sunt.
1673 2820 1712 2850 de
1729 2821 1903 2858 provincia
1925 2821 2138 2859 Lombardie,
2157 2824 2316 2855 circums-

1307 2873 1452 2912 pectioni
1468 2876 1523 2903 tue
1547 2873 1644 2911 plone
1663 2873 1843 2912 legationis
1862 2874 2012 2904 officium
2043 2876 2204 2907 duximus
2231 2887 2321 2909 com-

1308 2926 1522 2961 mittendum,
1541 2928 1588 2961 ut,
1615 2926 1713 2964 juxta
1732 2926 1845 2956 datam
1870 2926 1931 2957 tibi
1961 2936 1980 2958 a
2001 2929 2071 2959 Deo
2090 2930 2316 2968 prudentiam,

2156 2998 2190 3024 39
