2547 3289
201 176 258 206 132
1005 167 1231 199 REGISTRE
1253 162 1469 200 CAMERAL

198 258 360 288 debentur
376 256 521 286 dubitari
541 254 722 292 contingat,
749 261 871 283 census
885 254 917 283 et
933 252 1070 283 nomina
1089 261 1203 291 perso-

197 318 313 340 narum
333 310 363 338 et
381 308 529 337 locorum
547 307 711 344 ipsorum,
727 306 813 335 sicut
832 306 867 335 111
881 305 1036 345 registris
1050 305 1201 345 ejusdem

196 363 345 393 Romane
360 359 500 391 ecclesie
511 359 738 394 continentur,
754 358 815 388 51111
827 357 921 388 1111113
930 360 1047 388 nostra
1060 358 1203 389 fecimus

195 415 347 445 annotari
363 425 368 443 :

312 515 348 544 In
386 514 652 554 archiepiscopum
682 512 914 552 θην-(1090101131,
955 513 1201 543 monasterium

233 570 346 598 sancte
364 568 483 598 Crucis
497 576 601 597 111111111
617 565 882 596 marabutinum.

232 621 475 652 Monasterium
492 620 599 651 sancti
613 619 774 650 Macharii
793 619 943 658 quinque
958 619 1098 649 solidos.

230 673 519 713 Petragoricensis
536 673 677 703 ecclesia
691 673 732 702 (16
748 672 968 703 Bledemonte
984 672 1133 711 quinque
1151 680 1202 702 50-

192 728 291 758 lidos.
751 754 754 755 γ

231 779 347 810 Abbas
361 779 635 819 Burdegalensis‚
652 787 755 808 unam
770 787 918 808 marcam
934 779 1074 817 argenti.

232 833 385 864 Ecclesia
409 833 517 863 sancti
535 832 726 862 Sebastiam
743 832 783 862 de
806 831 996 862 Mirahellis
1017 831 1103 861 duos
1121 830 1202 861 soli-

192 887 254 917 dos
268 886 541 925 Engolismensis
559 887 703 915 monete.

310 939 347 968 In
379 939 554 979 episcopatu
587 937 773 971 pictavensi,
806 937 1053 968 monasterium
1088 939 1201 967 sancte

231 992 350 1023 Crucis
366 1000 469 1021 unam
484 991 619 1021 unciam
637 991 721 1021 anri.

230 1045 454 1076 Malleacense
467 1044 713 1074 monasterium
731 1044 849 1082 viginti
868 1043 1008 1073 solidos.

230 1098 383 1129 Ecclesia
401 1099 515 1128 sancte
529 1097 709 1127 Trinitatis
724 1096 764 1127 de
781 1096 970 1127 Maloleone
989 1096 1075 1127 duos
1093 1105 1202 1126 111313-

190 1151 338 1181 1111111105.

230 1203 477 1235 Monasterium
493 1204 667 1233 Isercense
685 1203 771 1233 duos
787 1202 1035 1233 marabutinos.

229 1257 475 1288 Mouasterium
492 1256 611 1286 Pontis
628 1256 791 1290 Euraudi,
808 1264 913 1286 unum
933 1255 1199 1286 marabutinum.

229 1310 381 1340 Ecclesia
398 1310 505 1339 sancti
522 1309 614 1339 Petri
632 1309 666 1338 in
689 1309 772 1338 villa
787 1309 983 1339 Mascarans
1003 1317 1021 1339 3
1038 1309 1111 1339 51115
1126 1318 1202 1339 0011-

189 1363 357 1394 (litoribus
376 1363 527 1393 Romane
545 1361 686 1392 ecclesie
709 1362 834 1392 tradita
851 1364 901 1392 est
928 1364 961 1392 et
977 1370 1045 1391 11113
1068 1370 1200 1401 queque

189 1417 310 1446 domus
324 1415 475 1454 ejusdem
490 1415 571 1444 ville
586 1414 687 1445 solvit
703 1415 876 1445 annuatim
896 1416 1025 1453 septem
1043 1415 1201 1445 denarios

189 1469 416 1500 Pictavenses.

227 1521 473 1552 Monasterium
490 1521 597 1551 sancti
617 1520 781 1551 Maxentii
801 1521 951 1559 quinque
975 1520 1105 1551 solidos
1126 1521 1200 1550 Pic-

187 1575 338 1605 tavensis
354 1576 498 1605 monete.

308 1628 346 1657 In
375 1628 551 1667 episcopatu
571 1627 791 1663 Xanceonensi‚
816 1627 1063 1657 monasterium
1084 1628 1199 1657 sancte
1230 1656 1232 1663 ,

187 1681 292 1712 Marie
310 1681 562 1711 Xanctonensis
576 1681 725 1719 quinque
743 1680 884 1711 solidos.

226 1734 379 1764 Ecclesia
402 1734 509 1764 sancti
536 1734 629 1764 Petri
655 1734 694 1764 de
712 1733 881 1764 Archiano
903 1735 973 1764 tres
997 1733 1126 1764 solidos
1144 1742 1199 1764 en-

188 1787 349 1818 forziatos
369 1787 463 1817 illius
484 1789 586 1818 terre.

226 1841 357 1871 Domus
385 1840 625 1871 elemosinaria
646 1840 685 1870 de
715 1839 874 1871 Roccella
904 1849 1011 1870 unum
1042 1840 1199 1870 malachi-

187 1902 279 1924 num.

226 1947 356 1977 Domus
374 1946 613 1977 elemosinaria
627 1947 667 1976 de
683 1947 788 1976 Ponte
804 1955 911 1976 unum
927 1945 1149 1977 bizantinum.

225 1999 470 2030 Monasterium
487 1999 593 2029 sancti
606 1999 767 2037 Stephani
783 1999 823 2029 de
839 1999 946 2029 Bazac
960 2007 1065 2029 unum
1084 1999 1197 2030 111231]-
1232 2009 1233 2018 ¹

186 2051 307 2082 tinum.

226 2104 404 2143 Hospitale
421 2105 461 2135 de
479 2104 682 2144 Talleburgo
699 2113 805 2135 unum
821 2104 1045 2135 bizantinum.

226 2158 357 2188 Domus
383 2157 623 2188 elemosinaria
643 2158 683 2188 de
699 2158 862 2188 Mastacio
884 2166 987 2188 unum
1015 2157 1199 2188 marabuti-

187 2219 278 2241 1111111.

305 2263 342 2293 In
361 2264 541 2304 episcopatu
569 2263 601 2293 E
602 2263 808 2302 nqolismensn
836 2263 979 2294 ecclesia
1004 2264 1112 2294 sancti
1137 2264 1199 2295 Pe-

225 2317 270 2347 tri
287 2317 326 2346 de
343 2317 446 2355 Stupe
466 2317 616 2356 quinque
633 2317 772 2347 solidos.

225 2370 470 2400 Monasterium
488 2370 594 2400 sancti
609 2370 727 2401 Osonii
742 2379 847 2400 unum
869 2369 1133 2401 marabutinum.

225 2423 470 2454 monasterium
486 2423 593 2453 sancti
610 2423 767 2462 Eparchii
786 2423 872 2453 duos
889 2422 1134 2454 marabutinos.

305 2475 343 2504 In
363 2476 540 2515 episcopatu
563 2475 821 2515 Petraqoricensi‚
845 2477 1092 2507 monasterium
1118 2477 1200 2507 Tos-

186 2528 375 2559 toriacense
389 2537 495 2558 unum
511 2528 777 2560 marabutinum.

226 2581 441 2620 Episcopalis
461 2581 559 2612 sedes
576 2582 661 2612 duos
679 2581 925 2613 marabutinos.

227 2634 380 2664 Ecclesia
395 2634 503 2665 sancti
519 2635 702 2665 Frontonis
718 2635 804 2666 duos
823 2635 1068 2666 marabutinos.

226 2687 379 2717 Ecclesia
395 2687 503 2718 sancti
522 2688 675 2718 Austerii
691 2697 797 2718 unum
813 2688 1078 2719 marabutinum.

227 2740 472 2771 Monasterium
487 2741 558 2771 Sari
566 2742 682 2771 atense
698 2750 803 2772 unum
818 2741 1071 2772 marabutinum
1085 2750 1147 2781 pro
1162 2751 1198 2773 se

189 2793 221 2822 et
239 2793 343 2823 alium
370 2801 431 2832 pro
458 2793 586 2824 Fitensi
613 2796 645 2824 et
671 2794 776 2825 alium
802 2803 863 2834 pro
892 2795 1076 2834 Isagriensi
1095 2795 1197 2825 eccle·
1228 2801 1229 2804 ’

189 2845 264 2875 siis.

1304 253 1443 293 Capella
1466 255 1572 285 sancti
1599 254 1746 286 Orrichii
1772 255 1838 286 sita
1861 256 1896 286 in
1920 257 2061 288 castello
2079 257 2120 289 de
2145 258 2279 290 Gorzon

1263 306 1378 337 decem
1394 307 1533 338 solidos.

1302 359 1481 399 Hospitale
1500 361 1540 391 de
1558 360 1769 392 Scornabove
1786 370 1892 392 unum
1907 363 2190 394 mazamutinum.

1304 412 1462 443 Castrum
1479 414 1519 444 de
1535 414 1669 444 Gurson
1688 422 1795 444 unum
1811 415 2077 447 marabutinum.

1383 465 1421 494 In
1450 467 1625 507 episcopatu
1653 467 1841 507 Aqennensi,
1869 468 2048 507 Hospitale
2082 469 2190 500 53110ῒί
2216 470 2280 500 Mi-

1263 517 1389 548 chaelis
1407 519 1506 558 juxta
1530 522 1663 558 portani
1684 520 1921 560 ,agennensem
1945 521 2123 552 duodecim
2153 523 2278 553 morla-

1263 579 1337 601 nos.

1302 624 1455 655 Ecclesia
1469 626 1577 656 sancti
1593 626 1747 665 Caprasii
1762 635 1868 657 unum
1883 627 2124 658 malachinum.

1301 677 1546 708 Monasterinm
1571 678 1806 710 Condomense
1830 680 1979 719 quinque
2005 679 2135 711 solidos
2156 681 2278 711 morla-

1262 737 1397 760 11611565.

1381 783 1419 812 In
1452 783 1717 824 archiepiscopatu
1747 786 1920 821 Auxitano,
1959 785 2192 818 Generesense
2228 795 2280 818 06-

1262 836 1402 866 nobium
1418 837 1503 867 duas
1517 839 1633 867 uncias
1648 838 1734 868 auri.

1381 888 1418 918 In
1445 890 1582 929 Aquensi
1611 890 1800 930 episcopatu,
1840 891 1983 922 60016513
2018 894 2134 923 5311016
2159 892 2280 923 Crucis

1263 951 1367 972 11111111]
1386 942 1651 973 marabutinum.

1302 996 1548 1026 Monasterium
1581 996 1688 1026 sancti
1715 996 1877 1027 Johannis
1903 997 1944 1028 de
1968 998 2100 1029 Sordua
2127 998 2278 1038 quinque

1263 1048 1392 1078 solidos
1409 1051 1543 1080 monete
1562 1049 1655 1079 illius
1672 1051 1773 1080 terre.

1382 1101 1418 1131 In
1451 1103 1632 1142 episcopatu
1665 1102 1819 1132 Adur-ensi
1844 1102 1892 1132 vel
1915 1102 2102 1139 conserano,
2134 1104 2279 1136 ecclesia

1303 1156 1410 1186 sancti
1426 1155 1543 1186 Severi
1561 1156 1711 1195 quinque
1729 1156 1858 1186 solidos
1873 1156 2104 1188 pictavenses.

1382 1208 1420 1237 In
1447 1209 1659 1248 episcopatuo,
1679 1209 1875 1248 Biyoriumo=
1903 1211 2148 1241 monasterium
2172 1210 2280 1242 Gene-

1302 1270 1401 1292 rense
1414 1262 1511 1301 juxta
1528 1262 1701 1301 Bigoriam
1718 1263 1803 1293 duas
1817 1263 1937 1293 uncias
1949 1263 2036 1293 auri.

1301 1315 1549 1345 Monasterium
1575 1315 1819 1352 condomense,
1851 1316 2002 1355 quinque
2035 1316 2164 1347 solidos
2188 1326 2278 1348 mor-

1262 1368 1369 1398 131105.

1382 1421 1418 1450 In
1456 1422 1633 1462 episcopatu
1674 1421 1845 1459 Vasalensi,
1883 1423 2131 1453 monasterium
2163 1423 2277 1454 Blavi-

1301 1474 1429 1504 montis
1448 1475 1597 1513 quinque
1615 1474 1745 1505 solidos
1761 1475 2044 1515 Burdegalenses.

1383 1531 1418 1561 In
1464 1532 1729 1572 archiepiscopatu
1779 1531 1983 1570 Narbonensi,
2029 1533 2277 1565 monasterium

1300 1585 1490 1616 Grassense
1507 1586 1656 1625 quinque
1677 1585 1922 1616 marabutinos.

1299 1628 1546 1669 Monasterium
1561 1639 1670 1669 sancti
1687 1640 1813 1670 Aniani
1832 1639 1918 1670 duos
1933 1640 2073 1670 solidos.

1299 1692 1547 1722 Monasterium
1575 1692 1684 1722 sancti
1705 1692 1820 1723 Pontii
1842 1692 1928 1722 duos
1953 1692 2083 1723 solidos
2109 1693 2278 1733 mergula—

1259 1753 1332 1775 nos.

1299 1798 1454 1828 Ecclesia
1472 1798 1581 1828 sancti
1598 1798 1691 1829 Petri
1711 1798 1752 1828 de
1776 1798 1946 1838 Arignano
1965 1807 2071 1829 unum
2090 1798 2277 1830 marabuti—

1260 1859 1355 1881 num.

1380 1904 1417 1933 In
1438 1904 1616 1944 episcopam
1644 1904 1890 1941 Carcossoncnsi,
1909 1905 2158 1936 monasterium
2181 1906 2278 1937 Elec-

1299 1959 1396 1988 tense
1411 1966 1515 1988 unam
1533 1957 1656 1987 libram
1673 1958 1802 1997 argenti
1818 1966 1879 1996 per
1890 1958 2088 1988 trienninm.

1379 2010 1419 2040 In
1435 2011 1613 2050 episcopatu
1635 2010 1830 2047 Bina-revisi,
1855 2011 1999 2042 60016513
2027 2012 2136 2042 sancti
2161 2011 2278 2043 Jacobi
2305 2008 2309 2010 ⁵

1298 2072 1405 2094 unum
1421 2063 1685 2094 marabutinum.

1298 2117 1452 2147 Ecclesia
1470 2118 1577 2148 sancti
1595 2117 1687 2148 Petri
1711 2117 1752 2148 de
1768 2118 1861 2148 Mare
1883 2126 1989 2148 unum
2008 2117 2275 2149 marabutinum.

1299 2170 1545 2200 Monasterium
1567 2171 1675 2201 sancti
1692 2171 1785 2201 Petri
1800 2170 1983 2201 Insellensi
1999 2179 2106 2201 unum
2123 2170 2278 2202 marabu-

1258 2223 1381 2253 tinum.

1377 2276 1413 2305 In
1443 2277 1619 2316 episcopatu
1645 2277 1826 2317 Ayalhensi,
1860 2277 2041 2316 episcopus
2070 2277 2275 2317 Agathensis

1298 2338 1360 2368 pro
1378 2330 1493 2360 insula
1509 2330 1593 2361 Cere
1610 2330 1695 2361 duos
1713 2329 1948 2360 marabutinos
1965 2331 2050 2361 auri.

1297 2383 1545 2414 Monasterium
1564 2383 1671 2414 sancti
1692 2383 1831 2422 Tyberii
1849 2391 1954 2414 unum
1972 2382 2238 2415 marabutinum.

1378 2435 1415 2465 In
1448 2437 1624 2476 episcopatu
1656 2435 1839 2472 Tholosano,
1866 2436 2009 2467 60016513
2042 2437 2150 2467 sancti
2176 2436 2276 2467 Volu-

1299 2489 1387 2519 siani
1405 2490 1442 2520 in
1466 2489 1541 2520 loco
1558 2489 1618 2529 qui
1640 2492 1775 2520 vocatur
1791 2489 1924 2525 Fui-um,
1944 2490 1951 2507 ¹
1970 2490 2120 2529 quinque
2142 2489 2275 2521 solidos

1298 2542 1530 2573 pictavenses.

1300 2595 1451 2626 Ecclesia
1464 2596 1571 2626 sancti
1581 2595 1755 2626 Saturnini
1767 2596 1882 2626 decem
1898 2596 2027 2627 solidos
2037 2597 2269 2627 pictavenses.

1378 2648 1415 2678 In
1433 2649 1607 2689 episcopatu
1623 2648 1848 2689 Mayalonensi,
1863 2649 2007 2680 ecclesia
2018 2648 2270 2689 Magalonensis

1298 2711 1401 2732 1111311]
1435 2703 1569 2732 1111013111
1603 2704 1737 2733 monete
1772 2703 2026 2742 Magalonensis
2055 2704 2087 2733 et
2127 2703 2274 2742 quatuor

1298 2755 1416 2786 uncias
1434 2756 1519 2786 auri.

1290 2858 1313 2881 1.
1330 2856 1369 2881 Le
1385 2857 1544 2882 manuscrit
1562 2860 1643 2889 porte
1659 2865 1712 2890 par
1725 2865 1825 2883 erreur
1840 2858 1927 2882 Lusis.
