2547 3289
245 231 285 259 40
1055 217 1281 250 REGISTRE
1304 209 1518 247 CAMERM„

240 311 375 342 cellario
393 309 555 341 carissimi
573 309 605 338 in
624 307 754 337 Christo
772 305 833 335 filii
851 304 954 334 nostri
975 326 995 334 ..
1014 302 1102 341 regis
1127 301 1250 339 Anglo-

243 373 313 394 rum
333 363 487 396 illustris,
505 361 615 391 verbis
630 359 854 398 competenter
871 356 1020 387 mutatis.

280 417 318 446 In
334 415 474 445 eundem
491 413 625 443 modum
642 411 745 442 nobili
762 411 833 440 viro
847 409 1003 448 Philippo
1021 407 1170 443 Basseto,
1187 414 1253 436 ma-

242 478 304 508 gno
316 467 497 507 justitiario
512 466 610 496 dictis
629 464 728 503 regis,
742 463 878 493 mutatis
894 461 1076 492 mutandis.

280 522 316 551 ln
333 521 473 551 eundem
484 519 618 549 modum
633 541 652 547 ..
669 517 779 554 regine
793 516 923 554 Anglie,
939 514 1073 544 mutatis
1086 513 1254 543 mutandis

280 573 479 604 Iucundum
505 572 640 601 modum
659 569 761 600 nobili
791 569 863 599 viro
883 568 981 598 Petro
1012 567 1051 597 de
1075 565 1252 601 Sebaudia,

243 627 375 656 mutatis
391 624 572 655 mutandis.

283 679 464 709 Carissimo
483 678 515 707 in
533 677 664 707 Christo
683 676 752 706 filio
772 699 790 704 ..
809 673 930 704 illustri
948 672 1015 711 regi
1030 670 1162 710 Anglie.

313 835 327 864 1
340 834 383 864 '1ss
630 827 857 856 Montetiascone,
876 826 905 850 10
921 824 1086 858 septembre
1106 824 1181 848 tae-2.

280 916 414 949 Magistro
436 912 592 943 Leouardo,
613 910 723 937 cantori
746 908 932 938 Messaneush
957 907 1075 933 mundat
1103 908 1133 932 ut
1154 913 1255 932 omnes

244 965 384 991 debitores
401 963 429 989 in
447 961 549 995 Anglia
567 959 642 986 Petri
660 957 748 985 Seetti
767 959 794 983 et
814 956 969 988 sociorum,
989 957 1183 981 mercatorum
1207 954 1256 979 Se-

246 1012 389 1043 nensiuin,
407 1011 443 1036 ad
458 1008 625 1036 solvendum
642 1004 976 1039 sibi,1,eonurd0‚dcbita
992 1003 1157 1037 compellat.
1175 1003 1255 1036 (um.

246 1063 288 1091 Ξῖ,
308 1060 356 1086 t'ol.
374 1061 405 1085 35
423 1063 461 1090 νο,
479 1062 510 1084 11⁰
527 1059 566 1089 1.)

291 1162 304 1175 «
335 1147 446 1177 Dilecto
470 1146 537 1185 silio
563 1144 706 1184 magistre
730 1141 901 1178 Leonnato,
926 1141 1042 1170 canteri
1064 1139 1256 1174 Messanensi,

247 1201 404 1241 capellano
422 1205 448 1229 et
471 1199 574 1228 manlio
590 1203 690 1227 nestro
709 1198 739 1226 τή
757 1197 881 1235 Anylia.
903 1196 991 1225 Olim
1006 1195 1148 1224 dilectus
1168 1193 1258 1223 filius

249 1255 407 1285 Nicotaus
424 1254 462 1283 de
486 1252 649 1290 Anagnia,
668 1250 861 1289 capellanus
879 1249 1002 1284 noster,
1023 1248 1099 1278 tunc
1117 1255 1258 1276 camera-

249 1309 318 1339 rius
328 1307 433 1337 felicis
447 1304 683 1336 recordationis
693 1302 875 1333 Alexandri
885 1310 979 1340 pape,
993 1299 1260 1339 [predecessoris]

250 1361 352 1391 nostri
377 1369 395 1389 a
418 1360 516 1389 Petro
533 1358 634 1388 Scotti
652 1357 789 1395 ejusque
805 1355 917 1389 sociis,
941 1354 1072 1383 civibus
1093 1355 1123 1383 et
1139 1361 1260 1382 merca-

248 1414 376 1444 toribus
393 1411 611 1445 Senensibus,
628 1409 834 1439 demandato
850 1406 1095 1446 predecessoris
1112 1406 1138 1444 ej
1146 1406 1260 1435 usdem

251 1466 412 1506 quasdam
429 1473 487 1503 pro
506 1463 636 1502 negotio
652 1462 745 1500 regni
760 1461 873 1492 Sicilie
891 1460 1013 1498 recepit
1030 1461 1143 1489 mutuo
1166 1467 1260 1497 pecu-

249 1520 302 1550 nie
317 1518 528 1557 quantitates,
537 1525 573 1546 ac
584 1524 642 1554 pro
654 1515 719 1544 hiis
730 1515 915 1544 Romanam
927 1512 1100 1543 ecclesiam
1113 1513 1141 1541 et
1153 1512 1260 1550 ipsius

247 1570 490 1611 predecessoris
506 1577 670 1599 cameram
687 1567 813 1597 eisdem
830 1565 1068 1596 mercatoribus
1086 1565 1257 1602 obligavit.

248 1623 477 1661 Verum,‹‘1uia
495 1622 572 1652 dit-ti
599 1621 718 1651 Petrus
740 1619 843 1650 Scotti
869 1620 900 1648 et
925 1618 1018 1652 socii,
1047 1617 1121 1647 licet
1147 1617 1190 1646 sit
1211 1617 1260 1646 eis

245 1685 301 1715 pro
318 1676 458 1705 ecclesia
474 1675 513 1704 de
531 1672 722 1712 hujusmodi
740 1672 865 1702 mutuis
883 1671 1031 1709 plenarie
1052 1670 1258 1699 satisfactum

244 1737 462 1767 magnamque
484 1728 570 1757 ultra
594 1734 760 1756 summam
778 1734 836 1763 pro
861 1724 944 1762 ipsis
970 1723 1095 1753 mutuis
1120 1723 1258 1752 ecclesie

243 1782 384 1819 predicte
407 1780 559 1810 traditam
575 1778 790 1809 inveniantur
812 1777 978 1815 recepisse
996 1776 1135 1814 pecunie
1157 1784 1258 1814 quan-

243 1835 379 1867 titatem,
401 1833 623 1863 instrumenta
644 1840 701 1869 per
717 1839 780 1869 que
801 1830 923 1860 liabent
945 1838 1045 1868 super
1065 1828 1259 1867 hujusmodi

241 1888 361 1918 debitis
391 1887 494 1925 ipsam
525 1885 700 1915 ecclesiam
737 1884 916 1922 obligatam
945 1884 976 1912 et
1005 1882 1180 1920 pecuniam
1214 1881 1259 1919 ip-

240 1950 312 1971 sun
327 1941 372 1969 sie
399 1940 563 1977 receptam
594 1938 741 1967 debitam
767 1936 903 1966 reddere
932 1935 1144 1973 pertinaciter
1185 1943 1257 1964 cen-

242 1994 418 2027 tradicunt‚
445 2001 503 2022 nos
530 1999 630 2029 snper
657 1990 717 2019 boc
734 1989 882 2019 volentes
898 1988 1005 2018 eidem
1020 1987 1157 2017 ecclesie
1185 1987 1256 2025 qui·

242 2046 302 2076 bus
340 2053 518 2084 possumus
546 2043 701 2073 remediis
748 2041 944 2080 providere,
980 2040 1173 2070 discretioni
1203 2041 1258 2069 tue

241 2107 297 2137 per
341 2097 521 2136 apostolica
561 2096 683 2133 scripta
725 2095 922 2124 mandamus
957 2095 1143 2132 quatenus,
1182 2101 1256 2122 cum

244 2153 442 2181 mercatores
466 2149 529 2188 ipsi
559 2148 738 2178 nonnullos
764 2147 884 2176 habere
906 2147 1060 2176 dieantur
1080 2146 1113 2176 in
1137 2146 1258 2183 Angli-a

244 2204 421 2237 debitores,
450 2203 488 2232 de
511 2202 577 2231 hiis
600 2210 657 2240 per
686 2202 715 2230 te
742 2201 774 2230 et
795 2200 879 2230 alios
907 2208 965 2238 per
987 2200 1092 2229 totum
1118 2207 1256 2237 regnum

245 2257 353 2295 ipsum
390 2255 561 2293 inquirens
589 2254 793 2291 diligentius,
824 2253 896 2282 sine
923 2260 1015 2282 mera
1038 2260 1154 2281 omnes
1181 2252 1256 2282 illos

243 2310 308 2338 tam
338 2308 477 2338 clericos
501 2315 601 2345 quam
630 2306 744 2342 laicos,
774 2305 1015 2344 cujuscumque
1041 2304 1253 2338 conditionis,

238 2361 368 2391 ordinis
388 2360 441 2390 vel
457 2359 630 2397 diguitatis
650 2358 829 2392 extiterint,
849 2367 932 2396 quos
949 2358 1117 2387 inveneris
1133 2366 1254 2387 merca-

237 2414 364 2444 toribus
378 2412 459 2451 ipsis
470 2413 502 2442 in
514 2412 627 2450 aliqua
640 2420 770 2441 summa
786 2411 924 2449 pecunie
937 2410 1110 2448 obligatos,
1122 2418 1255 2440 monere

240 2475 303 2496 non
323 2466 457 2495 disseras
474 2474 510 2495 ac
527 2473 567 2494 ex
583 2465 674 2503 parte
692 2464 802 2494 nostra
818 2463 865 2492 eis
883 2463 947 2492 sub
966 2471 1048 2501 pena
1065 2471 1254 2492 exeommu-

239 2518 416 2549 nicationis
432 2517 578 2547 districte
596 2517 765 2555 preripere
780 2525 818 2545 ne
832 2516 869 2545 dt·
887 2515 1030 2554 pecunia
1047 2515 1119 2553 ipsa
1135 2524 1256 2546 merca-

236 2571 365 2601 toribus
382 2570 464 2609 ipsis
482 2570 534 2600 vel
550 2578 665 2599 eorum
682 2569 794 2603 alicui,
813 2569 866 2597 aut
883 2568 1037 2606 cuiquam
1056 2567 1111 2597 alii
1128 2576 1186 2606 pro
1206 2567 1254 2597 eis

237 2624 474 2662 respondean&
491 2622 547 2653 sed
567 2622 670 2656 illam,
685 2621 713 2651 si
727 2621 809 2651 ferte
821 2621 890 2658 jam
904 2621 1065 2650 terminus
1076 2620 1254 2650 solutionis

237 2676 397 2714 preteriit,
423 2675 474 2705 vel
502 2684 577 2705 cum
597 2674 759 2705 terminus
782 2673 850 2712 ipse
880 2673 1063 2709 advenerit,
1077 2673 1148 2702 sine
1173 2673 1254 2702 dila-

238 2729 325 2758 tione
348 2728 408 2758 tibi
438 2727 570 2758 nomine
597 2728 708 2757 nostro
732 2727 762 2756 et
784 2726 922 2756 ecclesie
951 2726 1100 2756 Romane
1129 2725 1251 2764 persol-

241 2782 328 2810 vant.
350 2780 624 2815 Contradictores,
649 2780 724 2814 etc„
749 2787 854 2817 usque
875 2778 1127 2817 compescendo.
1156 2778 1252 2808 Invo-

240 2834 322 2869 cato,
345 2834 406 2863 etc.
433 2833 507 2863 Non
529 2832 680 2862 obstante
709 2832 737 2861 si
760 2849 808 2861 —.
830 2831 995 2870 Quicquid
1021 2831 1130 2861 autem
1154 2839 1253 2870 super

242 2885 307 2915 biis
325 2885 441 2914 seceris
462 2893 518 2923 per
535 2885 659 2915 litteras
679 2886 752 2914 tuas
774 2884 869 2914 nobis
890 2884 1023 2914 studeas
1052 2883 1252 2922 quantocius

1312 299 1476 329 intimare.
1492 298 1615 328 Datum
1631 296 1718 335 apud
1735 295 2072 331 Montemssasconem,
2086 305 2146 325 xm
2160 295 2324 326 kalendas

1311 352 1466 386 octobris,
1485 360 1570 380 anno
1590 350 1746 379 secunto.
1769 361 1782 374 »ι

1380 511 1450 542 1117
1874 505 1998 537 Orvieto,
2015 506 2029 531 6
2042 505 2155 539 Janvier
2172 506 2252 533 ¹253.

1347 594 1484 628 Episcopo
1504 590 1716 619 [interamnensi
1736 589 1853 616 mandat
1872 591 1902 615 ut
1922 589 2058 615 adversus
2077 588 2268 616 Otii-edacium
2291 589 2325 615 de

1314 642 1451 673 Mirauda,
1474 641 1614 675 injustum
1636 642 1836 673 occupatorem
1859 646 1958 664 roccae
1973 638 2008 663 de
2029 637 2324 671 Mirandufflrocedat.

1313 691 1391 724 (Rae.
1410 692 1453 723 27,
1471 690 1520 716 sol.
1539 691 1583 721 36,
1600 693 1630 715 [10
1651 690 1686 720 1.)

1352 785 1393 802 «..
1414 773 1551 812 episcopo
1568 772 1822 810 Interampnense'.
1837 771 1886 801 ,td
1905 770 2326 808 recum-*rationemjurium

1314 826 1451 855 ecclesie
1469 825 1631 858 Romane,
1655 825 1749 862 cujus
1767 824 1930 860 regimini.
1951 823 2148 861 disponente
2167 821 2325 856 Domino,

1315 878 1534 916 presidemus,
1565 877 1673 915 plenis
1700 877 1870 906 affectibus
1900 876 2117 908 intendentes.
2148 883 2224 904 cum
2253 876 2328 904 ante

1315 931 1501 960 districtum
1520 929 1665 967 Judicem
1683 929 1789 959 simus
1807 929 1964 958 reddituri
1981 929 2018 958 de
2037 928 2213 957 commisse
2232 926 2329 957 nobis

1315 983 1486 1014 servitutis
1503 982 1613 1012 officio
1630 982 1802 1015 rationem,
1822 990 1955 1020 operam
1971 982 2149 1020 vigilanter
2167 979 2327 1018 impendi-

1317 1045 1392 1066 mus
1405 1037 1436 1066 et
1448 1037 1600 1065 tenemur
1616 1035 1805 1073 impendere
1820 1043 1859 1064 ne
1873 1036 1983 1063 nostro
1996 1036 2154 1072 tempore,
2168 1034 2329 1071 quantum

1317 1089 1351 1118 in
1380 1088 1477 1118 nobis
1506 1089 1567 1121 est,
1599 1087 1734 1125 deperdi
1759 1087 1836 1125 J'ura
1866 1086 2055 1125 hujusmodi
2089 1086 2330 1125 permittamus.

1317 1141 1456 1180 Propter
1472 1140 1559 1179 quod
1575 1140 1800 1170 Offreducium
1814 1139 1853 1169 de
1869 1139 2031 1173 Miranda,
2043 1139 2098 1177 qni
2112 1148 2169 1177 pro
2180 1139 2336 1177 potestate

1318 1194 1461 1224 civitatis
1478 1193 1618 1224 Reatine
1636 1201 1671 1223 se
1690 1193 1785 1231 gerit,
1812 1193 2001 1230 frequenter
2016 1192 2106 1221 citari
2126 1192 2278 1226 fecimus,
2298 1192 2332 1221 ut

1318 1248 1430 1277 nostro
1458 1255 1493 1277 se
1520 1246 1710 1284 conspectui
1737 1246 1952 1284 presentaret‚
1977 1253 2077 1283 super
2096 1253 2190 1274 rocca
2215 1245 2254 1274 de
2271 1244 2332 1274 Mi-

1317 1300 1432 1336 randa,
1444 1308 1542 1338 quam
1557 1299 1596 1328 ad
1611 1298 1784 1329 ecclesiam
1798 1298 1979 1336 predictam
1993 1299 2195 1335 spectantem
2209 1297 2332 1327 detinet

1318 1354 1522 1392 occupatam,
1546 1352 1712 1382 mandatis
1736 1351 1927 1390 apostolicis
1944 1351 2123 1389 pariturus.
2142 1350 2205 1380 Sed
2221 1349 2332 1380 dilecti

1319 1406 1381 1436 filii
1399 1406 1577 1435 consilium
1594 1407 1624 1435 et
1637 1413 1812 1435 commune
1826 1404 1970 1442 predicte
1983 1403 2126 1433 civitatis
2142 1412 2201 1442 pro
2217 1403 2333 1433 eodem

1319 1460 1356 1490 O.
1376 1460 1486 1498 partes
1507 1468 1584 1488 suas
1609 1458 1855 1495 interponentes
1871 1466 1930 1496 pro
1954 1466 2012 1486 sue
2036 1456 2129 1486 libito
2152 1455 2334 1486 voluntatis

1320 1513 1415 1542 nobis
1431 1512 1534 1542 semel
1553 1513 1583 1541 et
1608 1512 1725 1541 iterum
1744 1519 1803 1549 per
1821 1519 1899 1540 suos
1919 1510 2054 1540 nuntios
2070 1511 2099 1540 et
2116 1509 2242 1539 litteras
2259 1517 2334 1539 cum

1319 1566 1476 1595 instantia
1502 1564 1733 1603 supplicarunt
1760 1565 1807 1600 ut,
1828 1572 1904 1593 cum
1930 1572 2005 1592 eum
2029 1562 2271 1601 assumpserint
2293 1561 2334 1591 ad

1319 1618 1465 1656 regimen
1484 1619 1569 1647 terre
1595 1625 1653 1647 sue
1683 1626 1718 1646 ac
1741 1617 1904 1655 juraverit
1929 1616 2048 1646 exinde
2070 1624 2134 1645 non
2153 1615 2334 1648 discedere,

1317 1672 1442 1702 dICtum
1467 1670 1661 1709 regIminem
1687 1670 1928 1708 prosequendo,
1948 1669 2158 1707 supersederi
2187 1667 2336 1699 citationi

1318 1724 1510 1763 hujusmodi
1522 1724 1716 1753 faceremus.
1735 1723 1783 1752 Ex
1797 1722 1856 1752 boc
1871 1722 2005 1760 quidem
2017 1722 2103 1760 apud
2119 1730 2180 1751 nos
2192 1721 2336 1760 duplicis

1317 1777 1546 1807 admirationis
1573 1784 1673 1805 causa
1698 1776 1878 1813 consurgit,
1894 1777 1964 1804 tum
1990 1775 2067 1813 qnia
2081 1775 2203 1813 ipsum,
2225 1774 2336 1812 quide

1317 1830 1448 1860 civitate
1481 1829 1606 1867 perlida
1633 1828 1813 1858 Narniensi
1842 1837 1908 1857 una
1937 1836 2012 1857 cum
2038 1828 2109 1857 suis
2138 1826 2336 1857 concivibus

1318 1882 1451 1920 propter
1467 1879 1714 1918 dampnabilem
1741 1879 1955 1909 rebellionem
1976 1879 2125 1917 ipsorum
2147 1887 2206 1917 per
2222 1878 2336 1909 sedem

1317 1933 1532 1972 apostolicam
1548 1932 1855 1962 exconununicatus
1872 1932 1985 1962 existit
2000 1932 2040 1961 ad
2054 1932 2238 1970 predictum
2251 1930 2335 1969 regi-

1318 1995 1393 2017 men
1430 1987 1705 2025 presumpserunt
1742 1993 1922 2019 assumere,
1950 1986 2021 2014 tum
2063 1984 2162 2014 etiam
2189 1984 2267 2023 quia
2301 1983 2335 2013 in

1317 2039 1503 2069 detentione
1524 2039 1609 2068 divte
1628 2046 1718 2068 rocce
1742 2038 1808 2067 sibi
1837 2038 1950 2067 contra
1968 2037 2129 2075 prefatam
2146 2037 2335 2070 ecelesiam,

1317 2093 1412 2131 cujus
1434 2093 1510 2122 sunt
1536 2091 1595 2121 tilii
1624 2091 1797 2129 speciales,
1822 2090 1980 2120 videntur
2003 2092 2150 2129 prestare
2174 2090 2335 2123 savorem,

1318 2145 1558 2183 interponendo
1576 2152 1634 2182 pro
1650 2145 1721 2183 ipso
1737 2145 1802 2173 tam
1816 2143 1996 2174 efficaciter
2012 2144 2122 2182 partes
2136 2151 2226 2173 suaS.
2244 2142 2337 2173 Ideo-

1320 2207 1382 2236 que
1394 2197 1631 2228 fraternitatem
1644 2198 1734 2226 tuam
1748 2205 1806 2235 per
1818 2196 1999 2235 apostolica
2012 2196 2133 2235 scripta
2147 2203 2334 2229 monemus.

1317 2252 1350 2281 in
1378 2251 1498 2281 virtute
1521 2250 1707 2280 obedientie
1731 2249 1878 2279 districte
1902 2249 2113 2288 precipiendo
2138 2249 2336 2278 mandantes

1314 2307 1478 2343 quatenus
1494 2304 1535 2334 ad
1553 2303 1734 2342 predictam
1751 2303 1919 2333 civitatem
1939 2305 1968 2333 te
1988 2301 2209 2341 personalIter
2225 2301 2336 2332 confe-

1315 2366 1402 2392 renS,
1431 2365 1594 2386 convoces
1619 2356 1726 2395 ipsius
1762 2355 1933 2394 populum,
1960 2355 2230 2390 cont1··.ulictores,
2260 2356 2335 2389 etc„

1315 2419 1419 2449 usque
1456 2410 1709 2448 compescemlo;
1733 2412 1764 2439 et
1795 2417 1942 2448 exponas
1969 2409 2095 2439 eisdem
2122 2409 2230 2448 quod,
2259 2416 2335 2438 cum

1314 2464 1429 2494 eadem
1447 2463 1586 2493 ecclesia
1599 2463 1689 2501 ipsos
1704 2462 1831 2492 interne
1845 2462 1991 2492 caritatis
2007 2462 2153 2491 brachiis
2169 2460 2336 2500 amplexe-

1314 2518 1366 2546 tur
1391 2517 1422 2546 et
1441 2515 1596 2554 specialis
1613 2516 1832 2554 prosequatur
1854 2515 2062 2553 prerogativa
2087 2514 2225 2548 favoris,
2241 2514 2334 2544 decet

1315 2569 1403 2608 quod
1415 2568 1491 2607 plus
1503 2568 1618 2598 honori
1631 2567 1780 2605 ejusdem
1793 2568 1930 2597 ecclesie
1940 2576 2038 2606 quam
2052 2567 2195 2605 alicujus
2207 2566 2334 2606 private

1313 2629 1454 2660 persone
1472 2620 1674 2659 profectibus
1688 2621 1904 2658 procur.·m‹lis
1920 2620 2108 2655 inten=tant;
2130 2619 2220 2649 dicas
2234 2618 2334 2648 etiam

1314 2674 1397 2712 ipsis
1417 2682 1457 2704 ex
1476 2674 1567 2712 parte
1596 2674 1705 2703 nostra
1724 2673 1811 2711 quod
1829 2673 1855 2702 si
1873 2673 1979 2703 ‹th-tus
1999 2673 2036 2704 O.
2065 2675 2093 2703 et
2113 2672 2178 2711 ipsi
2195 2671 2335 2709 cupiunt

1314 2727 1403 2765 quod
1428 2726 1637 2764 supersederi
1667 2726 1813 2756 citationi
1847 2726 2010 2756 faciamus
2037 2726 2158 2759 eidem,
2188 2724 2333 2754 dimittat

1314 2779 1411 2808 nobis
1436 2779 1583 2816 prefatus
1608 2778 1646 2809 O.
1666 2779 1788 2808 dictam
1807 2787 1936 2809 roceam
1951 2786 2052 2817 quam
2074 2778 2121 2807 sic
2136 2776 2262 2807 detinet
2278 2783 2331 2806 oc-

1313 2832 1516 2870 cupata111‚et
1533 2841 1551 2862 a
1569 2831 1721 2861 citatione
1740 2833 1906 2862 remaneat
1926 2831 2108 2861 absolutus.
2123 2829 2164 2859 Et
2180 2828 2330 2862 tandem,

1315 2884 1343 2914 si
1362 2884 1468 2914 dictus
1493 2883 1531 2914 O.
1562 2892 1688 2914 roccam
1714 2884 1818 2922 ipsam
1846 2893 1865 2914 n
1881 2893 1922 2914 on
1945 2882 2073 2913 duxerit
2097 2881 2326 2912 dimittent-am
