2547 3289
1195 204 1409 236 D'URBAIN
1433 206 1490 236 IV.

299 289 368 319 toto
394 289 509 319 tenore
538 288 578 318 de
597 287 698 319 verbo
723 288 764 318 ad
789 287 930 318 verbum
953 290 1103 327 oporteat
1128 289 1162 318 in
1184 289 1311 319 nostris

300 341 424 372 litteris
442 341 578 380 plenam
596 342 627 372 et
645 350 841 380 expressam
863 341 1069 371 mentionem
1096 341 1181 377 fieri,
1201 343 1232 371 et
1252 351 1311 380 per

299 402 400 432 quam
413 394 521 432 ipsius
533 394 699 432 capellani
717 394 864 432 receptio
874 395 905 424 et
920 394 1070 432 provisio
1088 394 1246 432 impediri
1260 403 1313 423 va-

300 446 389 477 leant
399 446 452 477 vel
466 447 610 482 differri3
631 456 749 486 preces
768 449 879 477 autem
897 449 927 478 et
945 447 1140 477 mandatum
1158 449 1311 477 nostrum

298 499 411 530 taliter
427 500 613 538 adimplere
630 500 755 530 curetis
772 500 861 539 quod
875 500 1047 538 predictus
1063 499 1259 538 capellanus
1277 500 1311 530 in

300 551 397 582 vobis
407 561 507 591 quem
518 554 643 591 sperat,
654 552 802 583 favorem
814 561 849 583 se
859 553 1028 583 invenisse
1039 553 1173 588 letetur,
1183 561 1311 591 nosque

299 605 513 636 devotionem
528 608 676 636 vestram
692 606 865 644 possimus
879 606 1000 636 exinde
1012 605 1133 635 merito
1147 614 1313 636 commen-

299 658 378 688 dare
390 660 421 689 et
433 659 475 688 ad
488 658 695 689 coactionem
705 667 769 697 que
782 659 941 689 meritum
954 658 1115 694 excludit,
1130 658 1311 696 procedere

299 720 365 741 non
374 720 543 750 cogamur.
556 711 681 742 Datum
694 711 782 749 apud
794 710 1083 747 Urbemveterem,
1098 720 1137 739 xv
1148 711 1311 741 kalendas

294 764 394 801 junii,
414 773 500 794 anno
519 764 676 795 secundo.
694 774 709 793 ))

387 954 459 984 367
887 951 1011 985 Orvieto,
1033 951 1136 979 181001
1159 952 1236 979 1263.

331 1038 470 1074 Episcopo
493 1039 663 1066 Carnotensi
687 1040 805 1067 mandat
828 1042 979 1074 quatenus,
999 1042 1114 1074 recepta
1134 1049 1151 1067 a
1167 1040 1309 1075 magistro

295 1087 423 1114 Johanne
445 1088 479 1115 de
498 1088 642 1115 Monciaco
663 1088 856 1124 resignatione
879 1089 1063 1116 canonicatus
1086 1091 1114 1116 et
1131 1090 1309 1124 praebendae

294 1144 381 1171 quam
403 1136 514 1164 obtinet
541 1136 570 1164 iu
593 1137 715 1164 ecelesia
737 1138 763 1164 S.
783 1137 886 1164 Auiani
905 1137 1129 1169 Aurelianensis,
1154 1139 1189 1165 ad
1207 1138 1308 1165 Roma-

295 1193 363 1212 nam
382 1185 537 1213 ecclesiam
552 1186 630 1213 nullo
648 1187 742 1213 medio
761 1186 941 1221 pertinentis,
962 1186 1165 1214 canonicatum
1182 1189 1210 1214 et
1226 1195 1308 1221 prae-

294 1234 418 1261 bendam
432 1242 570 1269 personae
583 1235 701 1262 idoneae
712 1235 882 1262 auctoritate
894 1235 1052 1270 apostolica
1063 1236 1211 1263 concedat.
1227 1237 1308 1270 (REG.

294 1283 340 1317 27,
362 1282 593 1317 f01.101,n01.)

334 1398 348 1413 «
372 1385 543 1415 Venerabili
556 1386 652 1425 fratri
666 1386 804 1426 episcopo
828 1385 1019 1418 Carnotensi.
1047 1387 1131 1418 Cum
1149 1388 1236 1418 Sicut
1258 1397 1310 1418 ac-

294 1439 446 1478 cepimus
460 1458 508 1470 —.
528 1440 653 1470 Datum
670 1442 705 1469 ut
723 1448 826 1479 supra
842 1440 876 1470 in
893 1441 1060 1479 proxima.
1084 1454 1099 1469 υ

384 1629 458 1660 368
852 1629 976 1660 Orvieto,
998 1629 1135 1665 ¹5juillet
1158 1631 1235 1657 1263.

330 1716 522 1751 Insrascriptis
551 1717 670 1744 mandat
686 1718 825 1752 quatenus
852 1717 1017 1744 Gaut'ridum
1038 1718 1071 1745 de
1099 1718 1208 1745 Chunio
1234 1719 1306 1753 (sic),

293 1765 430 1792 clericum
444 1767 472 1792 et
486 1765 732 1801 consanguineum
746 1765 871 1800 episcopi
885 1766 1081 1798 Nivernensis,
1096 1767 1125 1793 in
1134 1767 1306 1794 canonicum

293 1816 321 1840 et
344 1813 373 1840 in
393 1813 513 1841 fratrem
536 1814 624 1848 recipi
647 1814 755 1841 faciant
771 1823 787 1842 a
805 1815 930 1849 capitulo
956 1815 1134 1842 Nivernensi.
1161 1816 1241 1849 (Rae.
1262 1818 1306 1849 -27,

294 1862 342 1889 fol.
363 1863 408 1888 101
428 1866 467 1893 v0,
485 1866 517 1888 0ο
538 1864 573 1897 t.)

335 1980 349 1996 t(
369 1994 374 1999 .
398 1994 404 1999 .
421 1968 526 1998 abbati
544 1969 719 1999 monasterii
733 1969 766 1999 S.
783 1969 941 1999 Laurentii
953 1970 988 1999 de
1003 1969 1150 2007 Abbaeia,
1170 1969 1307 2000 Azctisio-

292 2021 426 2051 (lorensis
451 2021 586 2059 diocesis,
607 2027 635 2052 el
659 2048 665 2054 .
689 2048 694 2053 .
717 2022 831 2053 decano
849 2023 969 2053 ecclesie
986 2023 1227 2054 Aurelianensis.
1246 2024 1305 2054 Di-

292 2075 417 2105 lectum
436 2074 546 2105 filium
566 2075 768 2115 magistrum
789 2094 836 2106 -.
865 2077 990 2107 Datum
1012 2077 1100 2115 apud
1122 2076 1307 2108 Urbemve-

292 2130 411 2165 terem,
427 2128 505 2158 idus
518 2128 608 2167 julii,
626 2137 712 2160 anno
730 2130 889 2160 secundo.
908 2142 922 2157 »

381 2325 454 2357 369

885 2325 1008 2357 Orvieto‚
1025 2327 1059 2352 ⁶20
1071 2326 1134 2361 juin
1156 2328 1229 2354 1263.

325 2412 427 2439 Abbati
444 2413 471 2440 S.
488 2412 615 2444 Quintini
636 2413 816 2440 Belvacensis
833 2415 951 2441 mandat
967 2417 1106 2449 quatenus
1124 2424 1138 2440 «
1158 2415 1186 2441 in
1201 2415 1304 2451 majori
1335 2430 1337 2438 ν

289 2462 318 2488 et
333 2460 454 2496 singulis
481 2461 545 2488 aliis
572 2461 701 2489 ecclesiis
729 2462 891 2497 collegiatis
916 2463 1091 2490 secularibus
1123 2463 1251 2491 civitatis
1277 2467 1305 2491 et

289 2509 411 2536 diocesis
428 2509 619 2541 Belvacensis,
632 2510 660 2537 in
679 2511 780 2545 quibus
795 2512 831 2538 ad
845 2511 1011 2546 episcopum
1026 2512 1229 2540 beneficiorum
1248 2513 1304 2540 col-

291 2557 361 2585 latio
379 2558 514 2593 pertinet,
529 2558 656 2594 singulos
679 2559 797 2587 clericos
821 2559 937 2587 idoneos
960 2569 1030 2595 quos
1052 2560 1131 2588 idem
1153 2561 1303 2596 episcopus

289 2606 401 2633 duxerit
425 2606 625 2641 nominandos,
646 2618 660 2634 n
682 2608 852 2636 auctoritate
878 2609 1036 2643 apostoliea
1052 2609 1141 2645 recipi
1164 2610 1254 2638 saciat
1275 2610 1305 2637 in

290 2655 443 2683 canonicos
459 2658 487 2683 et
503 2655 532 2682 in
551 2655 666 2683 fratres.
684 2656 762 2691 (Raci
779 2659 825 2690 27,
842 2656 891 2685 fol.
912 2658 969 2689 102,
987 2663 1016 2684 11ο
1035 2658 1071 2691 1.)

332 2772 347 2788 «
359 2761 518 2792 AbbatiS.
536 2761 673 2798 Quintini
685 2761 883 2794 Beluacensz's.
898 2763 1080 2794 Personam
1096 2764 1303 2795 venerabilis
1329 2786 1331 2793 ,

292 2814 407 2845 fratris
436 2833 484 2845 -—.
509 2816 633 2846 Datum
653 2816 741 2854 apud
760 2816 1047 2853 Urbemveterem,
1070 2827 1112 2847 x11
1138 2818 1302 2849 kalendas

287 2868 377 2911 julii,
399 2877 485 2899 anno
506 2869 663 2899 secundo.
686 2881 699 2895 »

2327 208 2380 236 101

1461 291 1534 322 370
1964 287 2087 319 Orvieio,
2110 288 2215 324 i7juiu
2235 290 2311 315 1263.

1408 367 1546 402 Episcopo
1555 367 1702 394 Leodiensi
1712 367 1877 398 mandatut,
1887 366 2218 393 civibusColonicnsibus
2227 368 2382 402 compulsis

1372 417 1408 443 ad
1424 416 1590 443 solvendam
1607 416 1742 450 pecuniae
1755 424 1910 447 summam,
1921 424 2006 450 quam
2021 424 2049 442 se
2065 417 2209 450 quondam
2227 416 2382 451 archiepis-

1372 473 1442 499 copo
1459 465 1621 492 OEoloniensi
1638 465 1781 491 soluturos
1798 472 1859 491 esse
1879 464 2082 498 promiserant,
2100 465 2132 491 dc
2149 465 2249 491 eudem
2268 473 2383 492 summa

1373 513 1579 540 mercatoribus
1596 513 1767 539 Senensibus
1785 513 1864 539 inille
1879 513 2051 547 quingentas
2068 522 2178 539 marcas
2195 513 2297 543 solvat,
2313 522 2382 548 quas

1373 562 1407 588 ab
1421 562 1529 588 eisdem
1546 561 1775 595 archiepiscopus
1798 561 1976 588 coloniensis
2000 564 2098 588 mutuo
2121 565 2279 596 aitrccpcrut.
2304 563 2381 592 (ltizc.

1372 612 1416 643 27,
1436 609 1483 636 sol.
1504 610 1564 640 102,
1584 614 1614 635 0ο
1628 612 1667 641 9..)

1414 713 1428 727 «
1450 726 1455 732 ,
1476 726 1483 732 ,
1509 701 1647 740 episcopo
1660 701 1827 730 Leodiensi.
1844 702 1893 731 Ex
1907 704 2000 740 parte
2021 702 2219 733 dilectorum
2235 703 2381 734 tiliorum

1373 754 1543 788 XVerneri,
1560 754 1723 792 prepositi
1740 755 1847 783 sancti
1859 755 2034 790 Gereonis,
2047 755 2197 795 Philippi
2213 756 2382 786 thesaura-

1374 806 1415 836 rii
1431 806 1773 844 etxx'anrieiMaJOris
1784 807 2382 839 (1010111011515001Λο011101ῑίΧο5100-

1373 859 1421 889 515
1438 859 1657 889 ecclesiarum
1680 860 1930 895 canonicorum,
1951 861 1983 889 et
2005 860 2120 890 fratris
2140 861 2322 895 Wolsanii,
2342 863 2380 893 de

1373 912 1489 942 ordine
1503 912 1695 950 Hospitalis
1709 914 1822 942 sancte
1838 912 1943 942 Marie
1957 912 2241 943 Theutonicoruin
2251 915 2382 945 ,101050-

1372 965 1530 999 limitani,
1547 965 1712 1003 capellani
1729 967 1762 995 et
1780 965 2011 1003 penitentiarii
2026 965 2144 1002 nostri,
2164 968 2382 997 executorum

1372 1018 1566 1048 testamenti
1597 1017 1683 1048 bone
1710 1018 1871 1048 memorie
1897 1018 2174 1055 C.,Coloniensis
2201 1020 2383 1058 archiepis-

1372 1070 1459 1109 copi,
1479 1070 1542 1100 suit
1559 1071 1773 1109 propositum
1793 1080 1905 1101 coram
1929 1070 2027 1101 nobis
2044 1072 2143 1110 quod,
2166 1072 2246 1102 olim
2263 1073 2382 1111 judici-

1371 1122 1446 1159 bus,
1465 1123 1625 1159 scabinis,
1644 1123 1818 1162 magistris
1835 1123 1960 1153 civium
1978 1125 2009 1154 et
2028 1124 2289 1161 fraternitatum,
2308 1134 2383 1156 con-

1372 1176 1515 1206 siliariis
1549 1178 1581 1206 et
1615 1176 1786 1206 universis
1816 1176 1948 1206 civibus
1980 1176 2242 1207 Coloniensibus
2275 1178 2383 1208 eidem

1372 1229 1625 1268 archiepiscopo
1650 1229 1928 1259 subtrahentibus
1955 1230 1987 1260 et
2009 1229 2169 1260 exhibere
2193 1231 2385 1269 deneganti-

1371 1282 1434 1312 bus
1463 1283 1537 1321 jura
1566 1291 1639 1319 sua,
1671 1284 1703 1312 et
1728 1284 1801 1312 orta
1827 1282 1915 1312 inter
1943 1283 2048 1321 ipsos,
2066 1292 2107 1313 ex
2134 1284 2227 1321 parte
2256 1292 2333 1319 una,
2352 1286 2383 1313 et

1372 1336 1516 1366 eundem
1558 1335 1850 1374 arehiepiscopum
1885 1335 2061 1366 occasione
2100 1335 2308 1374 hujusmodi,
2342 1345 2384 1366 ex

1372 1389 1490 1425 altera,
1509 1388 1737 1419 dissensionis
1751 1390 1902 1425 materia,
1921 1388 2095 1427 predictus
2109 1389 2383 1428 archiepiscopus

1371 1442 1508 1480 propter
1539 1441 1599 1471 hoc
1633 1441 1796 1471 sustinuit
1834 1441 1978 1480 grandes
2010 1441 2144 1472 labores
2176 1444 2207 1472 et
2240 1442 2380 1472 incurrit

1371 1494 1517 1532 dampna
1542 1495 1657 1533 gravia
1677 1496 1709 1524 et
1732 1503 1910 1533 expensas.
1931 1495 2154 1525 Postmodum
2172 1496 2295 1529 autem,
2318 1504 2383 1525 ine-

1370 1547 1543 1577 diantibus
1557 1547 1655 1577 bonis
1668 1547 1763 1584 viris,
1784 1556 1886 1586 super
1905 1547 1972 1577 hiis
1992 1547 2079 1577 inter
2094 1550 2208 1586 partes
2225 1548 2381 1578 amicabi-

1370 1600 1413 1630 lis
1427 1601 1628 1638 compositio
1640 1600 1831 1636 intervenit,
1845 1609 1903 1638 per
1922 1609 2022 1639 quam
2038 1601 2181 1639 judices,
2197 1601 2338 1638 scabini,
2351 1604 2381 1631 et

1370 1653 1426 1682 alii
1443 1653 1585 1692 predicti
1604 1653 1644 1683 ad
1663 1653 1862 1683 solvendum
1881 1653 1990 1683 eidem
2003 1653 2256 1692 archiepiscopo
2274 1663 2380 1693 usque

1370 1706 1411 1735 ad
1422 1706 1536 1736 decem
1550 1715 1654 1736 annos
1668 1706 1884 1736 medietatem
1899 1706 2126 1740 denariorum,
2142 1707 2199 1745 qui
2213 1707 2382 1737 εει-1113111105

1369 1759 1554 1797 vulgariter
1571 1759 1796 1797 appellantur,
1817 1768 1852 1789 se
1870 1759 1958 1789 inter
1982 1759 2048 1789 alia
2067 1759 2259 1798 obligarunt
2279 1769 2381 1799 super

1368 1811 1440 1845 hoc,
1460 1811 1626 1850 appositis
1652 1812 1753 1841 certis
1772 1812 1881 1850 penis,
1902 1814 2002 1849 prout
2019 1812 2053 1842 in
2068 1812 2305 1843 instrumentis
2322 1823 2382 1852 pu-

1368 1864 1468 1894 blicis
1493 1865 1569 1894 inde
1589 1864 1762 1901 confectis,
1787 1865 1922 1903 plenius
1948 1865 2072 1895 dicitur
2095 1866 2271 1896 contineri.
2301 1867 2380 1897 Pro-

1368 1926 1466 1947 cessu
1494 1926 1573 1947 vero
1604 1918 1780 1956 temporis,
1801 1918 1916 1947 eedem
1946 1920 2069 1956 partes,
2091 1927 2205 1948 earum
2235 1919 2381 1950 utilitate

1368 1971 1518 2008 pensata,
1539 1970 1625 2000 inter
1641 1979 1676 2000 se
1697 1971 1895 2000 ordinarunt
1917 1971 2007 2009 quod
2030 1971 2172 2009 judices,
2199 1971 2327 2001 scabini
2351 1973 2382 2002 et

1369 2023 1426 2053 alii
1453 2023 1606 2061 predicti,
1632 2023 1705 2053 loco
1732 2023 1926 2062 hujusmodi
1953 2023 2180 2058 denariorum,
2212 2025 2382 2055 solverent

1367 2076 1517 2114 predicto
1535 2075 1787 2114 archiepiscopo
1806 2085 1865 2114 per
1883 2076 2020 2106 eosdem
2038 2077 2152 2107 decem
2167 2086 2284 2113 annos,
2305 2087 2382 2116 qua-

1367 2128 1449 2159 libet
1465 2129 1518 2159 die
1533 2129 1712 2164 dominica,
1733 2129 1848 2159 decem
1867 2131 1897 2160 et
1918 2131 1989 2159 octo
2012 2138 2142 2160 marcas
2163 2130 2382 2161 Colonienses

1368 2182 1545 2212 duodecim
1563 2182 1684 2211 solidis
1702 2191 1762 2220 pro
1781 2191 1893 2212 marca
1912 2182 2062 2220 qualibet
2078 2184 2326 2221 computandis,
2347 2193 2381 2214 se

1367 2235 1407 2265 ad
1422 2235 1622 2265 solvendum
1639 2235 1832 2273 hujusmodi
1847 2244 1977 2265 marcas
1990 2235 2098 2265 eidem
2115 2236 2379 2275 archiepiscopo,

1366 2288 1419 2318 vel
1437 2288 1487 2318 eis
1506 2288 1629 2327 quibus
1641 2288 1733 2326 ipsas
1751 2288 1837 2318 solvi
1852 2288 1904 2317 vel
1917 2288 1989 2317 dari
2004 2289 2192 2325 mandaret,
2208 2289 2271 2318 sub
2284 2290 2380 2328 penis

1367 2341 1398 2371 et
1416 2341 1668 2372 conditionibus
1686 2340 1851 2379 appositis
1871 2341 1904 2370 in
1920 2341 2026 2379 priori
2043 2341 2259 2380 obligatione,
2277 2342 2379 2372 nichi-

1366 2394 1515 2424 lominus
1549 2394 1742 2433 obligando.
1774 2394 1870 2428 Sane,
1903 2393 2075 2432 predictus
2106 2393 2379 2433 archiepiscopus

1366 2446 1535 2477 decubans
1550 2446 1584 2476 in
1603 2447 1689 2477 lecto
1711 2446 1923 2485 egritudinis,
1942 2454 1983 2476 ex
2002 2455 2068 2485 qua
2088 2446 2183 2483 obiit,
2203 2447 2237 2476 in
2258 2447 2380 2478 ultima

1334 2513 1336 2519 ⁸
1365 2499 1537 2530 voluntate
1571 2499 1722 2530 condidit
1757 2500 2009 2533 testamentum,
2048 2498 2144 2538 cujus
2181 2502 2379 2530 executores

1365 2553 1588 2591 prepositum,
1612 2552 1873 2588 thesaurarium,
1904 2552 2093 2586 canoniCOS‚
2114 2553 2145 2583 et
2165 2553 2377 2591 capellanum

1364 2606 1534 2644 predictos
1549 2606 1733 2642 constituit,
1749 2606 1783 2635 in
1797 2604 1987 2644 presentia.
2006 2630 2011 2635 .
2030 2604 2195 2643 prepositi
2214 2630 2220 2635 .
2240 2605 2377 2636 .decani

1365 2660 1397 2689 et
1413 2659 1553 2699 capituli
1575 2659 1840 2694 Colonienstum,
1862 2658 2026 2688 mandans
2044 2657 2130 2688 inter
2154 2659 2265 2688 cetera
2288 2659 2379 2697 quod

1361 2712 1505 2751 judices,
1518 2712 1647 2742 scabini
1662 2714 1693 2742 et
1707 2712 1764 2741 alii
1780 2711 1903 2750 prefati
1916 2710 2109 2749 hujusmodi
2128 2711 2378 2750 marcas‚J'uxta

1363 2767 1515 2796 tenorem
1531 2764 1756 2795 ordinationis
1771 2764 1933 2802 ejusdem,
1949 2763 2187 2794 executoribus
2206 2764 2377 2795 solverent

1365 2818 1581 2857 supradictis,
1599 2818 1754 2856 quodque
1772 2817 1852 2847 dicti
1871 2818 2070 2847 executores
2090 2816 2185 2855 prius
2206 2817 2376 2848 solverent

1330 2864 1333 2891 ἶ
1365 2871 1424 2901 illa
1435 2871 1559 2907 debita,
1578 2871 1611 2900 in
1625 2869 1748 2909 quibus
1761 2870 1956 2908 prepositus
1969 2869 2076 2900 sancti
2092 2870 2266 2904 Gereonis‚
2280 2871 2376 2901 Lam-
