2547 3289
1046 285 1279 323 PREMIERE
1303 285 1467 323 ANNEE.
2259 295 2300 324 49

217 377 271 406 aut
297 376 374 406 sunt
398 375 433 405 in
455 375 720 414 peregrinatione
742 375 795 406 vel
819 375 919 406 scolis
933 383 991 405 seu
1009 375 1225 406 ecclesiarum

216 436 354 458 suarum
370 428 500 467 negotia
520 428 559 458 de
582 428 731 466 ipsorum
756 429 958 467 prelatorum
975 428 1131 459 mandato
1150 437 1225 467 pro-

216 481 343 518 curant,
369 482 424 510 aut
445 480 688 519 assumpserint
716 481 770 511 vel
787 482 956 511 assument
981 481 1089 511 crucis
1116 481 1224 519 signa—

216 534 330 564 culum
352 534 386 564 in
407 535 493 563 terre
512 534 622 563 sancte
640 533 691 563 vel
719 534 939 572 personaliter
956 534 991 564 in
1007 534 1156 573 eJusdem
1168 534 1225 564 im-

215 586 302 625 perii
325 585 576 626 proficiscentur
606 594 801 616 succursum
828 587 987 625 exceptis,
1025 587 1087 617 etsi
1121 587 1225 625 aliqui

217 639 401 670 eorundem
429 640 641 678 exceptorum
668 640 779 678 preter
810 639 1003 677 hujiismodi
1021 640 1224 679 crucesigna-

216 693 267 723 tos
303 693 334 722 et
370 694 601 731 procuratores
631 701 667 722 ac
692 693 942 732 proficiscentes
967 693 998 722 et
1034 693 1158 722 nostris
1189 701 1226 722 ac

215 745 356 776 fratrum
374 746 523 784 ipsorum
550 745 720 784 obsequiis
740 745 967 780 immorantes,
982 745 1021 774 de
1043 745 1226 774 redditibus

216 798 462 833 ecclesiasticis,
481 798 660 829 valentiam
676 800 808 828 centum
820 806 1005 827 marcarum
1019 798 1143 836 argenti
1157 806 1227 835 per-

219 852 346 891 cipiunt
362 852 533 882 annuatim
550 851 730 882 earundem
748 851 879 880 centum
901 858 1087 880 marcarum
1106 850 1225 880 vicesi-

215 913 315 939 mam,
333 905 361 934 si
378 913 456 934 vero
476 904 564 934 ultra
584 904 714 934 tertiam
734 903 835 933 totius
854 902 979 932 residui
994 903 1025 931 et
1042 902 1226 932 nichilomi-

215 958 329 987 minus
356 957 506 996 ipsarum
532 957 663 986 centum
688 963 876 986 marcarum
898 954 1092 984 vicesimam
1120 963 1225 993 usque

214 1010 256 1040 ad
271 1010 451 1040 trIennium
463 1008 676 1039 subventioni
694 1008 844 1046 ejusdem
861 1007 1004 1046 imperii,
1022 1016 1097 1037 cum
1118 1007 1226 1037 felicis

215 1062 456 1093 recordationis
471 1061 792 1100 Innocentius‚papa
811 1061 889 1094 1111,
910 1061 1127 1099 predecessor
1147 1069 1225 1091 nos-

214 1116 275 1150 ter,
289 1115 372 1145 alias
383 1113 807 1153 hujusmodimedietatem,
822 1113 971 1149 terciam,
989 1114 1020 1143 et
1031 1114 1226 1144 vicesimam

214 1167 457 1207 promissorum
473 1167 623 1197 omnium
641 1167 855 1197 subventioni
870 1167 1020 1205 eJusdem
1038 1167 1168 1205 imperii
1182 1176 1228 1197 re-

216 1221 439 1260 putavreritet
450 1220 561 1259 colligi
578 1220 702 1255 fecerit,
720 1220 911 1250 auctoritate
928 1220 1108 1258 apostolica
1125 1220 1228 1258 depu-

218 1274 364 1304 tavimus
380 1274 414 1304 in
431 1273 687 1304 subventionem
709 1273 901 1311 hujusmodi
927 1273 1071 1303 totaliter
1095 1282 1228 1304 conver-

217 1327 344 1363 tendas,
362 1326 795 1361 collectionemmedietati&
814 1326 912 1356 tercie
930 1335 966 1356 ac
983 1326 1141 1356 vicesime
1155 1334 1228 1365 pre-

217 1380 425 1410 dictorumin
439 1388 539 1418 regno
553 1379 692 1409 Francie
709 1379 770 1409 tibi
785 1388 843 1418 per
853 1379 937 1409 alias
954 1379 1015 1409 sub
1025 1380 1113 1409 certa
1122 1379 1228 1409 forma

217 1433 344 1463 litteras
360 1433 612 1463 committentes.
632 1433 768 1467 Verum,
779 1441 818 1462 ne
834 1432 937 1470 aliqui
952 1432 1102 1462 fraudem
1117 1432 1151 1461 in
1167 1432 1228 1461 hoc

218 1487 324 1517 facere
341 1486 574 1525 quoquomodo
592 1487 797 1524 presumant,
812 1485 968 1515 volumus
981 1486 1011 1515 et
1021 1485 1228 1523 presentium

216 1539 277 1570 tibi
291 1539 484 1569 auctoritate
497 1538 644 1569 districte
661 1538 874 1577 precipiendo
890 1537 1100 1573 mandamus,
1116 1539 1225 1576 quate-

218 1601 282 1623 nus
299 1593 333 1623 in
358 1600 472 1622 omnes
505 1592 561 1630 qui
583 1592 727 1621 scienter
754 1591 787 1621 in
811 1591 871 1620 hoc
898 1591 1048 1621 fraudem
1077 1590 1225 1625 fecerint,

215 1645 368 1676 adeundo
394 1645 513 1681 scolas,
543 1646 598 1674 aut
620 1645 897 1683 peregrinationis
926 1644 1127 1674 assumendo
1152 1644 1225 1680 iter,

216 1707 275 1729 seu
284 1707 421 1728 suorum
430 1698 602 1728 subeundo
611 1697 746 1728 servitia
754 1697 1027 1736 prelatorum‚vel
1037 1697 1226 1735 recipiendo

199 1751 595 1790 ·officiumprocuratoris
609 1751 801 1790 hujusmodi
816 1752 871 1781 aut
888 1751 1068 1789 quicquam
1085 1750 1176 1780 aliud
1190 1750 1225 1780 in

216 1805 366 1836 fraudem
384 1804 878 1843 negotiihujusmodifaciendo,
896 1803 1083 1843 generalem
1097 1811 1225 1833 excom-

218 1857 453 1888 municationis
475 1857 675 1887 sententiam
698 1865 764 1886 non
789 1857 921 1886 differas
939 1856 1162 1895 promulgare,
1178 1856 1225 1886 fa·

215 1911 308 1941 ciens
322 1910 721 1949 hujusmodisententiam
736 1910 862 1939 tamdiu
876 1910 1106 1948 sollempniter
1120 1909 1225 1948 publi—

216 1964 296 1999 cari,
313 1963 417 1994 donec
434 1963 626 2001 hujusmodi
643 1962 845 1993 fraudulenti
858 1971 915 2001 per
929 1963 1168 2001 competentem
1178 1971 1226 1992 sa-

215 2016 437 2047 tisfactionem
454 2016 552 2045 saluti
569 2024 627 2046 sue
644 2015 799 2045 duxerint
811 2015 1051 2045 consulendum
1068 2016 1098 2045 et
1114 2016 1224 2053 perte,

214 2070 268 2100 cui
295 2069 491 2099 absolvendi
516 2068 599 2098 tales
630 2068 770 2098 liberam
795 2068 1008 2098 concedimus
1031 2068 1225 2098 auctoritate

213 2122 418 2161 presentium
434 2121 866 2156 facultatem,absolutionis
892 2121 1076 2151 meruerint
1101 2121 1224 2152 benefi-

213 2175 301 2206 cium
323 2175 482 2206 obtinere.
513 2175 637 2206 Datum
666 2174 819 2210 Viterbii,
854 2185 873 2203 v
898 2174 974 2204 idus
1002 2174 1102 2213 junii,
1136 2183 1223 2205 anno

215 2237 332 2268 primo.
353 2241 367 2256 »

801 2319 926 2352 Viterbe,
947 2320 976 2345 17
990 2319 1053 2354 juin
1077 2320 1152 2346 1262.

284 2325 354 2355 135

250 2394 287 2420 De
302 2393 402 2420 eadem
420 2392 597 2419 collectione.
616 2392 694 2425 (ΠΕΟ.
712 2392 756 2423 26,
773 2391 821 2417 fal.
838 2392 882 2424 36,
899 2399 930 2417 no
951 2391 1022 2425 133.)

256 2482 270 2497 «
295 2469 415 2499 Eidem.
432 2469 695 2500 Necessitatibus
713 2468 1073 2507 Constantinopolitani
1088 2469 1222 2507 imperii

214 2525 274 2554 etc.
292 2524 327 2553 ut
344 2523 378 2553 in
393 2523 544 2562 proxima
561 2522 726 2561 superiori
740 2530 846 2560 usque
858 2521 1112 2551 committentes.
1132 2521 1222 2552 Ideo-

215 2585 278 2615 que
297 2576 493 2606 fraternitati
512 2577 566 2605 tue
587 2584 646 2613 per
676 2574 858 2613 apostolica
880 2575 1003 2612 scripta
1023 2574 1223 2604 mandamus

214 2630 388 2668 quatenus,
400 2629 429 2658 si
445 2629 613 2667 negotium
633 2627 865 2657 subventioniS
881 2627 960 2656 dicti
978 2627 1119 2665 imperii,
1135 2626 1225 2665 quod

213 2683 341 2712 dudum
357 2690 413 2720 per
428 2682 510 2711 alias
527 2682 656 2711 nostras
672 2681 732 2710 tibi
747 2679 975 2710 commisimus
991 2679 1116 2709 litteras
1136 2679 1225 2717 apud

213 2735 426 2766 carissimum
441 2735 475 2764 in
490 2734 622 2765 Christo
646 2733 753 2777 filiurn
776 2733 926 2762 nostrum
949 2732 1170 2768 Ludovicum,
1187 2731 1224 2761 il-

1290 375 1428 406 lustrem
1440 384 1563 415 regem,
1571 385 1606 406 ac
1617 376 1761 415 prelatos
1771 377 1861 415 regni
1874 376 2013 407 Francie
2022 377 2299 416 promovendum,

1288 428 1432 459 liberum
1455 438 1645 467 processum
1671 431 1701 459 et
1723 438 1936 468 progressum
1958 430 2076 460 habeat
2093 430 2299 469 expeditum,

1288 483 1323 511 tu
1338 482 1380 512 ad
1402 482 1624 520 colligendum
1652 483 1873 516 medietatem,
1898 483 2034 513 terciam
2055 484 2086 513 et
2104 483 2299 513 vicesimam

1287 534 1479 573 hujusmodi
1501 536 1723 574 proventuum
1748 536 1907 574 procedas
1925 535 2103 566 efficaciter
2117 536 2212 574 juxta
2236 537 2300 566 tra-

1287 587 1389 617 ditam
1407 588 1439 618 in
1456 588 1614 627 predictis
1630 589 1752 618 nostris
1767 597 1850 627 quas
1866 597 1966 627 super
1980 589 2041 618 hoc
2056 589 2229 627 prudentie
2245 590 2298 619 tue

1286 640 1544 670 transmittimus
1565 641 1683 671 litteris
1707 641 1767 671 tibi
1790 641 1941 671 sormam.
1959 641 1994 672 Si
2018 650 2096 671 vero
2114 642 2299 680 pre-<lictum

1289 693 1520 723 subventionis
1544 694 1711 732 negotium
1732 702 1798 723 non
1819 694 2027 733 processerit„
2045 694 2104 723 sed
2119 695 2225 724 eidem
2244 703 2298 724 su-

1287 746 1473 783 persederis
1493 746 1596 776 donec
1610 747 1759 776 nostrum
1771 746 1892 776 habeas
1905 755 2005 785 super
2018 747 2074 777 illo
2088 755 2297 785 responsum,

1288 797 1329 826 ad
1344 798 1567 836 colligendum
1583 799 1764 837 predictam
1779 799 1999 834 medietatem,
2016 800 2150 830 terciam
2167 801 2197 829 et
2216 800 2298 830 vice-

1288 850 1407 880 simam
1422 851 1632 888 aliquatenus
1657 860 1721 881 non
1744 852 1915 890 procedas,
1932 853 1990 882 scd
2010 853 2164 882 similiter
2183 853 2299 882 collec-

1287 902 1370 932 tioni
1387 902 1578 941 hujusmodi
1608 903 1692 933 sicut
1712 905 1742 933 et
1766 904 1912 942 predicto
1932 905 2062 943 negotio
2081 905 2297 943 supersedere

1286 963 1541 993 procures,cum
1557 956 1590 986 in
1603 957 1742 994 utroque
1759 957 1888 995 negotio
1901 966 2000 987 unam
2018 957 2222 995 eandemque
2238 957 2297 986 sor-

1287 1016 1375 1037 mam
1392 1008 1535 1038 velimus
1556 1018 1614 1047 per
1633 1010 1663 1038 te
1685 1009 1818 1048 penitus
1844 1009 2025 1039 observari.
2050 1010 2172 1039 Datum
2192 1010 2299 1040 Viter-

1287 1060 1345 1096 bii,
1363 1071 1406 1089 xv
1419 1061 1579 1092 kalendas
1591 1061 1681 1099 julii,
1699 1070 1784 1092 anno
1802 1062 1921 1100 primo.
1943 1074 1957 1088 »

1871 1181 1997 1214 Yiterbe,
2015 1182 2048 1205 20
2063 1180 2125 1216 juin
2148 1182 2224 1207 ¹262.

1359 1183 1430 1214 136

1325 1253 1473 1285 Balduino,
1494 1253 1661 1288 imperatori
1682 1252 2151 1286 Constantinopolitano,concedit
2173 1254 2298 1286 potesta-

1290 1304 1349 1328 tem
1369 1302 1558 1336 promittendi
1577 1304 1604 1327 et
1624 1301 1711 1331 dandi
1736 1309 1799 1328 cum
1823 1301 1941 1327 consilio
1962 1300 2171 1334 archiepiscopi
2194 1300 2298 1327 [lotho-

1290 1351 1435 1385 magensis
1448 1353 1475 1377 et
1486 1350 1664 1385 Agennensis
1676 1350 1801 1384 episcopi
1813 1349 1953 1384 quasdam
1966 1349 2153 1384 pecuniarum
2168 1356 2299 1375 summas

1290 1399 1477 1434 principibus,
1494 1399 1611 1426 ducibus
1625 1401 1653 1425 ct
1667 1398 1730 1425 aliis
1750 1398 1831 1433 regni
1848 1398 1985 1424 Franciae
2000 1397 2160 1424 volentibus
2177 1397 2300 1431 imperio

1290 1447 1606 1482 Constantinopolitano
1626 1455 1805 1474 succurrere.
1827 1447 1906 1481 (Rea.
1928 1447 1972 1479 26,
1996 1446 2045 1473 sol.
2065 1447 2097 1472 36
2118 1454 2159 1478 νο,
2180 1454 2213 1472 no
2235 1445 2299 1479 1323

1290 1497 1427 1523 Porrnrisr
1444 1498 1548 1530 18361.)

1331 1580 1371 1598 «..
1391 1568 1565 1606 imperatori
1584 1566 1933 1606 Constantinopolitano.
1959 1566 2043 1596 Cum
2070 1574 2130 1595 nos
2158 1565 2299 1595 necessi-

1287 1620 1411 1651 tatibus
1437 1637 1486 1650 —-.
1516 1620 1640 1650 Datum
1669 1619 1824 1655 viterbii,
1857 1629 1905 1649 xn
1923 1618 2084 1649 kalendas
2104 1617 2193 1656 Juliig
2212 1626 2298 1647 anno

1288 1682 1436 1712 primo.»

1356 1782 1425 1813 137
1876 1778 2001 1811 Viterbe,
2020 1777 2053 1803 20
2065 1777 2130 1813 juitl
2148 1778 2226 1803 1262.

1321 1856 1459 1890 Episcopo
1475 1854 1639 1890 ⁴&genuensi
1654 1853 1772 1880 mandat
1785 1855 1925 1887 quatenus
1937 1853 2000 1879 illas
2015 1852 2205 1887 pecuniarum
2219 1860 2299 1879 sum-

1286 1912 1349 1931 mas
1374 1912 1444 1938 quas
1468 1904 1626 1938 imperator
1647 1901 1980 1936 Constantinopolitanus
2001 1901 2035 1927 de
2061 1901 2149 1935 ipsius
2171 1900 2298 1935 episcopi

1286 1952 1464 1987 Agennensis
1479 1954 1505 1978 et
1517 1951 1723 1985 archiepiscopi
1735 1950 1961 1984 Rothomagensi
1972 1949 2092 1976 consilio
2108 1948 2298 1983 principibus,

1285 2001 1416 2033 ducibus,
1435 2000 1588 2026 comitibus
1605 2001 1632 2026 et
1655 1999 1807 2025 baronibus
1824 2006 1874 2032 pro
1890 1997 1959 2024 dicti
1976 1997 2092 2031 imperii
2111 1997 2298 2024 subventione

1284 2048 1462 2083 promiserit,
1490 2048 1625 2075 exhibere
1651 2047 1720 2082 ipsis
1756 2048 1899 2081 procuret.
1927 2047 2007 2081 (Rea.
2034 2047 2078 2077 26,
2112 2045 2160 2072 sol.
2190 2046 2222 2072 36
2254 2053 2297 2076 vo,

1285 2105 1318 2124 no
1338 2098 1410 2131 ¹35.)

1326 2181 1366 2199 «..
1387 2168 1527 2208 episcopo
1550 2167 1736 2207 chnncnsi.
1774 2167 1859 2197 Cum
1882 2175 1942 2196 nos
1967 2165 2220 2196 necessitatibus
2244 2182 2295 2195 —.

1284 2222 1408 2252 Datum
1419 2221 1634 2256 Vite1·bii,x11
1650 2219 1907 2259 kalendasjulii,
1921 2228 2007 2249 anno
2020 2219 2137 2258 primo.
2160 2231 2173 2245 n

1354 2340 1425 2371 138
1872 2335 1998 2367 Viterbe‚
2018 2336 2052 2360 28
2069 2334 2125 2361 mai
2144 2335 2220 2360 1262.

1319 2409 1431 2436 Deeano
1445 2410 1473 2434 ct
1491 2407 1617 2443 capitulo
1633 2407 1771 2433 ecclesiae
1786 2405 2090 2439 Laudunensis‚qua1n
2108 2412 2190 2431 suam
2206 2403 2293 2430 fuisse

1284 2460 1409 2484 matrem
1427 2458 1583 2489 memorat,
1600 2456 1729 2490 indulget
1746 2455 1816 2482 utin
1832 2461 1933 2480 omnes
1949 2453 1997 2488 qui
2012 2453 2140 2488 ejusdem
2157 2452 2293 2479 ecclesiae

1283 2507 1356 2532 bona
1372 2505 1531 2532 invaserint
1549 2505 1591 2531 vel
1616 2503 1830 2538 occupaverint,
1847 2502 1958 2537 possint
1978 2502 2065 2528 libere
2082 2508 2235 2527 censuram
2251 2508 2295 2527 ec-

1284 2554 1477 2581 clesiasticam
1493 2554 1630 2588 proferre.
1643 2553 1722 2587 (Rae.
1736 2551 1841 2585 26,f01.
1856 2551 1899 2583 37,
1911 2550 2295 2583 u01363P01rfl35118337.)

1326 2638 1367 2656 «..
1385 2625 1496 2654 decano
1523 2629 1550 2654 et
1575 2623 1707 2662 capitulo
1725 2622 1846 2652 ecclesie
1869 2621 2089 2651 Laudunensis.
2112 2620 2294 2651 Laudabile

1285 2679 1475 2717 reputantes
1499 2687 1565 2709 non
1587 2695 1636 2708 —.
1662 2677 1783 2708 Datum
1810 2675 1965 2712 Viterbii7
1982 2685 2002 2703 x·
2021 2674 2183 2704 kalendas
2194 2673 2294 2713 junii,

1286 2740 1371 2762 anno
1389 2732 1508 2771 primo.
1526 2743 1541 2759 »

360 2990 504 3018 Urinam
526 2987 578 3020 IV,
600 2989 621 3014 t.
644 2986 686 3015 II.
713 2987 779 3020 Περ.
802 2985 862 3013 ord.
