2547 3289
240 238 297 267 144

238 328 354 359 quoqne
378 316 424 345 vel
446 312 741 344 administratoribus
767 311 920 340 domorum
943 309 1048 338 militie
1074 308 1188 348 Templi
1216 313 1243 336 ct

239 370 405 410 Hospitalis
425 380 450 399 s.
472 366 619 397 Jolzannis
641 363 890 401 jerosolimitani,
917 363 1083 401 ceterisque
1104 361 1246 401 personis
1276 367 1277 370 ’

238 422 457 456 ecclesiasticis,
472 419 618 459 exemptis
631 423 656 447 el
670 428 726 447 non
741 417 900 456 evcnzptls,
914 415 954 445 ad
966 425 1091 455 quornm
1106 413 1245 443 notitiam

239 476 286 506 vel
308 474 490 504 nualtmuiwn
509 472 608 501 lilterc
626 475 777 510 presentes
800 468 988 498 advenerint.
1010 468 1094 498 Cum
1114 475 1248 497 venera-

237 582 297 612 das
313 580 455 619 augusti,
475 587 561 609 anno
582 581 630 608 11⁰.
657 590 670 604 »

304 778 378 808 302
788 773 913 805 Orvieto,
930 773 964 798 28
981 771 1076 807 juillet
1098 773 1174 798 1263.

275 864 342 899 {tegi
367 863 485 898 ‚angliae
504 862 619 890 nuntiat
641 864 671 888 ut
686 861 901 895 archiepiscopo
919 860 1086 892 Cuseutiuo,
1106 867 1191 893 quem
1213 858 1249 884 ad

237 922 303 941 eum
331 921 382 947 pro
409 912 580 947 quibusdum
607 911 728 945 negotiis
753 910 891 941 destinat,
920 909 1000 936 vivae
1027 908 1104 935 vocis
1132 907 1248 934 oraculo

240 962 395 990 iniunxerit
412 963 439 987 ut
455 961 488 987 de
504 960 643 995 praedicti
660 960 734 994 regis
747 961 775 986 ct
790 959 884 994 regiae
898 959 1000 985 domus
1019 959 1096 984 statu
1111 964 1248 991 prospero

240 1010 335 1044 ipsum
351 1009 450 1036 reddat
466 1008 630 1035 certiorem.
644 1023 677 1027 —
695 1008 771 1040 (Res.
788 1009 833 1039 26,
848 1006 918 1034 anni
935 1007 971 1039 ll,
990 1010 1023 1033 11⁰
1042 1007 1101 1038 1013,
1118 1007 1165 1034 sol.
1184 1005 1247 1038 1023

241 1060 382 1086 l‘oTruAsT
402 1058 512 1091 18602.)

281 1190 295 1206 α
321 1202 339 1208 ..
360 1177 471 1207 illustri
494 1177 559 1217 regyi
587 1176 766 1216 Anylorwn.
794 1176 883 1206 Dum
909 1175 1083 1206 annalium
1099 1176 1248 1206 Romane

240 1231 377 1262 ecclesie
392 1230 564 1260 volumina
575 1230 716 1267 legimus
730 1231 761 1259 et
774 1229 1045 1268 predecessorum
1060 1230 1249 1259 nostrorum

240 1285 467 1316 Romanorum
483 1284 609 1322 regesta
624 1282 819 1321 pontificum
838 1282 932 1320 vigili
947 1282 1126 1312 attentione
1142 1282 1249 1312 revol-

241 1338 362 1372 vimus,
382 1336 505 1367 eximia
526 1336 639 1374 utique
663 1337 716 1365 tuo
740 1335 868 1365 sincere
887 1335 1075 1364 devotionis
1098 1344 1198 1373 opera
1219 1336 1251 1365 et

241 1392 389 1431 preclara
402 1392 455 1420 tue
471 1398 551 1428 pure
568 1389 645 1418 fidei
662 1389 833 1422 rectitudo,
849 1388 972 1426 quibus
985 1388 1114 1426 placere
1132 1389 1202 1418 Deo
1220 1389 1251 1418 et

240 1444 348 1475 eidem
373 1443 522 1477 ecclesie,
549 1442 644 1471 matri
671 1442 833 1475 fidelium,
857 1441 898 1471 ab
917 1441 1015 1471 annis
1038 1442 1162 1471 teneris
1185 1443 1251 1472 stu-

242 1497 356 1532 duisti,
371 1496 418 1525 sic
436 1496 467 1525 in
482 1496 636 1534 promptu
652 1494 747 1524 nobis
764 1495 951 1528 occurrunt,
966 1494 1054 1532 quod
1070 1495 1250 1533 nequimus

241 1550 282 1580 ab
300 1549 367 1579 illis
387 1549 496 1578 nostre
515 1547 636 1577 mentis
655 1547 759 1577 aciem
777 1547 1041 1581 declinare,cum
1059 1548 1156 1586 quasi
1172 1557 1251 1586 que-

239 1603 314 1633 dam
334 1601 492 1640 fulgentia
508 1601 541 1630 in
559 1600 698 1631 ecclesia
717 1600 775 1630 Dei
793 1601 914 1638 sydera
925 1600 1057 1631 luceant
1069 1604 1099 1631 et
1116 1601 1156 1631 ab
1174 1601 1250 1631 aliis

241 1655 325 1685 sis-ut
344 1663 462 1693 magna
479 1653 658 1684 luminaria
675 1653 919 1683 discernantur.
938 1654 988 1684 Tu
1006 1654 1141 1688 etenim,
1166 1655 1251 1685 sicut

240 1710 373 1738 tuorum
400 1707 621 1737 laudabilium
650 1707 797 1745 predicat
822 1706 911 1736 fama
937 1708 1105 1745 gestorum
1133 1708 1164 1738 et
1191 1717 1251 1738 nos

241 1761 339 1793 etiam
363 1760 553 1790 nullatenus
571 1759 776 1798 ignoramus,
798 1759 833 1790 in
851 1761 1117 1799 augmentatione
1142 1761 1250 1791 cultus

242 1814 318 1844 fidei
344 1813 524 1844 orthodoxe
549 1813 728 1846 sollicitus,
752 1813 785 1842 in
811 1813 1063 1844 conservatione
1086 1814 1250 1845 libertatis

229 1865 463 1899 -eecclesiastice
485 1864 639 1904 pervigil,
658 1865 692 1894 in
711 1864 928 1894 ecclesiarum
952 1865 1160 1904 aliorumque
1182 1866 1251 1905 pio-

243 1926 316 1948 rum
338 1918 486 1948 locorum
508 1917 754 1948 construetione
771 1917 948 1948 benivolus
967 1920 997 1948 et
1020 1918 1197 1957 benignus,
1218 1920 1249 1949 in

244 1971 359 2010 gratiis
376 1972 407 2001 et
422 1970 594 2000 benefieiis
613 1979 690 2008 erga
708 1979 866 2008 personas
885 1971 1140 2007 ecclesiasticas,
1158 1981 1252 2011 regu-

244 2024 329 2054 lares
352 2025 383 2053 et
406 2023 582 2056 seculares,
609 2023 704 2052 valde
731 2023 923 2058 munificus,
949 2032 985 2053 ac
1007 2024 1041 2054 in
1065 2025 1252 2056 obedientie

244 2076 502 2116 promptitudine
517 2076 603 2106 circa
618 2076 756 2106 eandem
768 2076 940 2106 ecclesiam
956 2077 1085 2107 stabilis⁴
1100 2079 1129 2107 et
1142 2087 1252 2108 accen-

245 2138 313 2164 sus,
339 2129 435 2167 digne
459 2128 610 2158 meruisti
628 2128 698 2158 dies
718 2130 805 2163 tuos,
825 2129 940 2158 divina
963 2129 1021 2159 tibi
1044 2130 1174 2161 favente
1190 2131 1250 2161 cle-

245 2182 380 2217 mentia,
400 2181 433 2211 in
450 2189 529 2220 pace
552 2182 584 2211 et
606 2181 845 2219 tranquillitate
867 2181 1028 2211 deducere
1052 2192 1087 2212 ac
1110 2183 1142 2212 iu
1167 2185 1253 2213 statu

244 2243 415 2273 prospero,
433 2234 495 2263 sul)
511 2234 630 2264 tutrice
650 2233 714 2263 Dei
732 2234 867 2264 dextera
888 2235 917 2264 et
935 2235 1140 2274 protes-tione
1164 2237 1254 2267 sedis

245 2287 436 2326 apostolice,
459 2287 662 2317 conservari.
686 2287 727 2316 Et
749 2287 834 2322 ideo,
858 2287 906 2317 fili
929 2288 1113 2323 carissime,
1136 2290 1254 2319 terruit

247 2349 306 2370 nos
323 2349 436 2370 rumor
450 2339 505 2370 ille
522 2339 693 2374 terribilis,
709 2339 765 2378 qui
782 2340 821 2369 de
837 2341 867 2370 te
884 2340 963 2370 olim
978 2341 1115 2371 auribus
1132 2343 1254 2372 nostris

246 2393 406 2428 insonuit,
428 2392 582 2423 videlicet
603 2393 691 2431 quod
715 2393 849 2431 quidam
874 2393 1002 2423 febrilis
1020 2394 1170 2432 languor,
1198 2395 1253 2425 hu-

247 2446 395 2476 moribus
425 2445 796 2484 superhabundantibus
827 2446 1009 2477 concitatus
1047 2447 1065 2483 ¹,
1106 2448 1254 2487 vigorem

247 2499 334 2537 regie
358 2498 527 2537 sospitatis
549 2499 722 2533 invadens,
747 2507 923 2537 personam
948 2501 1050 2535 tuam,
1066 2501 1255 2531 anmnlissi-

246 2560 333 2581 mam
348 2551 469 2590 quippe
484 2551 745 2589 uobis‚graviter
762 2552 938 2590 affligebat.
950 2553 1094 2588 'l‘erruit,
1105 2554 1252 2593 inquam,

249 2606 423 2642 nostreque
447 2604 568 2634 mentis
589 2604 705 2634 intima
728 2613 842 2634 rumor
862 2605 1055 2645 hujusmodi
1075 2607 1201 2637 doloris
1224 2609 1253 2638 et

249 2657 387 2686 meroris
403 2656 623 2687 amaritudine
639 2657 863 2693 circumfudit,
882 2659 960 2697 quia
977 2660 1011 2689 tu
1027 2668 1174 2699 corpore,
1194 2670 1254 2691 nos

249 2709 359 2739 animo
374 2709 626 2749 languebamus,
640 2711 749 2740 tecum
771 2710 871 2749 hujus
884 2711 1056 2750 languoris
1082 2714 1254 2752 angustias

248 2761 438 2800 partientes.
458 2763 498 2792 Et
520 2762 654 2801 quidem
672 2763 776 2793 multa
800 2763 897 2793 nobis
917 2765 1051 2795 suberat
1067 2766 1200 2797 dolendi
1225 2769 1255 2798 et

250 2815 399 2844 merendi
419 2815 566 2851 materia,
582 2815 671 2854 quod
688 2816 817 2847 tantum
828 2817 1026 2857 principem,
1043 2819 1137 2858 cujus
1162 2819 1256 2850 obse-

281 2906 304 2931 1.
320 2906 372 2930 Ces
386 2906 456 2931 trois
470 2906 594 2931 derniers
610 2909 681 2932 mots
691 2909 738 2932 ont
750 2907 791 2933 <ite
807 2908 906 2933 reci-its
920 2916 968 2934 sur
980 2917 1016 2934 uu
1029 2912 1160 2942 grattage.

997 228 1025 258 R
1032 226 1248 257 liGls'rssEs
1272 225 1484 255 D'UHBAIN
1508 225 1565 255 IV.

1306 308 1424 346 quiosa
1441 309 1574 339 devotio
1591 309 1625 339 in
1645 309 1741 339 firma
1756 311 1848 348 petra
1864 309 1941 339 fidei
1960 309 2099 340 fundata
2116 311 2270 341 consistit
2286 313 2318 341 et

1305 362 1400 400 cujus
1422 362 1516 392 utilia
1531 364 1562 392 et
1579 362 1644 392 alta
1660 362 1805 400 presidia
1818 364 1909 398 sunt,
1927 362 2178 401 hiispresertim
2196 365 2316 403 tempo-

1306 415 1411 450 ribus,
1425 415 1572 453 predis-te
1589 415 1727 446 ees-teste
1744 415 1927 454 plurimum
1946 418 2119 454 oportuna,
2137 417 2319 448 vehemens

1276 478 1277 509 j
1306 468 1457 507 egritudo
1472 468 1643 506 gravabat,
1661 470 1691 498 et
1707 468 1797 507 quod
1815 477 1880 499 una
1896 468 1935 498 de
1954 469 2211 499 sublimioribus
2227 470 2319 500 orbis

239 529 316 559 bilis
333 528 493 557 t'1·ater——.
510 526 632 555 Datum
648 524 735 563 apud
751 523 1036 556 Urbemveterexn,
1056 530 1114 550 vin
1132 520 1248 550 kalen·
1276 529 1277 532 ¹

1306 523 1392 551 terre
1408 521 1599 560 columpnis
1618 521 1712 551 duris
1729 523 1761 550 et
1782 522 1910 560 asperis
1926 521 2060 552 flatibus
2081 523 2210 552 concuti
2230 522 2319 552 vide-

1306 574 1413 604 batur.
1434 574 1549 609 l’orro,
1566 574 1629 604 etsi
1644 574 1744 614 hujus
1760 574 1966 605 infirmitatis
1982 575 2144 614 asperitas
2161 575 2320 613 plurimo-

1307 636 1379 657 rum
1398 627 1551 657 turbabat
1570 627 1668 658 eorda
1691 627 1854 662 fidelium,
1877 637 2018 667 quorum
2038 628 2187 658 ambulat
2210 628 2320 658 multi-

1307 682 1385 711 tudo
1399 681 1433 710 in
1446 681 1572 711 lumine
1586 681 1700 711 vultus
1716 681 1774 715 tui,
1789 689 1827 711 eo
1841 682 1950 711 tamen
1967 681 2105 720 majoris
2118 681 2320 711 turbationis

1307 742 1441 765 causam
1460 734 1582 764 nostris
1599 734 1782 772 precordiis
1806 734 1981 769 inserebat,
2000 743 2065 773 quo
2083 736 2113 764 te
2131 734 2219 765 inter
2235 734 2322 764 alios

1307 788 1487 818 catholicos
1509 787 1625 817 mundi
1650 796 1742 826 reges
1766 788 1797 817 et
1816 787 1986 826 principes
2003 788 2196 818 ferventiori
2220 787 2320 818 dilec-

1307 842 1396 871 tione
1412 841 1658 880 prosequimur,
1674 842 1703 871 et
1720 849 1785 879 quo
1798 841 1995 880 promptiori
2008 840 2121 871 animo
2136 843 2165 871 et
2181 849 2321 879 propen-

1308 895 1389 925 siori
1411 894 1521 924 studio
1547 894 1747 932 dispositum
1774 896 1804 924 et
1828 894 2017 932 expositum
2043 902 2174 932 semper
2197 894 2268 924 fore
2291 895 2321 924 te

1308 947 1465 978 novimus
1483 947 1515 977 in
1537 947 1661 977 divinis
1678 948 1707 977 et
1728 947 1874 986 predicte
1896 947 1986 977 sedis
2006 947 2225 986 beneplacitis
2249 955 2323 976 exe-

1308 1000 1460 1039 quendis.
1487 1001 1613 1030 Verum
1640 1000 1717 1038 quia
1743 1000 1957 1038 postmodum
1980 1000 2209 1030 intelleximus
2231 999 2322 1038 quod

1308 1062 1428 1083 manus
1451 1053 1601 1088 Domini,
1619 1062 1682 1092 que
1706 1055 1735 1083 te
1752 1055 1818 1083 tam
1835 1054 1981 1091 graviter
2000 1054 2116 1092 tetigit,
2140 1053 2322 1092 benignius

1309 1115 1410 1145 agens
1426 1107 1546 1142 tecum,
1565 1107 1742 1145 asperitate
1762 1107 1932 1145 languoris
1947 1107 2095 1145 ejusdem
2110 1106 2205 1145 prius
2222 1106 2321 1136 mise-

1308 1160 1482 1190 ricorditer
1495 1160 1657 1198 mitigata,
1671 1160 1803 1189 demum
1817 1160 1956 1198 pristine
1969 1160 1999 1190 te
2014 1160 2159 1190 restituit
2172 1159 2319 1194 sanitati,

1309 1222 1370 1243 nos
1383 1214 1565 1251 gaudentes
1577 1213 1611 1242 in
1628 1213 1684 1243 illo
1698 1213 1755 1251 qui
1767 1213 1821 1242 dat
1837 1213 1977 1242 salutem
1991 1212 2126 1251 regibus
2137 1221 2173 1242 ac
2187 1213 2324 1242 devotas

1309 1266 1338 1296 ei
1357 1267 1492 1305 propter
1512 1265 1574 1295 hoc
1591 1265 1705 1295 lau-:les
1726 1268 1757 1295 et
1773 1266 1897 1303 gratias
1922 1265 2112 1301 referentes,
2135 1265 2324 1295 humilibus

1309 1319 1495 1349 institimus
1511 1319 1541 1348 et
1556 1318 1745 1348 insistimus
1760 1318 2064 1357 supplicationibus
2078 1319 2166 1357 apud
2180 1326 2270 1352 eum,
2286 1319 2324 1348 ut

1308 1373 1339 1402 te
1351 1372 1481 1401 salvum
1498 1373 1594 1410 atque
1607 1371 1811 1401 ineolumem
1825 1380 1885 1401 sua
1898 1371 2018 1410 pietate
2032 1371 2237 1405 custodiens,
2250 1363 2323 1401 dies

1310 1434 1410 1464 super
1433 1425 1506 1455 dies
1530 1425 1617 1462 regis
1654 1423 1777 1454 adiciat
1799 1425 1830 1454 et
1855 1433 1960 1454 anuos
1981 1425 2046 1455 vite
2069 1426 2123 1454 tue
2144 1424 2325 1454 elementer

1311 1479 1484 1517 adaugeat,
1506 1478 1546 1507 ad
1565 1477 1616 1507 sui
1634 1477 1781 1508 nominis
1802 1477 1954 1515 gloriam,
1974 1477 2250 1516 tranquillitatem
2272 1485 2323 1507 ec-

1310 1532 1410 1562 clesie
1429 1540 1464 1561 ac
1482 1532 1603 1561 statum
1622 1531 1801 1569 pacificum
1820 1530 2021 1569 populorum
2042 1531 2111 1569 qui,
2133 1530 2225 1570 regio
2247 1529 2325 1560 sub-

1306 1585 1385 1623 jecti
1401 1584 1562 1620 dominio,
1575 1583 1684 1614 felicia
1702 1592 1736 1614 se
1750 1584 1893 1622 gaudent
1905 1584 2019 1614 secula
2036 1584 2101 1614 tuis
2117 1583 2324 1623 temporibus

1310 1638 1488 1677 peregisse.
1508 1638 1673 1672 Attamen,
1692 1637 1770 1676 quia
1787 1646 1840 1667 res
1856 1639 1903 1667 est
1922 1637 2055 1668 solliciti
2076 1637 2175 1676 plena
2191 1637 2324 1667 timoris

1311 1700 1416 1726 amor,
1432 1699 1493 1721 nos
1516 1690 1708 1721 nullatenus
1724 1692 1914 1729 reputantes
1938 1690 2036 1721 nobis
2052 1699 2110 1730 per
2133 1690 2221 1720 fame
2238 1689 2321 1720 rela-

1310 1744 1434 1775 tionem
1448 1744 1487 1774 de
1498 1745 1555 1774 tua
1568 1743 1833 1774 convalescentia
1848 1744 1996 1782 plenarie
2010 1744 2233 1778 satisfactum,
2249 1751 2322 1782 pre—

1311 1797 1458 1828 sentium
1475 1798 1588 1828 tenore
1612 1797 1696 1827 scire
1714 1798 1744 1827 te
1767 1797 1924 1827 volumus
1947 1797 2035 1836 quod
2054 1805 2114 1827 nos
2137 1796 2322 1827 venerabili

1310 1852 1405 1882 fratri
1429 1846 1542 1882 nostro
1563 1874 1597 1886 ..,
1621 1850 1870 1889 archiepiscopo
1895 1850 2089 1885 Cusentino‚
2111 1850 2184 1881 viro
2207 1850 2322 1889 utique
2358 1881 2366 1891 ,

1311 1905 1444 1944 experte
1459 1904 1634 1944 prudentie
1648 1905 1677 1934 et
1694 1903 1880 1935 examinate
1892 1904 2038 1938 virtutis,
2054 1913 2152 1943 quem
2164 1904 2204 1934 ad
2217 1905 2247 1934 te
2261 1911 2321 1943 pro

1311 1958 1510 1997 quibusdam
1530 1957 1653 1987 nostris
1679 1958 1709 1987 et
1729 1957 1868 1987 ecclesie
1885 1957 2036 1987 Romane
2060 1957 2201 1996 negotiis
2225 1957 2324 1987 desti-

1313 2019 1444 2044 namus,
1463 2010 1596 2040 oraculo
1618 2010 1694 2039 vive
1716 2010 1808 2040 vocis
1824 2010 2034 2049 injunximus
2054 2012 2101 2044 ut,
2123 2018 2321 2049 prosperum

1311 2066 1407 2094 titum
1429 2064 1459 2093 et
1477 2063 1565 2101 regie
1588 2063 1707 2092 domus
1725 2063 1846 2093 statum
1871 2063 1999 2093 oculata
2021 2063 2084 2092 fide
2101 2063 2321 2102 perlust1·an3‚

1314 2117 1427 2146 reddat
1446 2125 1505 2146 nos
1519 2116 1553 2146 in
1571 2116 1630 2145 hac
1647 2117 1737 2155 parte
1755 2116 1888 2153 penitus
1905 2116 2072 2146 certiores.
2091 2116 2215 2146 Datum
2235 2116 2324 2155 apud

1314 2169 1599 2203 Urbemveterem,
1616 2178 1638 2198 v
1652 2168 1813 2199 kalendas
1829 2169 1973 2208 augusti,
1992 2178 2078 2199 anno
2097 2173 2146 2199 11⁰.
2168 2180 2184 2197 υ

1382 2369 1454 2400 303
1873 2369 1997 2400 Orrieto,
2013 2370 2047 2395 28
2059 2369 2155 2405 juillet
2174 2371 2252 2398 ¹263.

1350 2457 1456 2491 Regem
1473 2457 1611 2484 franciae
1621 2459 1701 2492 rogat
1717 2460 1747 2484 ut
1759 2457 2010 2492 archiepiscopum
2023 2458 2225 2492 Cuseutiuum,
2237 2465 2326 2494 quem

1315 2513 1365 2539 pro
1384 2506 1556 2539 quibusdam
1578 2505 1699 2540 negotiis
1718 2506 1754 2532 ad
1771 2514 1839 2533 eum
1856 2506 1994 2539 destinat,
2015 2507 2136 2541 benigne
2155 2507 2277 2542 recipiat
2297 2509 2326 2534 et

1315 2554 1408 2580 eidem
1424 2554 1452 2580 iu
1466 2554 1604 2589 his,quae
1618 2562 1651 2581 ex
1669 2556 1748 2589 parte
1766 2554 1910 2589 pontificis
1927 2555 1981 2589 ipsi
1997 2555 2113 2587 dixerit,
2127 2555 2263 2583 adhibeat
2280 2555 2329 2583 fir-

1316 2610 1396 2629 mam
1414 2602 1510 2628 tidem.
1528 2618 1564 2622 —
1578 2603 1657 2638 (Ιὶεῦ.
1673 2604 1719 2635 QG,
1734 2603 1804 2630 anui
1820 2602 1859 2634 11,
1874 2608 1906 2630 n⁰
1926 2605 1983 2636 ¹66,
1999 2603 2048 2630 sol.
2068 2605 2117 2631 10¹*
2131 2603 2185 2637 νῦ.)

1358 2731 1372 2747 «
1398 2720 1548 2751 ..illustri
1565 2721 1630 2760 reqi
1652 2720 1793 2751 Francie.
1821 2721 1905 2752 Cum
1930 2722 2132 2753 venerabilis
2149 2722 2252 2753 frater
2273 2739 2326 2752 —.

1318 2773 1441 2804 Datum
1459 2775 1494 2804 ut
1510 2774 1545 2804 in
1561 2774 1739 2813 superiori.
1763 2786 1778 2802 »
