2547 3289
1051 249 1291 287 TROISIEME
1318 249 1482 286 ANNEE.

221 346 310 375 tram
323 344 552 374 convertimus
577 343 608 373 et
627 342 737 372 studia
760 342 897 380 paterne
915 338 1159 369 sollicitudinis
1177 338 1232 368 ad-

222 397 391 433 hibemus,
416 398 572 436 gerentes
595 395 636 425 ad
651 394 791 424 devotos
810 393 946 423 illarum
962 392 1110 430 partium
1141 390 1233 421 sedis

224 450 408 488 apostolice
427 449 516 479 filios
535 447 679 486 benigne
696 445 944 485 compassionis
968 445 1135 480 affectum,
1153 443 1233 473 dum

223 503 301 533 illos
311 502 416 541 affligi
427 501 657 539 conspicimus
670 499 892 529 barbararum
904 497 1120 536 tyrampnide
1132 496 1235 526 natio-

223 564 316 585 num.
335 555 420 585 Sane
436 553 535 584 Greci
552 552 749 585 scismatici,
769 560 810 581 ex
829 551 983 589 captione
999 548 1234 580 Constantino-

225 608 374 647 politane
393 607 539 638 civitatis
551 605 631 635 elati
645 607 744 635 vento
760 604 917 642 superbie
934 605 964 633 et
983 603 1022 632 ad
1041 603 1236 640 impugnan-

228 661 307 690 dum
333 660 411 698 plus
440 658 540 689 solito
563 657 681 688 fideles
706 657 842 686 illarum
868 656 1028 694 partium,
1052 654 1236 684 vicinitatis

227 713 453 752 oportunitate
473 711 662 750 paratiores
681 711 801 745 effecti,
821 709 861 739 ad
880 711 1004 739 terram
1027 708 1237 747 principatus

226 767 361 805 Achaye
380 764 651 804 depopulatrices
664 771 785 792 manus
799 762 994 797 extendunt,
1009 764 1041 791 et
1056 764 1091 791 ut
1110 761 1236 791 ibidem

228 820 262 849 in
277 818 408 849 devotis
419 817 560 848 ecclesie
574 816 656 846 filiis
672 815 871 854 extinguant
885 815 1020 852 penitus
1034 822 1155 844 nomen
1170 822 1237 843 ma-

224 872 300 906 tris,
318 869 503 909 quamlibet
523 871 654 907 partem
670 868 882 906 principatus
902 867 1054 905 ejusdem
1067 866 1237 896 continuis

225 925 447 962 persecuntur
462 921 659 956 insultibuS,
673 920 872 959 quamduris
890 919 1127 949 obsidionibus
1143 919 1238 948 illius

225 976 411 1014 municipia
429 977 461 1004 et
489 974 645 1004 civitates
671 976 863 1012 angustant,
885 975 915 1002 et
944 972 1069 1001 ibidem
1102 972 1238 1001 irreme-

225 1028 398 1059 diabiliter
416 1035 550 1057 omnem
575 1028 664 1056 terre
684 1026 805 1056 faciem
823 1025 953 1055 cunctis
969 1025 1010 1053 ad
1027 1033 1127 1054 usum
1144 1032 1239 1063 gene-

223 1082 272 1112 ris
287 1081 425 1111 humani
445 1079 663 1110 nascentibus
677 1088 719 1109 ex
733 1079 819 1117 ipsa,
835 1078 1022 1113 denudant;
1038 1079 1238 1115 tantumque

220 1135 292 1174 J'am
310 1133 396 1164 inibi
414 1133 645 1163 diminuerunt
662 1140 841 1163 numerum
859 1127 1011 1161 fidelium
1035 1130 1239 1168 populorum

224 1189 257 1218 et
270 1189 403 1218 tantum
419 1195 488 1223 eos,
519 1186 576 1225 qui
600 1185 729 1215 residui
749 1186 838 1221 sunt,
865 1183 1027 1223 predictis
1044 1186 1075 1213 et
1094 1183 1172 1213 aliis
1191 1183 1239 1212 di-

223 1241 334 1270 versis
353 1239 595 1270 afflictionibus
619 1238 832 1274 attriverunt,
852 1237 942 1276 quod
956 1237 1015 1266 vix
1045 1236 1159 1274 aliqua
1187 1244 1240 1266 su-

225 1296 337 1332 perest
350 1293 473 1322 fiducia
484 1301 545 1322 seu
561 1300 650 1330 spes,
669 1292 706 1321 ut
720 1291 836 1325 iidem,
854 1289 981 1328 absque
999 1289 1145 1320 31111110]
1162 1289 1241 1319 fide-

223 1346 310 1376 lium
336 1345 462 1376 Christi
489 1353 662 1380 succursu,
697 1344 756 1374 diu
781 1343 916 1373 valeant
961 1343 1239 1381 persequentium

225 1408 347 1429 manus
374 1399 531 1438 effugere,
549 1400 581 1428 et
604 1399 731 1428 terram
760 1397 855 1427 illam
883 1405 963 1426 vero
987 1395 1114 1426 Christi
1134 1396 1239 1425 cultui

225 1461 438 1488 conservare,
467 1453 566 1490 prout
591 1450 752 1481 hactenus
780 1459 839 1489 per
866 1449 999 1480 litteras
1018 1449 1238 1487 prelatorum,

225 1505 419 1544 principum
435 1506 466 1535 et
495 1504 661 1534 baronum
681 1503 818 1533 illarum
843 1503 991 1541 partium
1018 1511 1056 1532 ac
1073 1502 1239 1540 speciales

226 1558 364 1588 nuntios
379 1558 421 1588 ad
435 1557 657 1596 apostolicam
670 1556 784 1587 sedem
799 1556 920 1586 exinde
938 1555 1172 1590 transmissos,
1182 1563 1240 1584 no-

225 1611 280 1641 bis
296 1611 443 1641 innotuit
459 1611 644 1640 evidenter.
663 1610 774 1645 Quum
791 1610 894 1648 igitur
914 1618 955 1639 ex
970 1609 1031 1639 hoc
1049 1608 1163 1647 gravis
1178 1608 1239 1638 im-

227 1664 331 1694 minet
346 1664 477 1702 jactura
491 1663 644 1702 periculi,
661 1671 734 1699 nos,
753 1663 811 1701 qui
833 1671 873 1692 ex
891 1662 1077 1701 apostolice
1095 1661 1238 1700 diguita-

225 1717 271 1748 tis
304 1717 420 1756 gradu,
451 1717 612 1746 universa
642 1716 731 1746 mala
756 1715 881 1754 quibus
908 1714 1051 1745 ubilibet
1083 1715 1240 1744 atteritur

225 1771 380 1800 fidelium
396 1778 573 1805 numerus,
590 1769 769 1808 providere
782 1769 946 1808 cogimur,
959 1770 991 1798 et
1008 1768 1058 1798 eis
1075 1769 1240 1806 quantum

225 1823 324 1854 nobis
351 1832 392 1853 ex
421 1823 488 1853 alto
515 1823 738 1863 permittitur,
767 1823 931 1860 oportuna
957 1821 1106 1851 remedia
1125 1821 1240 1859 provi-

225 1877 316 1913 dere,
338 1876 483 1906 libenter
511 1884 609 1914 opem
638 1878 670 1906 et
696 1884 832 1914 operam
855 1875 1071 1913 impertimur
1088 1876 1123 1904 ut
1151 1874 1240 1903 idem

225 1930 437 1969 principatus
454 1929 494 1959 ab
514 1929 707 1959 imminenti
724 1930 830 1967 peste,
848 1928 918 1958 Deo
942 1928 1100 1966 propitio,
1120 1927 1241 1957 libere·

226 1985 292 2013 tur.
322 1983 470 2021 Ideoque
489 1981 737 2012 fraternitatem
758 1983 862 2015 tuam,
890 1981 929 2010 de
961 1989 1027 2019 qua
1054 1980 1189 2018 plenam
1206 1980 1241 2009 in

225 2037 373 2067 Doni-ino
391 2035 550 2065 fiduciam
579 2035 783 2070 obtinemus,
814 2043 973 2073 rogamus
1003 2036 1035 2063 et.
1066 2033 1241 2063 hortamur

226 2091 364 2124 attente,
377 2088 440 2118 tibi
454 2097 513 2127 per
527 2087 712 2126 apostolica
728 2087 854 2126 scripta
869 2087 904 2116 in
916 2087 1154 2116 remissionem
1170 2094 1242 2124 pec-

228 2142 398 2172 caminum
427 2142 640 2180 inJungentes
677 2141 838 2180 quatinus
870 2149 929 2179 per
958 2140 1183 2170 Leodiensem
1209 2141 1241 2169 et

227 2195 479 2233 TraJectensem
501 2195 658 2224 civitates
681 2195 714 2224 et
737 2193 903 2229 dioceses,
929 2202 989 2231 per
1010 2195 1054 2226 te,
1071 2193 1169 2231 juxta
1187 2192 1243 2222 da·

227 2249 298 2277 tani
317 2248 416 2278 aDeo
431 2247 493 2277 tibi
508 2247 734 2286 prudentiam,
752 2248 784 2277 et
805 2247 892 2276 alios
910 2246 1024 2281 etiam,
1043 2246 1077 2275 111
1097 2254 1242 2284 quorum

227 2309 284 2330 ore
298 2309 365 2330 non
387 2301 431 2330 sit
448 2300 589 2330 verbum
599 2300 738 2331 Domini
759 2299 948 2338 alligatum,
966 2307 1159 2337 proponens
1182 2307 1241 2337 pro

228 2355 414 2383 memorato
435 2353 581 2391 Imperio
599 2353 781 2383 efficaciter
801 2352 943 2382 verbum
960 2352 1090 2387 Crucis,
1109 2353 1242 2382 univer-

228 2415 285 2437 sos
302 2406 429 2437 Christi
445 2407 564 2436 fideles
586 2407 782 2436 earumdem
807 2406 982 2436 civitatum
1005 2408 1037 2435 et
1054 2406 1242 2435 diocesium

229 2459 438 2490 salutaribus
457 2460 597 2489 inducas
614 2459 753 2490 monitis
774 2461 805 2489 et
827 2458 1022 2489 efficacibus
1040 2458 1242 2489 inductioni-

230 2512 292 2542 bus
309 2512 497 2543 exhorteris
513 2513 562 2546 ut,
574 2513 749 2550 assumpto
764 2511 803 2541 de
818 2514 885 2541 tuis
899 2513 930 2541 et
949 2511 1099 2546 illorum,
1118 2511 1242 2550 quibus

230 2566 265 2596 id
280 2565 505 2601 commiseris,
524 2564 683 2595 manibus
693 2564 824 2594 vivifice
839 2565 958 2595 Crucis
973 2564 1068 2603 signo
1085 2566 1118 2594 et
1132 2567 1242 2603 posito

229 2628 305 2649 cum
322 2618 437 2657 Moyse
454 2618 566 2657 gladio
585 2626 689 2656 supra
705 2618 825 2651 femur,
844 2617 878 2647 10
899 2625 1097 2647 succursum
1114 2617 1242 2656 predic-

228 2675 340 2702 torum
358 2671 509 2701 fidelium
526 2671 636 2709 ipsius
654 2670 794 2708 Imperii
819 2669 896 2700 utili
917 2670 1159 2700 acceleratione
1177 2670 1241 2700 fes-

229 2726 350 2760 tinent,
366 2724 506 2754 accincti
527 2724 569 2753 ad
588 2724 661 2762 eJus
684 2723 844 2762 prelium,
876 2723 906 2752 si
934 2731 1019 2761 opus
1037 2722 1149 2758 fuerit,
1167 2731 1241 2761 pre·
1270 2754 1272 2757 ,

230 2778 395 2813 liandum,
416 2777 474 2816 qui
489 2785 648 2807 00100301
671 2776 823 2815 legitime
842 2775 1050 2805 certantibus
1067 2776 1243 2814 repromit-

229 2832 281 2862 tit.
302 2831 373 2861 Nos
402 2839 493 2868 ergo,
521 2830 560 2860 de
585 2829 826 2867 omnipotentis
859 2829 922 2859 Dei
948 2826 1182 2858 misericordia
1211 2830 1241 2858 et

230 2884 405 2914 beatorum
418 2883 510 2914 Petri
527 2884 560 2913 et
576 2882 686 2918 Pauli,
698 2881 929 2921 apostolorum
947 2881 1032 2920 ejus,
1044 2881 1242 2911 auctoritate

232 2937 362 2973 contisi,
393 2938 425 2966 et
451 2936 522 2972 illa,
542 2944 643 2974 quam
671 2935 781 2971 nobis,
800 2934 878 2965 licet
900 2934 1061 2973 indignis,
1088 2934 1182 2964 Deus
1206 2934 1244 2963 li-

2244 253 2303 282 293

1263 357 1265 377 3
1294 337 1393 376 gandi
1419 339 1518 376 atque
1545 336 1695 366 solvendi
1726 335 1866 366 0011111111
1892 336 2104 374 potestatem,
2133 334 2301 369 omnibus,

1295 390 1351 429 qui
1374 391 1406 420 in
1432 398 1630 420 succursum
1650 389 1801 427 ejusdem
1831 388 1969 426 Imperii
2002 387 2226 426 personaliter
2253 396 2303 415 ac-

1264 479 1265 483 ,
1295 447 1470 481 cesserint,
1491 447 1584 476 illam
1602 454 1740 475 suorum
1754 445 1996 484 peccaminum,
2015 445 2055 474 de
2071 443 2194 482 quibus
2206 443 2305 473 corde

1295 501 1429 530 contriti
1454 503 1485 530 et
1505 508 1561 529 ore
1593 499 1740 529 confessi
1771 499 1907 533 fuerint,
1924 498 2056 528 veniam
2076 497 2303 535 indulgemus,

1295 553 1456 592 ipsosque
1476 553 1536 582 illo
1558 552 1736 590 privilegio
1766 551 1891 590 illaque
1910 551 2065 580 volumus
2093 550 2307 579 immunitate

1295 606 1451 644 gaudere,
1471 614 1534 644 que
1552 606 1653 635 Terre
1674 606 1792 634 sancte
1809 603 2089 634 subvenientibus
2106 603 2138 632 in
2157 602 2304 641 generali

1297 659 1439 689 concilio
1469 658 1708 688 conceduntur.
1743 657 1867 687 Datum
1895 656 1983 694 apud
2015 655 2305 690 L'rbemveterem,

1301 722 1335 741 111
1358 712 1433 741 idus
1451 711 1544 746 maii,
1566 720 1652 740 anno
1671 710 1743 740 1110.
1765 720 1779 738 n

1387 899 1460 929 578
1891 895 2015 925 Orvieto,
2033 896 2064 921 13
2078 894 2134 920 mai
2160 894 2235 920 1204.

1335 980 1433 1007 Simile
1450 980 1618 1006 mandatum
1640 980 1724 1005 datur
1747 978 1880 1012 epist-opo
1906 978 2062 1005 Coronensi
2088 978 2166 1010 (Rrec.
2189 978 2234 1009 28,
2260 977 2307 1004 sol.

1299 1031 1342 1060 55,
1360 1037 1429 1056 ann.
1452 1029 1498 1059 111,
1515 1034 1544 1054 n⁰
1559 1028 1626 1059 1813
1643 1028 1789 1053 Porrmsr
1808 1028 1913 1059 18809.)

1340 1143 1355 1163 11
1376 1156 1396 1163 ..
1415 1134 1555 1173 episcopo
1578 1132 1755 1162 Coronensi.
1776 1131 1959 1169 Cupientes
1978 1133 2012 1160 ut
2037 1134 2127 1160 terra
2142 1131 2308 1170 principa·

1298 1189 1355 1217 tus
1372 1187 1507 1225 Achaye
1529 1186 1570 1215 ab
1587 1185 1778 1215 imminenti
1801 1184 2097 1214 schismaticorum
2127 1186 2232 1222 peste.
2253 1183 2311 1222 qui

1300 1249 1374 1271 eam
1392 1240 1585 1279 deprimunt
1606 1238 1801 1268 immaniter
1816 1240 1848 1268 et
1875 1237 2040 1276 affligunt,
2060 1237 2128 1267 Deo
2151 1236 2310 1275 propitio,

1300 1293 1476 1328 liberetur,
1495 1292 1652 1331 quodque
1672 1291 1831 1330 degentes
1856 1291 1891 1320 in
1910 1290 1968 1320 1113
1990 1299 2028 1319 eo
2053 1289 2197 1319 liberius
2219 1300 2254 1319 se
2272 1289 2314 1319 ad

1301 1346 1452 1385 ejusdem
1479 1347 1567 1375 terre
1596 1344 1827 1374 defensionem
1855 1345 2035 1382 exponant,
2067 1352 2132 1381 quo
2163 1351 2222 1381 per
2250 1342 2312 1372 hoc

1300 1399 1429 1438 majora
1452 1398 1582 1437 premia
1604 1406 1639 1427 se
1659 1396 1877 1436 cognoverint
1904 1397 2095 1434 adepturos,
2123 1395 2315 1425 fraternita-

1299 1454 1368 1482 tem
1386 1454 1491 1485 tuam,
1510 1451 1550 1480 de
1573 1460 1640 1489 qua
1663 1450 1797 1489 plenam
1821 1450 1855 1479 in
1883 1449 2029 1480 Domino
2053 1449 2210 1478 fiduciam
2228 1448 2313 1477 obti-

1301 1513 1434 1539 nemus,
1458 1513 1616 1543 rogamus
1644 1506 1675 1533 et
1692 1503 1868 1533 hortamur
1889 1503 2013 1532 attente
2041 1501 2102 1532 tibi
2123 1501 2312 1531 nichilomi-

1300 1567 1365 1588 nus
1380 1567 1440 1597 per
1471 1557 1658 1596 apostolica
1685 1557 1811 1594 scripta
1830 1556 1864 1585 in
1884 1555 2122 1585 remissionem
2152 1554 2315 1593 peccami-

1300 1620 1381 1641 num
1409 1611 1624 1650 injungentes
1645 1612 1813 1648 quatenus
1837 1608 1964 1639 Christi
1993 1607 2111 1638 fideles
2135 1608 2167 1637 in
2197 1608 2314 1637 eadem

1299 1667 1390 1694 terra
1411 1666 1595 1698 morantes,
1618 1672 1678 1701 per
1700 1664 1743 1697 te,
1775 1662 1873 1700 juxta
1895 1661 2008 1691 datam
2027 1670 2045 1690 a
2061 1661 2131 1691 Deo
2156 1661 2218 1690 tibi
2239 1669 2315 1698 pru-

1301 1717 1463 1752 dentiam,
1484 1720 1515 1747 et
1533 1716 1630 1751 alios,
1648 1724 1733 1754 quos
1750 1715 1792 1745 ad
1811 1715 1873 1744 hoc
1896 1714 2048 1753 ydoneos
2065 1722 2140 1743 esse
2153 1722 2313 1752 cognove-

1302 1771 1361 1808 ris,
1381 1770 1588 1800 salutaribus
1608 1770 1749 1799 inducas
1768 1768 1909 1798 monitis
1926 1770 1957 1798 et
1984 1767 2178 1798 efficacibus
2200 1767 2314 1797 induc-

1301 1824 1453 1854 tionibus
1492 1823 1682 1853 exhorteris
1714 1824 1750 1852 ut
1781 1824 1905 1852 terram
1941 1821 2051 1859 ipsam
2084 1820 2125 1850 ab
2162 1820 2313 1850 hostium

1302 1877 1508 1913 incursibus,
1541 1876 1581 1906 de
1597 1876 1712 1905 divino
1733 1877 1909 1914 sperantes
1926 1874 2066 1908 auxilio,
2085 1873 2174 1912 quod
2199 1874 2314 1912 presto

1302 1933 1353 1961 est
1369 1930 1514 1960 fideliter
1531 1930 1593 1960 Dei
1610 1929 1740 1958 bellum
1757 1928 1963 1966 gerentibus,
1989 1936 2049 1965 pro
2067 1936 2128 1956 sua
2144 1926 2314 1965 possibili-

1301 1986 1368 2014 tate
1389 1983 1580 2013 defendant.
1604 1982 1675 2011 Nos
1692 1981 1783 2011 enim
1801 1984 1862 2011 etc.
1890 1988 1998 2018 usque
2016 1981 2194 2018 potestate,
2219 1979 2314 2009 illam

1302 2037 1352 2066 eis
1368 2045 1508 2066 suorum
1528 2035 1761 2074 peccaminum
1782 2036 1844 2064 etc.
1870 2042 1978 2071 usque
2001 2033 2228 2072 indulgemus,
2249 2040 2314 2070 que

1301 2088 1602 2120 transfretantibus
1615 2088 1648 2117 in
1657 2088 1760 2117 Terre
1774 2086 1894 2117 Sancte
1907 2085 2098 2115 subsidium
2115 2086 2148 2115 in
2165 2085 2315 2124 generali

1303 2142 1447 2173 concilio
1465 2145 1542 2172 sunt
1560 2150 1731 2172 concessa,
1748 2141 1873 2171 Datum
1889 2142 1924 2169 ut
1945 2148 2060 2178 supra.
2079 2149 2094 2167 »

1391 2330 1465 2360 579
1898 2325 2021 2355 Orvieto,
2042 2324 2073 2351 13
2090 2324 2146 2349 mai
2163 2323 2239 2350 1204,

1337 2414 1445 2440 Ducem
1459 2411 1646 2446 2Burgundiae
1670 2410 1802 2436 hortatur
1816 2412 1844 2436 ut
1868 2410 1902 2435 ad
1925 2407 2081 2442 Imperium
2109 2406 2251 2433 Orientale
2268 2414 2313 2432 ec-

1303 2462 1407 2489 clesiae
1423 2460 1635 2487 restituendum
1656 2459 1754 2492 copias
1767 2459 1927 2492 comparet.
1943 2456 2024 2491 (Fuso.
2043 2456 2089 2489 28,
2110 2455 2158 2482 rol.
2181 2457 2224 2485 55,
2246 2463 2313 2481 ann.

1302 2511 1347 2541 ΙΙΙ,
1362 2516 1392 2537 n⁰
1411 2511 1476 2543 1823
1494 2510 1641 2536 Porrussr
1659 2507 1769 2541 issue.)

1345 2627 1360 2643 «
1378 2614 1484 2645 Nobili
1500 2614 1601 2647 viro..‚
1620 2612 1691 2642 duci
1713 2611 1903 2652 Bur-qundie.
1927 2612 2016 2642 Dum
2032 2612 2068 2642 in
2094 2620 2229 2650 gravem
2258 2620 2314 2641 su-

1302 2668 1399 2708 perni
1417 2667 1530 2698 Patris
1546 2667 1707 2696 offensam
1726 2669 1757 2695 et
1779 2664 2034 2704 dispendiosam
2057 2664 2241 2704 apostolice
2262 2673 2316 2694 se-

1303 2722 1356 2752 dis
1380 2728 1586 2758 suorumque
1613 2719 1812 2749 devotorum
1837 2718 2010 2756 injuriam,
2042 2718 2314 2748 scismaticorum

1302 2775 1487 2806 Grecorum
1499 2772 1674 2811 perfidiam
1687 2771 1774 2802 elata
1787 2779 1912 2801 cornua
1924 2771 2056 2801 levasse
2069 2771 2313 2810 conspicimus,

1304 2830 1336 2858 et
1353 2836 1412 2866 per
1430 2835 1503 2856 eam
1518 2828 1643 2856 terram
1660 2825 1871 2863 principatus
1884 2823 2019 2863 Achaye
2035 2823 2141 2863 affligi
2157 2823 2315 2854 continue

1304 2879 1497 2910 vexationis
1512 2878 1681 2917 angustiis
1704 2879 1735 2908 et
1754 2877 1958 2907 successivis
1979 2877 2133 2907 dissidiis
2159 2876 2314 2912 lacerari,

1306 2933 1411 2963 multe
1429 2931 1674 2962 sollicitudinis
1690 2930 1878 2960 excitamur
1901 2930 2064 2960 instantia
2084 2932 2133 2965 ut,
2145 2930 2233 2960 circa
2248 2931 2314 2959 sta·
