2547 3289
227 202 266 230 94

268 294 283 312 (1
304 308 309 313 .
332 282 454 321 mrim-2
478 286 504 310 et
523 279 681 309 conventui
703 278 902 312 Lewensibus,
924 276 1132 308 Cluniacensis
1154 277 1233 308 ordi·
1263 284 1264 301 1

228 336 286 370 nis,
318 333 512 363 Cic-estrensis
531 332 664 361 diocesis.
691 331 904 361 Constitutus
932 330 965 359 111
992 331 1164 369 presentia
1180 349 1229 362 —.

226 389 349 418 Datum
372 387 459 424 apud
480 385 764 420 Urbemveterem,
785 394 830 413 v11
851 383 1012 413 kalendas
1026 384 1126 422 junii,
1145 393 1231 415 anno

226 440 382 470 secundo.
399 451 414 466 »

312 608 384 639 342
738 606 861 638 Orvicto,
879 607 895 632 4
912 607 1063 633 decembre
1081 608 1158 634 1262.

224 734 351 770 ejusdem
364 734 533 761 monasterii
548 733 651 769 majori
667 734 764 768 priori,
778 734 935 769 prioratum
957 735 1079 762 alterum
1102 736 1232 762 conterre

222 783 326 810 valeat.
344 784 423 818 (Rus.
443 785 487 815 27,
504 782 551 809 fot.
568 784 612 815 95,
629 787 660 809 n⁰
678 784 714 816 1.)

262 885 277 903 (1
296 900 301 905 .
322 897 328 903 .
347 874 450 903 abbati
463 875 593 913 Majoris
606 874 783 904 Monasteric'
799 875 991 911 Turonensis,
1009 875 1124 905 ordinis
1137 877 1235 905 sancti

223 927 391 963 Benedicti,
420 927 460 956 ad
488 927 654 956 Romanam
682 927 834 957 ecclesiam
862 928 1033 958 immediate
1058 930 1231 968 spectantis.

221 981 405 1011 Personam
422 982 512 1010 tuam
525 980 690 1010 honorare
704 980 856 1011 volentes
873 983 905 1011 et
921 981 1041 1012 dilecto
1052 982 1121 1012 tilio
1138 982 1233 1013 fratri

221 1033 416 1067 Guillelmo,
444 1033 616 1072 capellano
649 1036 775 1070 nostro,
807 1034 928 1073 majori
958 1035 1062 1073 priori
1093 1035 1232 1074 Majoris

221 1086 430 1121 Monasterii,
453 1087 661 1116 Turonensis
680 1096 738 1125 per
765 1087 927 1117 honorem
954 1088 1015 1118 tibi
1043 1088 1231 1120 exhibitum

220 1140 409 1178 providere,
428 1142 462 1170 ut
478 1140 586 1169 eidem
603 1140 776 1178 capellano
795 1140 834 1170 de
851 1141 964 1179 aliquo
974 1141 1137 1179 prioratu,
1155 1151 1230 1172 011111

220 1193 356 1232 juribus
372 1194 404 1223 01,
416 1193 630 1231 pertinentiis
643 1194 726 1227 51115,
745 1194 784 1223 ad
801 1194 891 1223 idem
909 1195 1152 1224 monasterium
1171 1195 1233 1224 im-

222 1246 368 1276 mediate
380 1248 562 1284 spectante,
576 1246 753 1284 providere
768 1247 881 1285 possis
896 1256 932 1276 ac
943 1247 1140 1286 dispensare
1158 1256 1234 1277 eum

223 1299 311 1337 ipso,
330 1300 366 1328 nt
384 1299 571 1337 prioratum
589 1300 628 1329 de
649 1308 714 1337 (100
734 1299 799 1329 sibi
815 1300 1060 1338 providendum
1081 1301 1230 1338 duxeris,

222 1360 288 1381 una
302 1360 376 1381 011111
389 1352 541 1389 prioratu
564 1360 664 1390 quem
682 1353 716 1381 in
736 1353 852 1383 eodem
870 1352 996 1383 obtinet
1012 1354 1230 1391 monasterio,

222 1405 366 1435 retinere
387 1405 476 1435 licite
503 1405 624 1441 valeat,
656 1414 723 1435 non
754 1405 966 1436 obstantibus
992 1407 1232 1438 constitutione

224 1458 359 1488 concilii
388 1458 555 1496 generalis
584 1460 639 1488 aut
667 1459 781 1496 aliqua
805 1459 927 1497 prefati
952 1460 1147 1490 monasterii
1172 1469 1231 1489 seu

226 1511 354 1541 ordinis
374 1511 421 1540 tui
438 1511 678 1541 consuetudine
698 1512 865 1541 contraria
890 1512 941 1541 vel
960 1513 1095 1547 statuto,
1114 1513 1232 1542 confir-

222 1564 369 1593 matione
395 1564 486 1593 sedis
506 1564 688 1602 1111051011οο
713 1564 783 1594 sive
804 1573 1014 1602 quacumque
1039 1565 1106 1594 alia
1128 1565 1232 1594 tirmi-

223 1617 291 1646 tate
312 1616 457 1651 vallatis,
473 1617 670 1646 :uictoritate
700 1617 760 1647 tibi
786 1617 997 1655 presentium
1016 1618 1231 1648 concedimus

222 1668 429 1698 facultatem.
453 1669 571 1699 Datum
595 1669 681 1707 apud
705 1669 991 1704 Urbemveterem,
1011 1680 1032 1699 11
1053 1679 1159 1700 11011115
1177 1671 1231 1701 de-

222 1721 378 1757 cembris,
398 1730 483 1751 anno
504 1722 661 1753 secundo.
685 1733 699 1749 »

309 1898 381 1929 343
813 1898 937 1930 Orvieto,
959 1900 989 1925 15
1006 1898 1063 1925 11101
1082 1900 1158 1926 1263.

256 1976 452 2010 Int'raseriptis
470 1977 587 2002 mandat
604 1978 742 2009 (1011101105
756 1976 928 2011 magistrum
944 1977 1118 2011 Stephanum
1138 1977 1166 2003 in
1187 1986 1232 2004 cc-

221 2024 308 2051 clesia
326 2024 481 2051 Scnonensi
501 2024 528 2050 in
560 2025 728 2051 canonicum
757 2025 843 2059 recipi
870 2024 977 2052 saciant
995 2025 1077 2060 011100
1097 2026 1130 2052 de
1154 2034 1234 2060 prae-

221 2074 314 2100 benda
330 2073 510 2107 provideant.
527 2074 604 2105 (linc.
625 2075 668 2107 27,
688 2073 735 2100 sol.
754 2074 797 2105 93,
813 2079 844 2100 n⁰
860 2076 896 2107 Ξ.)

262 2178 276 2196 1(
308 2192 314 2198 .
342 2191 348 2197 .
378 2167 481 2196 abbati
502 2168 677 2196 monasterii
700 2172 801 2197 sancte
825 2167 966 2197 Columbe
994 2167 1186 2205 Senouwzsis,
1207 2173 1233 2198 et

222 2220 325 2253 Petro³
336 2220 551 2249 archidiacono
571 2220 750 2250 Wasli'nensz'
760 2221 789 2249 in
804 2220 926 2250 ecclesia
939 2220 1114 2252 Senonensess
1126 2222 1235 2252 Dilec-

222 2274 291 2303 tum
318 2273 421 2303 tilium
447 2274 647 2311 magistrum
668 2273 1057 2311 Stephanum,clericum
1083 2274 1233 2305 balivum

221 2326 428 2356 venerabilis
444 2326 558 2357 fratris
574 2327 681 2356 nostri
701 2350 706 2355 .
729 2351 735 2357 .
755 2326 1000 2365 archiepiscopi
1013 2328 1232 2365 Senonensis,

222 2379 263 2408 de
295 2379 390 2415 cujus
419 2379 498 2415 vita,
535 2379 686 2409 moribus
711 2381 742 2409 01
774 2379 914 2410 scientia
939 2380 1108 2410 laudabile
1136 2380 1234 2411 nobiS

222 2432 459 2464 testimonium
492 2432 696 2470 perhibetur,
728 2432 865 2464 obtentu
894 2433 1094 2463 meritorum
1122 2434 1235 2473 hujus-

222 2485 313 2514 modi
334 2494 370 2514 ac
387 2485 577 2515 interventu
596 2485 709 2515 dilecti
731 2486 793 2515 filii
812 2487 862 2522 P„
889 2486 1114 2517 archidiaconi
1133 2488 1234 2518 Seno-

222 2537 349 2573 nensis,
381 2538 557 2567 camerarii
579 2539 698 2575 nostri,
726 2548 785 2577 pro
808 2539 882 2577 ipso
904 2539 1001 2569 nobis
1020 2539 1185 2571 instanter
1203 2542 1235 2571 et

222 2589 399 2620 humiliter
430 2591 665 2629 supplicantis,
690 2592 829 2630 speciali
851 2592 959 2631 gratia
978 2595 1233 2632 prosequentes,

222 2644 425 2673 mandamus
446 2645 611 2682 quatenus
629 2645 739 2683 ipsum
758 2645 791 2674 in
810 2645 953 2676 ecclesia
972 2646 1158 2677 Senonensi
1177 2656 1235 2678 vos

223 2696 278 2725 vel
298 2696 380 2726 alter
398 2698 549 2726 vestrum
575 2706 634 2736 per
652 2707 711 2727 vos
733 2698 785 2728 vel
808 2698 911 2728 alium
938 2707 997 2729 seu
1021 2699 1107 2729 alios
1130 2700 1235 2739 recipi

225 2747 387 2778 facientes
411 2749 443 2779 in
469 2750 665 2780 canonicum
687 2752 718 2781 et
743 2751 777 2781 in
801 2751 951 2787 fratrem,
977 2751 1181 2791 prebendam
1206 2753 1235 2783 si

225 2808 289 2838 qua
316 2801 438 2831 ibidem
458 2805 552 2833 vacat
571 2804 610 2833 ad
631 2812 770 2842 presens
789 2805 841 2835 vel
865 2805 1115 2844 quamprimum
1139 2806 1180 2836 ad
1202 2806 1235 2836 id

226 2862 263 2883 se
284 2854 423 2884 facultas
440 2855 608 2893 obtulerit,
621 2857 728 2887 eidem
743 2857 941 2889 auctoritate
958 2859 1235 2890 nostraconforre

1036 193 1256 225 REGISTRE
1279 185 1494 224 CAMERAL

1294 277 1421 308 curetis
1440 286 1476 307 ac
1493 276 1630 306 stallum
1650 276 1683 305 in
1701 275 1800 307 choro
1819 279 1849 308 et
1873 277 1983 307 locum
2009 278 2043 307 in
2064 278 2210 317 capitulo
2229 287 2305 309 cum

1293 330 1507 368 plenitudine
1523 329 1609 367 juris
1627 329 1778 359 canonici
1796 329 1981 368 assignare,
2005 339 2071 360 non
2093 330 2306 361 obstantibus

1293 384 1421 413 statuto
1452 383 1491 412 de
1526 384 1615 412 certo
1648 381 1884 412 canonicorum
1917 391 2070 418 numero,
2100 383 2304 421 juramento,

1293 436 1551 466 confirmatione
1570 435 1661 464 sedis
1680 434 1863 473 apostolice
1881 437 1936 466 aut
1955 435 2103 474 qualibet
2124 436 2191 466 alia
2205 436 2307 466 firmi-

1292 490 1359 520 tate
1384 489 1519 522 vallato,
1538 497 1597 518 sen
1622 488 1649 517 si
1678 487 1785 526 aliqui
1811 496 1872 526 per
1896 488 2026 519 litteras
2047 489 2251 528 apostolicas
2271 489 2306 518 in

1293 543 1412 572 eadem
1441 541 1583 572 ecclesia
1601 542 1679 570 50111
1699 541 1824 579 recepti
1850 540 1955 571 velut
1975 542 2181 579 recipiantur
2206 542 2306 571 insis—

1292 596 1376 629 tant,
1397 595 1523 633 quibus
1548 594 1746 624 auctoritate
1769 594 1978 632 presentium
2000 594 2132 624 nullum
2149 595 2307 624 volumus

1261 652 1263 682 j
1292 648 1522 687 prejudicium
1547 647 1712 686 generari,
1742 649 1797 677 aut
1817 646 1846 676 si
1871 646 2057 677 venerabili
2076 647 2172 678 fratri
2192 649 2307 677 nostro

259 686 360 712 Abbati
377 685 490 721 Major-is
506 685 670 711 Monasterii
688 686 860 713 Turonensis
881 686 1008 721 indulget
1023 689 1053 713 ut
1067 686 1230 718 Gnillelmo,
1261 721 1263 726 ‚

1323 726 1329 732 .
1351 701 1606 739 archiepiscopo
1624 702 1654 730 et
1674 700 1809 730 dilectis
1825 700 1907 729 filiis
1927 700 2072 738 capitulo
2090 699 2241 738 ejusdem
2260 708 2310 730 00-

1293 754 1399 784 010510
1417 754 1607 784 comuniter
1623 753 1675 783 vel
1691 753 1828 783 divisim
1845 752 1885 783 ab
1904 753 2021 783 eadem
2039 753 2083 784 sit
2103 752 2182 783 sede
2200 752 2309 782 indul-

1262 814 1263 829 1
1293 808 1377 843 10111,
1398 807 1486 845 quod
1517 806 1559 836 ad
1579 806 1806 844 receptionem
1831 806 1885 836 vel
1909 806 2139 844 provisionem
2168 805 2309 843 alicujus

1293 860 1439 890 minime
1466 861 1642 890 teneantur
1660 859 1815 897 quodque
1839 859 1880 889 ad
1904 859 1937 888 id
1960 858 2118 897 compelli
2143 867 2202 888 500
2221 857 2311 896 qnod

1293 912 1466 949 interdici,
1489 912 1651 950 suspendi
1670 920 1729 942 seu
1747 912 1997 942 excomunicari
2015 920 2080 941 non
2098 911 2230 949 possint
2251 919 2311 950 per

1293 966 1427 996 litteras
1444 965 1536 995 sedis
1551 965 1703 1003 ejusdem
1718 973 1783 995 non
1799 965 1961 996 facientes
1975 964 2110 1003 plenam
2128 966 2158 994 et
2176 973 2310 1002 expres—

1294 1028 1367 1049 sam
1399 1028 1436 1049 ac
1456 1019 1497 1049 de
1526 1017 1628 1049 verbo
1660 1019 1701 1048 ad
1725 1017 1865 1049 verbum
1893 1019 1933 1048 de
1959 1018 2090 1048 indulto
2117 1017 2312 1056 hujusmodi

1292 1072 1520 1105 mentionem,
1551 1073 1607 1102 aut
1637 1071 1787 1110 qualibet
1813 1072 1879 1103 alia
1907 1071 2056 1110 predicte
2086 1071 2177 1101 sedis
2203 1071 2312 1102 indul-

1293 1135 1333 1166 ge
1344 1126 1414 1156 ntia
1429 1125 1577 1164 generali
1591 1125 1643 1155 vel
1658 1125 1810 1164 speciali,
1825 1125 2066 1164 cujuscumque
2079 1125 2208 1155 tenoris
2224 1125 2312 1155 exis-

1292 1181 1357 1216 tat,
1378 1188 1437 1218 per
1454 1187 1555 1218 quam
1581 1179 1718 1209 effeetus
1735 1179 1946 1218 presentium
1968 1178 2125 1217 impediri
2143 1180 2257 1217 posset
2275 1178 2311 1208 in

1293 1233 1412 1271 aliquo
1436 1232 1489 1262 vel
1517 1232 1655 1268 differri,
1687 1233 1738 1262 vel
1765 1232 1854 1270 qnod
1879 1231 1988 1261 dictus
2011 1231 2201 1270 Stephanus
2225 1231 2310 1262 alias

1292 1286 1520 1316 beneficiatus
1538 1285 1665 1320 existit,
1687 1285 1948 1315 contradictores
1966 1284 2164 1314 auctoritate
2182 1285 2310 1322 nostra,

1294 1340 1358 1369 010.
1383 1348 1491 1378 usque
1510 1339 1763 1378 compescendo.
1792 1338 1862 1368 Nos
1882 1338 1971 1367 enim
1995 1346 2036 1367 ex
2062 1346 2148 1367 nnnc
2176 1337 2310 1368 irritum

1293 1392 1510 1422 decernimus
1525 1393 1557 1422 et
1575 1394 1672 1421 inane
1700 1391 1728 1420 si
1750 1399 1848 1421 secus
1864 1391 1903 1421 de
1924 1390 2094 1428 prebenda
2115 1390 2189 1428 ipsa
2208 1390 2311 1421 conti—

1293 1446 1384 1484 gerit
1411 1444 1617 1482 111101111111111,
1643 1445 1768 1474 Datum
1799 1443 1888 1482 apud
1918 1443 2208 1478 Urbem'x‘eterem,
2234 1443 2311 1474 idus

1261 1511 1263 1520 =
1292 1497 1386 1533 maii,
1403 1506 1489 1528 anno
1510 1497 1667 1527 secundo.
1687 1509 1702 1525 »

1892 1663 2016 1695 Orvieto,
2034 1665 2065 1690 16
2080 1663 2138 1690 mai
2156 1664 2232 1690 ¹263.

1384 1665 1457 1697 344

1330 1745 1446 1771 Eisdem
1463 1744 1559 1771 simile
1575 1744 1744 1771 mandatum
1761 1744 1788 1770 in
1807 1743 1934 1770 savorem
1950 1743 2083 1779 magistri
2098 1744 2185 1775 Petri,
2197 1743 2308 1778 nepotis

1297 1793 1468 1820 Senonensis
1483 1793 1703 1828 archIepiscopi‚
1716 1792 1884 1820 committit.
1899 1793 1978 1827 (nso.
1995 1795 2039 1823 ⁴27,
2057 1793 2104 1820 sol.
2121 1794 2153 1820 95
2171 1797 2211 1825 νο,
2226 1799 2257 1819 00
2274 1794 2308 1826 1.)

1334 1897 1349 1916 «
1377 1887 1512 1917 Eisdem.
1543 1887 1717 1916 Dilectum
1747 1876 1855 1916 filium
1881 1886 2082 1925 magistrum
2107 1904 2155 1916 —.
2183 1886 2309 1916 Datum

1295 1940 1384 1978 apud
1412 1939 1705 1975 L‘rbeniveterem,
1737 1949 1799 1968 xvu
1829 1939 1992 1969 kalendas
2016 1939 2115 1977 junii,
2145 1947 2232 1969 anno
2260 1947 2310 1969 se—

1295 1993 1412 2023 cundo.
1436 2003 1450 2021 η

1384 2165 1456 2196 345
1886 2162 2012 2194 Orvieto,
2028 2164 2062 2188 ‘22
2076 2162 2138 2198 juin
2160 2164 2236 2190 1263.

1340 2244 1509 2279 Magistrum
1540 2243 1710 2275 Johannem,
1742 2242 1975 2269 archidiaconum
2002 2242 2183 2275 Trecensem,
2211 2246 2311 2271 contra

1292 2293 1494 2328 juramentum
1514 2302 1530 2319 a
1547 2301 1576 2318 se
1594 2292 1765 2326 praestitum
1786 2299 1842 2318 non
1863 2290 1976 2318 venisse
1995 2291 2121 2318 declarat
2137 2300 2258 2327 eumque
2274 2293 2310 2320 ab

1295 2341 1461 2369 executione
1489 2341 1616 2376 ejusdem
1642 2339 1803 2375 juramenti
1826 2339 1854 2366 in
1870 2342 2017 2375 posterum
2034 2340 2146 2367 liberat.
2168 2341 2246 2376 (Rau.
2264 2342 2309 2374 27,

1295 2390 1344 2417 sol.
1365 2391 1398 2417 95
1419 2393 1458 2422 v0,
1475 2395 1505 2416 0υ
1520 2390 1559 2425 2.)

1337 2495 1352 2515 ‹(
1381 2485 1528 2525 Moqistro
1556 2485 1704 2521 Jolmnni,
1724 2484 1939 2515 archidiacono
1970 2485 2120 2523 Trccetzsi,
2150 2485 2308 2526 capellano

1296 2545 1410 2569 nostro.
1444 2538 1622 2569 Laudabili
1635 2538 1706 2569 zelo
1739 2540 1769 2569 et
1794 2558 1844 2570 —.
1874 2539 2075 2578 Exposuisti
2106 2548 2186 2570 sane
2210 2539 2309 2571 nobis

1297 2593 1387 2632 quod
1412 2594 1461 2629 tn,
1483 2601 1548 2622 una
1566 2601 1642 2623 euni
1673 2592 1876 2631 quibusdam
1903 2593 1994 2628 aliis,
2023 2592 2063 2623 ab
2088 2593 2247 2631 *ecclesiis
2277 2594 2309 2624 et

1295 2645 1516 2678 monasteriis
1554 2654 1591 2676 ae
1626 2646 1767 2685 prelatis
1803 2648 1835 2676 01
1868 2647 2027 2685 personis
2059 2646 2211 2685 ipsorum
2245 2646 2309 2677 Re-

1294 2699 1427 2730 mensis
1455 2701 1486 2730 01
1514 2699 1719 2729 Senoncusis
1745 2700 1995 2739 provinciarum
2019 2708 2080 2739 pro
2108 2699 2309 2730 comunibus

1307 2762 1423 2783 eorum
1457 2752 1603 2791 negotiis
1635 2753 1675 2783 ad
1708 2753 1821 2783 sedem
1854 2753 2073 2792 apostolicam
2106 2752 2306 2790 destinatus,

1293 2806 1485 2845 juramento
1513 2806 1654 2844 prestito
1679 2806 1868 2845 promisisti
1895 2808 2008 2837 contra
2035 2805 2150 2835 eadem
2175 2814 2308 2836 monas·

1297 2859 1395 2896 teria,
1414 2859 1591 2894 ecelesias,
1607 2859 1757 2898 prelatos
1774 2859 1827 2890 vel
1844 2867 2007 2898 personas
2024 2867 2085 2898 pro
2108 2860 2139 2889 te
2161 2858 2213 2889 vel
2230 2858 2308 2890 aliis
