2547 3289
796 678 1018 738 INCIPIT
1057 678 1371 737 REGESTUM
1403 681 1553 740 ANNI
1588 682 1766 740 PRIMI

218 918 738 1019 DOMINI
794 917 1331 1018 URBANI
1388 918 1751 1017 PAPE
1819 919 2350 1041 QUARTI

300 1482 318 1512 1
739 1479 864 1511 Viterbe,
881 1481 895 1506 5
911 1479 1074 1514 septembre
1094 1480 1170 1505 1261.

265 1563 487 1598 Archiepiscopo
502 1564 647 1595 Remmsi,
659 1563 720 1599 ejus
730 1564 919 1598 suffraganeis
929 1565 957 1590 et
968 1563 1101 1590 omnibus
1114 1563 1243 1598 personis

230 1612 433 1639 ecclesiasticis
451 1621 500 1647 per
516 1613 689 1639 ficinensem
708 1613 886 1647 provinciam
905 1613 1080 1646 constitutis,
1096 1613 1129 1639 de
1148 1620 1200 1639 sua
1215 1612 1243 1638 in

230 1661 394 1695 pontificem
411 1662 549 1688 electione
565 1662 674 1688 scribit.
694 1662 772 1696 (Περ.
790 1663 834 1694 26,
853 1661 900 1688 fol.
921 1663 956 1695 1.)
969 1662 978 1679 ¹

275 1763 315 1781 κ..
329 1750 564 1790 Arcln'cln'scopo
581 1749 715 1780 Hennensi
733 1756 760 1780 et
774 1751 978 1790 suffrayaneis
991 1751 1067 1790 ejus,
1079 1760 1114 1779 ac
1130 1750 1244 1780 abbati-

233 1804 298 1841 bus,
320 1803 487 1844 prioribus,
515 1804 692 1843 prepositis,
716 1803 848 1839 decanis,
871 1803 1106 1839 archidiaconis,
1131 1809 1157 1833 et
1176 1803 1245 1832 aliis

232 1856 423 1887 ecclesiarum
441 1857 579 1896 prelatis,
605 1867 768 1896 eorumque
787 1856 929 1896 capituli}
945 1862 971 1886 cc
985 1857 1179 1887 conventibus
1195 1867 1245 1886 sen

232 1909 376 1950 colleqiis,
396 1915 457 1938 tam
478 1910 635 1949 eaeenzpliS,
653 1919 741 1948 quam
761 1919 819 1938 non
832 1910 1059 1949 exempstsqaer
1075 1909 1246 1939 Remensem

229 1963 419 2004 prouinciam
434 1963 615 1992 conscindis.
633 1963 658 1994 O
676 1962 814 1993 altitudo
830 1963 1024 1993 diVItiarun]
1036 1963 1199 2001 sapientie
1216 1963 1246 1992 et

232 2016 368 2047 scientie
400 2015 473 2048 Dei,
505 2025 605 2055 qnam
641 2016 992 2055 incomprehensibilia
1019 2017 1096 2046 sunt
1120 2016 1247 2055 judicia

232 2069 314 2108 ejus,
325 2070 356 2099 et
368 2069 618 2108 investigabiles
632 2069 685 2098 vie
697 2069 768 2107 ejus
781 2071 786 2100 i
803 2069 997 2100 Precelsum
1008 2069 1143 2108 quidem
1158 2070 1245 2099 thro-

232 2130 313 2152 num
324 2122 472 2152 celorum
484 2122 670 2156 continens,
689 2122 889 2162 intuensque
905 2122 1089 2161 profundas
1107 2122 1248 2161 abyssos

233 2175 397 2205 montium
415 2175 602 2213 ponderans
620 2175 828 2213 gravitatem,
846 2176 876 2205 et
891 2175 1145 2214 amplitudinem
1163 2177 1247 2205 terre

233 2227 344 2266 palmo
369 2228 583 2263 concludens,
611 2237 741 2258 sunima
760 2237 822 2258 sua
838 2229 1049 2267 providentia
1066 2230 1152 2258 recte
1172 2228 1247 2258 uni-

234 2288 332 2310 versa
350 2280 509 2319 disponit,
521 2281 857 2320 ineffabilisapientia
876 2281 1121 2311 rationabiliter
1138 2281 1248 2311 mode-

235 2334 337 2369 ratur,
366 2333 528 2364 immensa
553 2334 673 2364 virtute
698 2334 839 2364 firmiter
864 2335 1001 2370 stabilit,
1026 2336 1056 2364 et
1073 2335 1157 2364 mira
1172 2343 1248 2372 pru-

235 2385 347 2416 dentia
369 2386 547 2417 salubriter
567 2387 680 2425 dirigit
698 2388 729 2417 et
750 2387 922 2426 gubernat.
948 2388 987 2418 In
1005 2388 1127 2426 quibus
1144 2388 1249 2418 onini-

235 2437 297 2468 bus
311 2440 360 2469 est
377 2439 521 2477 profecto
539 2440 613 2477 plus
628 2440 877 2471 ammirandum
906 2448 1007 2479 qnam
1024 2441 1246 2479 pensandum,

235 2492 312 2530 plus
335 2491 537 2522 laudandum
568 2502 668 2531 quain
696 2493 923 2528 scrutandum,
950 2494 1027 2532 plus
1048 2494 1249 2532 stupendum

236 2553 336 2583 quam
345 2544 559 2582 loquendum,
569 2548 599 2575 et
610 2546 685 2583 plns
697 2546 880 2576 verendum
889 2555 989 2585 quam
1001 2547 1248 2577 diffiniendum.

237 2598 275 2627 In
290 2597 410 2627 horum
426 2598 547 2636 quippe
565 2598 821 2637 investigatione
838 2608 875 2629 ac
890 2599 1110 2635 discussione,
1130 2609 1250 2630 sensus

236 2649 356 2688 caligat
371 2650 528 2684 hominis,
547 2660 641 2680 niens
660 2651 816 2687 hebescit,
831 2652 1017 2682 succumbit
1035 2653 1208 2691 ingenium
1220 2654 1250 2683 et

237 2702 347 2733 deficit
370 2703 567 2737 intellectus,
593 2706 623 2732 et
648 2712 713 2741 qno
728 2703 804 2741 plus
820 2704 909 2734 circa
926 2704 986 2735 hec
1002 2705 1195 2740 intenditur,
1212 2714 1250 2736 eo

236 2755 350 2786 minus
365 2756 404 2785 de
420 2756 487 2785 hiis
502 2756 772 2794 apprehenditur,
788 2757 820 2787 et
841 2757 875 2786 in
889 2757 1048 2795 maj0rem
1069 2758 1188 2788 horum
1205 2759 1252 2788 in-

237 2809 469 2840 certitudinem
482 2809 609 2844 incidst,
629 2809 736 2847 qui-ad
751 2817 866 2840 eorum
882 2810 1035 2840 notitiam
1049 2811 1167 2850 satagit
1184 2811 1253 2850 ple-

271 2881 294 2905 1.
312 2880 365 2905 Ces
379 2880 451 2904 deux
467 2879 617 2911 premieres
632 2880 727 2904 lettres
739 2880 814 2904 n'ont
827 2885 878 2911 pas
893 2880 925 2904 de
937 2881 1052 2905 num-iro
1065 2881 1172 2906 d’ordre
1183 2881 1253 2906 dans

240 2920 266 2943 le
284 2919 421 2950 Registre.

386 2959 529 2987 URBA1N
548 2959 601 2992 IV,
617 2962 638 2987 t.
656 2959 693 2986 ll.
710 2960 788 2994 Reg.
804 2959 871 2987 ord.

1298 1480 1438 1517 niorem,
1449 1482 1570 1521 quiain
1582 1483 1804 1521 perquirenda
1816 1484 2008 1515 divinorum
2025 1494 2163 1523 operum
2176 1487 2316 1523 ratione,

1296 1534 1417 1564 temere
1434 1535 1607 1573 cogitatur,
1631 1535 1817 1574 improvide
1832 1537 1993 1573 studetur,
2013 1538 2157 1569 inaniter
2174 1540 2314 1571 etinuti-

1296 1586 1372 1617 liter
1389 1587 1568 1618 laboratur.
1584 1588 1655 1618 Hec
1664 1589 1856 1620 divinarum
1872 1590 2041 1620 actionum
2058 1591 2314 1630 incomprehen-

1296 1639 1406 1670 sibilis
1421 1640 1713 1671 altItudohumane
1727 1650 1843 1672 revera
1859 1643 2138 1674 considerationis
2157 1645 2312 1676 obtundit

1296 1693 1413 1727 aciem,
1429 1694 1460 1723 et
1475 1694 1689 1732 perspicuum
1708 1695 1924 1733 intelligentie
1941 1697 2113 1727 confundit
2143 1699 2312 1736 aspectum

1296 1754 1373 1785 erga
1388 1746 1522 1776 celestia
1538 1747 1662 1786 pariter
1677 1749 1707 1777 et
1725 1750 1864 1783 terrena,
1884 1758 1958 1779 cum
1978 1750 2029 1780 vie
2046 1751 2227 1781 conditoris
2242 1759 2312 1781 om-

1298 1799 1390 1829 nium
1413 1800 1480 1830 sint,
1504 1800 1584 1830 adeo
1610 1800 1801 1831 abscondite
1822 1810 1858 1832 ac
1883 1802 2143 1841 inexplorabsses
2160 1804 2193 1834 in
2211 1804 2310 1834 utris-

1297 1860 1371 1890 que,
1392 1852 1481 1890 quod
1501 1853 1637 1883 omnino
1653 1853 1838 1892 ignorantie
1857 1855 1971 1885 nubilo
1999 1856 2148 1887 celantur
2163 1857 2311 1887 mortali-

1297 1905 1361 1935 bus
1380 1905 1411 1935 et
1432 1914 1603 1944 nunquam
1630 1906 1678 1936 eis
1702 1906 1788 1937 clare
1806 1908 2006 1946 cognitionis
2022 1909 2149 1939 lumine
2166 1910 2312 1940 innotes-

1298 1958 1385 1987 cunt.
1412 1958 1527 1988 Altum
1553 1958 1654 1997 igitur
1677 1960 1707 1989 et
1729 1961 1912 1990 archanum
1933 1961 2141 1999 providentie
2170 1971 2312 2001 superne

1298 2011 1476 2041 consilium
1503 2013 1666 2049 oportuna
1688 2012 1813 2051 jugiter
1843 2022 1920 2052 erga
1953 2014 2104 2045 fidelium
2137 2016 2312 2046 ecclesiam

1299 2065 1459 2103 oportune
1474 2065 1692 2103 prospiciens,
1708 2066 1792 2096 mira
1809 2067 1843 2097 in
1867 2067 1940 2105 ipsa
1954 2068 2039 2098 miro
2055 2069 2152 2100 modo
2168 2078 2226 2108 pro
2244 2078 2315 2100 mu-

1298 2117 1460 2148 tabilitate
1478 2119 1666 2156 temporum
1685 2122 1850 2157 operatur.
1868 2121 1909 2151 Et
1924 2121 2002 2159 quia
2026 2122 2090 2152 sibi
2113 2123 2314 2160 prelatorum

1299 2171 1447 2209 regimen
1462 2172 1694 2210 estpotissime
1705 2174 1943 2209 necessarium,
1955 2175 2026 2204 sine
2044 2183 2107 2213 quo
2122 2176 2178 2205 vix
2188 2176 2314 2206 subsis-

1299 2225 1381 2254 teret
1396 2224 1482 2254 inter
1498 2225 1601 2255 seculi
1617 2226 1840 2264 tempestates.
1858 2227 1943 2257 circa
1958 2227 2192 2265 prefectionem
2208 2229 2315 2267 ipsius

1300 2277 1473 2315 presulum
1490 2279 1521 2308 et
1539 2279 1710 2317 pastorum
1734 2280 1878 2310 ostendit
1896 2281 2051 2319 precipue
2075 2290 2132 2311 sne
2152 2282 2314 2320 sapientie

1301 2331 1566 2369 magnitudInem
1588 2332 1619 2362 et
1645 2332 1896 2363 inscrutabilem
1917 2333 2164 2372 beneplacitum
2193 2335 2312 2366 volun-

1300 2384 1388 2420 tatis,
1404 2385 1440 2414 ut
1455 2393 1518 2423 que
1536 2385 1569 2414 in
1586 2385 1651 2415 hiis
1668 2394 1728 2415 sua
1746 2386 1911 2424 profunda
1923 2387 2153 2425 dispositione7
2171 2397 2247 2418 cnm
2266 2397 2317 2420 ra-

1300 2437 1390 2468 tione
1408 2437 1484 2468 licet
1503 2438 1641 2473 occulta,
1661 2439 1792 2469 ordinat
1814 2441 1845 2469 et
1862 2441 2047 2475 consumat,
2071 2441 2138 2470 sint
2152 2441 2314 2472 nimirum

1301 2490 1494 2521 hominibus
1517 2491 1551 2520 in
1572 2492 1751 2529 stuporem.
1768 2493 1853 2522 Hinc
1868 2493 1989 2527 evenIt,
2006 2493 2093 2531 quod
2112 2494 2146 2523 in
2162 2494 2318 2524 cathedra

1301 2543 1460 2582 pastorali
1477 2552 1540 2582 que
1557 2544 1766 2574 diversorum
1790 2545 2026 2576 substitutione
2044 2547 2238 2581 pontificum
2262 2556 2316 2577 va-

1303 2597 1451 2627 rietatem
1464 2605 1522 2635 per
1533 2598 1679 2636 tempora
1692 2598 1831 2637 suscipit
1844 2607 2074 2636 personarum,
2091 2600 2258 2630 interdum
2269 2608 2319 2630 se-

1303 2649 1562 2688 nesjunioribus
1572 2651 1748 2689 etjuvenes
1760 2652 1938 2690 aliqnando
1949 2652 2139 2683 senioribus
2148 2654 2318 2691 preferun-

1303 2704 1366 2733 tur.
1389 2703 1476 2733 Hinc
1485 2704 1606 2740 evenit,
1617 2704 1785 2743 quotlipsa
1800 2714 2040 2744 nonnunquam
2060 2706 2137 2736 illos
2153 2714 2237 2744 quos
2255 2707 2321 2737 vir-

1302 2756 1370 2786 tute
1389 2756 1420 2786 et
1443 2756 1583 2787 scientia
1602 2758 1916 2797 magisinsigniunt.
1938 2767 2005 2789 non
2034 2768 2218 2798 numquam
2240 2768 2318 2791 vero

1303 2809 1416 2839 minus
1424 2809 1546 2840 talibus
1556 2809 1734 2849 insignItos
1745 2811 1990 2842 assumitHinc
1998 2812 2097 2843 etiam
2107 2812 2321 2851 evenit,quod

1305 2861 1483 2900 aliquando
1495 2870 1567 2893 eam
1584 2863 1632 2893 hii
1642 2863 1680 2893 de
1695 2864 1816 2902 quihus
1832 2865 1944 2895 minus
1961 2865 2105 2895 creditur
2119 2867 2149 2896 et
2158 2866 2322 2904 speratur,

1305 2914 1500 2946 ascendunt.
1520 2916 1636 2947 Simile
1654 2925 1785 2956 quoque
1804 2918 1838 2947 in
1861 2918 2081 2956 preeminenti
2097 2919 2322 2958 apostolorum

2185 2969 2195 2992 1
