2547 3289
197 190 254 218 442
995 180 1218 211 REGISTRE
1242 173 1457 211 CAMERAL

195 277 270 298 nem
289 270 320 298 et
339 267 586 305 expeditionem
610 263 760 303 ejusdem
780 263 885 293 debiti
902 262 1052 292 totaliter
1069 270 1203 291 conver-

196 322 338 351 tendam.
352 320 489 350 Eisdem
505 319 605 355 igitur
621 317 746 347 „Iacobo
760 318 790 347 et
808 315 978 354 ltaynerio
994 324 1030 345 ac
1045 315 1204 353 predictis

192 374 343 411 ejusdem
382 372 471 408 regis
510 371 638 400 nuntiis
686 369 775 408 apud
825 369 938 399 sedem
983 367 1204 406 apostolicam

192 424 397 457 constitutis,
419 432 479 452 nos
499 423 591 460 ipsos
613 423 817 451 mercatores
834 429 893 459 per
912 420 1071 450 dilectum
1096 420 1205 449 tilium

192 479 341 512 Petrum,
373 475 646 505 archidiaconum
696 473 938 509 Senonensem,
977 473 1202 503 camerarium

192 532 355 565 nostrum,
377 528 503 567 requiri
526 528 669 558 fecimus
695 528 729 556 ut
749 535 880 556 camere
901 527 1014 556 nostre
1033 526 1073 556 de
1092 526 1204 564 liujus-

191 582 280 611 modi
299 582 454 620 receptis,
471 581 606 611 nomine
624 580 877 618 predecessoris
890 579 1053 618 ejusdem,
1071 578 1204 608 satissa-

191 643 264 665 cere
280 643 354 664 cum
374 634 566 671 integritate
585 634 759 667 curarent,
778 632 902 671 quibus
921 631 1205 670 respoinlentibus

190 690 222 717 et
271 688 464 717 constanter
502 687 604 716 etiam
650 685 882 715 asserentibus
926 693 962 714 se
1009 684 1204 723 hujusmodi

190 740 368 778 pecuniam
389 740 429 769 ab
454 740 571 770 eodem
598 748 674 777 rege
701 747 765 768 non
790 747 851 777 pro
881 738 995 776 aliquo
1026 737 1150 772 debito,
1172 737 1205 766 in

191 801 257 831 quo
274 793 374 823 iidem
392 802 449 823 rex
472 792 705 831 predecessori
725 793 896 822 teneretur
919 791 1041 827 cidem,
1069 791 1129 820 sed
1145 799 1205 829 pro

191 845 395 884 quibusdam
427 845 563 879 debitis,
594 845 627 875 in
655 845 779 883 quibus
805 845 916 874 dictus
942 853 1001 873 rex
1035 843 1205 881 obligatus

191 900 262 928 erat
281 899 330 928 eis
346 907 528 937 eorumque
549 898 662 934 sociis,
682 898 863 936 recepisse,
889 897 1010 935 prefati
1032 897 1142 926 nuntii
1170 906 1205 925 sc

191 951 396 986 obtulerunt,
418 960 458 981 ex
476 953 569 990 parte
589 951 699 989 ipsius
716 951 819 989 regis,
840 951 873 980 in
892 949 1047 988 partibus
1071 949 1205 988 lspanie

191 1003 332 1043 probare
349 1006 497 1042 paratos,
517 1004 605 1042 1111011
623 1004 795 1042 predictus
814 1012 872 1033 rex
889 1003 1013 1033 dictam
1026 1002 1205 1040 pecuniam

190 1057 381 1095 specialiter
400 1066 459 1095 pro
478 1057 601 1093 debito,
629 1057 663 1086 in
682 1066 747 1095 11110
770 1056 946 1086 tenebatur
972 1055 1204 1094 predecessori

190 1110 351 1149 predicto,
376 1110 455 1140 fecit
482 1110 611 1139 eisdem
631 1109 876 1140 mercatoribus
901 1111 931 1139 et
950 1118 1015 1139 non
1038 1117 1097 1147 pro
1127 1108 1204 1138 aliis

189 1163 313 1193 debitis
331 1163 511 1201 assignari.
535 1164 619 1193 Cum
644 1163 744 1201 igitur
771 1165 801 1193 te
819 1163 859 1192 ad
878 1163 1066 1201 premissas
1091 1163 1204 1200 partes

190 1216 324 1255 Ispanie
342 1225 401 1254 pro
422 1216 625 1255 quibusdam
640 1216 718 1246 aliis
735 1216 875 1246 ecclesie
891 1217 1042 1246 Romane
1059 1215 1204 1253 negotiis

191 1269 412 1303 destinemus,
431 1269 629 1299 discretioni
644 1271 711 1305 tue,
724 1269 763 1298 de
779 1278 844 1307 qua
859 1268 994 1307 plenam
1010 1269 1043 1297 in
1058 1268 1203 1298 Domino

191 1322 348 1351 fiduciam
373 1323 536 1360 gerimus,
557 1322 766 1360 presentium
786 1322 985 1351 auctoritate
1003 1322 1204 1351 mandamus

191 1375 350 1413 quatinus
380 1376 496 1409 testes,
518 1383 603 1414 quos
628 1375 715 1404 idem
746 1383 804 1404 rex
830 1375 882 1405 vel
905 1375 977 1413 ejus
1006 1375 1204 1412 procurator

190 1437 292 1466 super
314 1428 375 1458 hoc
398 1428 558 1458 duxerint
580 1428 826 1466 producendos,
849 1427 1032 1466 prudenter
1054 1427 1203 1465 recipere

190 1490 226 1511 ac
246 1481 426 1517 diligenter
441 1481 637 1510 examinare
651 1489 822 1519 procures,
839 1480 1069 1518 depositiones
1087 1489 1203 1510 eorum

190 1534 334 1563 1111611161
355 1535 386 1563 111
407 1534 544 1572 scriptis
567 1534 731 1568 redactas,
761 1533 824 1563 sub
849 1533 962 1572 sigillo
988 1535 1045 1563 tuo
1071 1533 1111 1563 ad
1131 1542 1205 1563 nos-

189 1589 275 1618 tram
304 1588 510 1626 presentiam
538 1588 819 1623 transmissurus,
848 1587 1078 1618 denuntiando
1109 1587 1204 1625 prius

190 1641 352 1679 predictis
369 1641 494 1671 ζ11160110
512 1642 543 1671 61
565 1641 736 1679 Raynerio
757 1641 809 1670 vel
826 1649 943 1670 eorum
965 1640 1075 1674 alteri,
1095 1649 1154 1678 per
1172 1641 1204 1669 16

190 1694 243 1723 vel
262 1702 320 1732 per
340 1694 456 1730 alium,
477 1695 512 1724 ut
539 1695 723 1733 receptioni
750 1694 901 1732 ipsorum
924 1693 1075 1729 testium,
1097 1693 1125 1723 si
1150 1702 1204 1722 ve-

191 1748 264 1782 lint,
278 1747 446 1781 intersint,
467 1748 499 1777 et
515 1756 616 1786 super
635 1747 889 1777 denuntiatione
908 1747 956 1777 sic
980 1747 1067 1777 facta
1086 1746 1203 1776 comici

192 1801 296 1830 facias
317 1801 356 1830 ad
378 1802 529 1831 nostram
545 1802 577 1830 et
594 1801 705 1838 ipsius
725 1801 814 1839 regis
834 1800 1010 1836 cautelam,
1030 1799 1204 1838 publicum

191 1853 467 1883 instrumentum.
499 1854 618 1883 Testes
638 1855 752 1883 autem
781 1855 856 1889 etc,
880 1862 988 1891 usque
1011 1852 1201 1891 prohibere.

192 1907 315 1937 Datum
337 1907 424 1945 apud
451 1906 740 1942 Urbemveterem,
761 1916 832 1935 xnn
860 1906 1023 1936 kalendas
1043 1905 1203 1939 octobris,

193 1969 279 1989 anno
298 1960 408 1990 tertio.
431 1972 444 1987 »

704 2152 828 2183 Orvieto,
850 2153 865 2178 8
880 2153 1035 2179 novembre
1055 2154 1130 2180 ¹263.

281 2154 354 2185 479

228 2236 319 2263 Fratri
335 2236 455 2264 Johanni
472 2237 589 2263 mandat
604 2239 743 2271 quatenus
759 2236 787 2263 in
801 2237 1049 2271 arehiepiscopum
1066 2237 1205 2263 Tuamen-

192 2293 265 2317 sem,
285 2285 394 2312 ratione
410 2287 554 2312 certarum
574 2286 759 2320 pecuniarum
780 2294 961 2312 summarum
987 2285 1125 2312 ecclesiae
1153 2286 1205 2312 110-

193 2342 296 2361 manae
315 2334 487 2367 debitarum,
505 2334 582 2361 nullo
598 2335 683 2361 modo
700 2335 844 2369 procedat.
867 2335 945 2370 (Rue.
965 2335 1009 2365 27,
1029 2334 1076 2362 t'ol.
1099 2335 1146 2360 142
1168 2340 1205 2366 v⁰‚

193 2387 224 2409 n⁰
242 2383 282 2418 2.)

235 2492 250 2508 «
270 2480 377 2510 Fratri
392 2481 529 2513 Jolumni
542 2481 578 2510 de
596 2480 701 2510 ordine
718 2481 884 2514 Minorum,
900 2480 931 2509 in
950 2479 1063 2519 Anqlia
1082 2489 1207 2508 commo-

195 2534 289 2563 ranti.
310 2534 503 2564 Venerabili
519 2534 622 2564 fratre
639 2535 754 2564 nostro
773 2558 779 2564 .
803 2558 808 2564 .
831 2532 1208 2571 'l'uainensiarchiepis-

195 2595 278 2625 copo
298 2586 392 2616 mille
411 2595 541 2616 marcas
561 2587 804 2625 stertingorum
827 2585 938 2615 felicis
962 2585 1208 2615 recordationis

196 2639 381 2669 Alexandri
395 2648 479 2678 papo
495 2640 745 2677 predecessoris
759 2639 877 2675 nostri,
894 2647 1025 2668 camere
1036 2639 1205 2675 offerente,

197 2692 312 2722 dilecti
344 2692 406 2721 filii
438 2692 556 2722 Dulcis
580 2694 611 2723 et
642 2693 784 2723 Noctius
814 2692 854 2722 de
881 2693 991 2729 13111110
1025 2700 1208 2730 eorumque

198 2745 293 2781 socii,
311 2745 401 2774 cives
426 2746 458 2775 et
483 2746 687 2775 mercatores
706 2745 907 2780 Florentini,
929 2744 1122 2783 hujusmodi
1150 2752 1208 2782 pe-

198 2797 332 2827 cuniam
345 2797 453 2830 eidem
466 2806 598 2828 camere
621 2798 752 2829 solvere
767 2798 1010 2837 promiserunt,
1031 2797 1208 2835 dictusque

199 2849 473 2889 archiepiscopus
491 2851 525 2880 111
546 2851 646 2881 dictis
666 2851 760 2882 inille
780 2851 904 2881 marcis
922 2852 954 2880 et
979 2850 1123 2889 quadam
1141 2850 1207 2880 alia

1268 270 1399 291 summa
1419 262 1559 300 pecunie
1579 271 1681 301 quam
1703 264 1902 293 mutuarunt
1923 263 2044 300 eidem,
2076 273 2112 295 se
2135 274 2194 304 per
2218 267 2286 296 ins-

1266 316 1473 345 trumentum
1497 315 1683 354 publicum,
1712 317 1748 345 ut
1775 315 1909 352 dicitur,
1935 316 2108 355 obligavit.
2129 319 2284 349 Postmo-

1267 368 1346 398 dum
1366 378 1443 399 vero
1470 369 1557 398 idcm
1575 369 1795 407 predecessor
1816 369 1889 406 tibi,
1911 371 1989 400 tunc
2015 371 2133 401 nuntio
2162 380 2223 402 suo
2249 372 2285 402 in

1266 421 1402 460 Anglbr,
1424 422 1496 451 suis
1517 422 1606 451 dedit
1628 421 1751 452 litteris
1780 422 1813 452 111
1847 423 2015 461 preceptis
2045 425 2080 453 ut
2098 424 2284 463 archiepis-

1266 483 1386 512 copum
1406 483 1560 505 moneres
1575 475 1730 511 cundem,
1745 475 1833 513 1111011
1848 476 2018 514 predictas
2028 477 2123 506 mille
2136 486 2282 514 marcas,

1266 527 1354 556 infra
1388 527 1472 557 duos
1505 537 1639 557 menses
1671 530 1747 566 post
1781 529 2005 558 monitionem
2034 530 2140 565 tuam,
2165 530 2284 560 Rucho

1266 579 1409 614 Cambii,
1442 580 1600 610 Lotlierio
1635 581 1833 614 nenincase,
1868 581 2039 619 Raynerio
2072 582 2216 612 Abbatis
2252 585 2284 613 et

1266 633 1421 671 Magnete
1438 634 1551 672 Spine,
1575 634 1627 663 vel
1646 642 1759 663 eorum
1785 634 1898 670 alicui,
1920 634 2053 664 civibus
2073 637 2103 665 et
2124 638 2284 666 mercato-

1267 686 1367 715 nibus
1385 686 1605 723 Florentinis,
1625 687 1811 717 Londoniis
1830 687 2131 724 1·omniorantilnis,
2151 688 2284 719 solvere

1266 741 1477 777 procuraret,
1502 740 1664 779 alioquin,
1698 741 1731 770 in
1763 749 1839 770 cum
1865 749 1906 770 ex
1934 742 2013 770 tunc
2048 743 2285 772 excomunica-

1266 792 1370 822 tionis
1412 792 1524 822 ferens
1565 794 1780 830 sententiam,
1814 794 1924 832 ipsum
1969 794 2098 824 tamdiu
2136 794 2284 833 singulis

1266 845 1387 875 diebus
1401 845 1582 875 dominicis
1601 848 1633 876 et
1649 846 1794 882 festivis,
1813 847 1959 885 pulsatis
1975 848 2150 885 campanis
2165 849 2284 878 6161111-

1266 898 1353 928 delis
1384 899 1547 935 accensis,
1583 899 1875 929 excomunicatum
1894 899 2028 938 publice
2057 901 2207 930 nuntiari
2236 900 2282 931 fa-

1266 960 1360 981 ceres
1380 960 1416 981 ac
1441 951 1480 981 ab
1506 952 1664 981 omnibus
1690 952 1798 982 artius
1823 953 1955 989 evitari,
1988 953 2092 983 donec
2118 953 2284 991 predictis

1266 1004 1383 1035 liuclio
1399 1006 1429 1035 et
1447 1005 1560 1041 sociis,
1580 1005 1674 1035 mille
1692 1014 1823 1035 marcas
1841 1006 1987 1036 solveret
2008 1007 2232 1045 su11›1·a·lictas,
2252 1007 2284 1037 et

1266 1058 1509 1088 nichilominus
1531 1058 1617 1087 alias
1636 1060 1751 1088 contra
1770 1058 2063 1098 archiepiscopum
2082 1060 2284 1098 procederes

1269 1112 1649 1149 11161110111111111.51611116,
1663 1112 1694 1141 te
1712 1111 1966 1150 archiepiscopo
1984 1113 2172 1151 111-6511111111
2191 1121 2284 1143 man-

1265 1165 1363 1195 dante
1395 1166 1429 1195 ut
1459 1164 1646 1203 prelibatus
1677 1164 1771 1194 inille
1800 1173 1931 1194 marcas
1964 1165 2072 1194 eidem
2105 1165 2221 1196 11116110
2252 1169 2284 1196 61

1266 1218 1369 1248 sociis
1394 1217 1526 1247 solvere
1553 1219 1760 1256 procuraret,
1790 1217 1901 1248 dictus
1926 1218 2202 1257 archiepiscopus
2224 1228 2284 1249 nec

1266 1271 1305 1301 de
1335 1270 1529 1309 hujusmodi
1561 1271 1782 1309 pecuniarum
1812 1271 1957 1300 suminis
1975 1271 2137 1309 predictis
2168 1272 2284 1309 Dulci,

1265 1324 1385 1354 Noctio
1411 1326 1443 1353 et
1469 1333 1585 1354 eorum
1614 1324 1728 1360 sociis,
1758 1326 1857 1362 prout
1885 1326 2062 1359 asseritur,
2086 1325 2284 1356 satisfacere

1266 1386 1325 1407 nec
1344 1402 1350 1407 .
1374 1401 1380 1406 .
1399 1401 1406 1407 .
1427 1377 1520 1407 1111116
1539 1386 1668 1406 marcas
1686 1377 1829 1415 pretatis
1867 1377 1964 1407 ’1111110
1983 1380 2013 1408 61
2033 1378 2136 1407 sociis
2152 1378 2284 1409 solvere

1266 1430 1471 1468 procuravit.
1494 1430 1579 1460 Cum
1611 1430 1714 1469 igitur
1741 1430 1844 1460 iidem
1868 1430 1989 1460 Dulcis
2010 1432 2041 1460 et
2063 1431 2206 1461 Noctius
2231 1439 2284 1462 eo-

1266 1492 1409 1522 rumque
1435 1483 1518 1513 socii
1549 1491 1680 1513 camere
1710 1484 1824 1513 nostre
1850 1483 1944 1513 mille
1968 1492 2099 1513 marcas
2120 1484 2285 1515 solverint

1265 1538 1472 1574 pretaxatas,
1491 1536 1690 1566 discretioni
1706 1538 1762 1566 tue
1776 1546 1835 1575 per
1849 1537 2048 1575 apostolica.
2065 1562 2070 1567 .
2086 1562 2091 1567 .
2110 1537 2282 1576 quatinus,

1266 1590 1422 1628 pretextu
1438 1589 1629 1619 litterarum
1644 1589 1839 1628 hujusmodi
1859 1590 2114 1628 predecessoris
2132 1590 2285 1629 ejusdem

1267 1643 1308 1673 ad
1342 1644 1371 1672 te
1406 1643 1623 1679 directarum,
1656 1651 1740 1681 quas
1769 1643 1905 1681 penitus
1936 1652 2147 1679 revocamus,
2169 1645 2284 1674 contra

1266 1696 1410 1726 e'undem
1433 1695 1726 1734 archiepiscopum
1750 1696 1783 1725 in
1809 1696 1924 1734 aliquo
1954 1705 2020 1725 non
2046 1697 2224 1734 procedas,
2251 1698 2284 1727 et

1267 1749 1295 1779 si
1323 1749 1406 1779 forte
1425 1749 1459 1778 in
1485 1748 1599 1787 aliquo
1624 1749 1836 1787 processisti,
1861 1758 2059 1787 processum
2086 1752 2181 1779 tuum
2209 1749 2284 1780 sine

1266 1802 1466 1832 difficultate
1501 1801 1648 1840 qualibet
1687 1802 1825 1831 studeas
1862 1811 2030 1833 revocare.
2063 1802 2232 1838 Ceterum,
2255 1802 2285 1832 si

1266 1856 1435 1894 predictas
1458 1855 1552 1885 mille
1582 1864 1715 1885 marcas
1741 1855 1792 1884 vel
1821 1858 1951 1893 partem
1971 1855 2121 1893 ipsarum
2141 1855 2284 1885 forsitan

1266 1908 1435 1946 recepisti,
1455 1908 1488 1937 id
1506 1907 1595 1946 quod
1611 1917 1652 1937 ex
1669 1908 1718 1937 eis
1737 1908 1778 1937 ad
1795 1908 2000 1946 tepervenit,
2017 1908 2168 1947 Spinello
2178 1908 2286 1939 Simo-

1267 1961 1362 1997 netti,
1383 1961 1466 1990 Cino
1484 1961 1523 1990 de
1541 1961 1702 1998 Arduigis
1725 1963 1755 1990 et
1773 1960 1983 1990 ζ101111111111610
2001 1962 2212 1991 Eaiamontis
2232 1961 2284 1992 vel

1267 2022 1381 2043 eorum
1408 2013 1521 2048 alicui,
1542 2013 1644 2043 sociis
1662 2013 1780 2043 Dulcis
1798 2015 1828 2043 et
1847 2013 1959 2043 Noctii
1978 2014 2219 2051 predictorum,
2250 2014 2285 2044 in

1267 2067 1390 2105 Angli-a
1406 2066 1708 2102 commorantibus,
1725 2066 1858 2096 sublato
1873 2066 2054 2105 cujuslibet
2070 2067 2286 2098 difficultatis

1267 2119 1453 2156 obstaculo,
1480 2120 1617 2149 studeas
1641 2119 1811 2150 exhibere.
1836 2120 1961 2150 Datum
1987 2120 2076 2158 apud
2102 2120 2288 2151 L'rbemve—

1267 2174 1385 2207 terem,
1405 2182 1434 2202 Vl
1452 2172 1527 2202 idus
1546 2173 1754 2210 novembris,
1774 2182 1860 2202 anno
1878 2173 1989 2203 tertio.
2009 2185 2025 2201 »

1822 2361 1947 2393 Orvieto,
1967 2364 1982 2389 8
1996 2362 2111 2389 octobre
2135 2363 2209 2390 1263.

1358 2363 1432 2395 480

1304 2442 1443 2477 Episcopo
1470 2441 1603 2469 Trecensi
1640 2441 1762 2468 mandat
1791 2444 1930 2476 quatenus
1960 2445 2069 2468 certam
2099 2442 2285 2477 pecuniarum

1269 2499 1398 2518 summas
1415 2491 1490 2525 apud
1515 2494 1608 2517 certos
1629 2493 1805 2517 mercatores
1822 2492 1963 2517 senenses
1978 2491 2111 2526 deponat.
2132 2491 2215 2525 (nse.
2239 2493 2284 2523 27,

1269 2540 1318 2567 sol.
1341 2540 1399 2571 143,
1417 2546 1446 2566 11ο
1468 2540 1500 2575 l.)

1311 2649 1325 2664 «
1347 2661 1352 2666 .
1376 2663 1381 2668 .
1400 2637 1543 2677 episcopo
1562 2637 1713 2668 Trecensi.
1733 2638 1877 2668 Dedisse
1909 2638 2129 2668 meminimus
2147 2646 2284 2669 venera-

1269 2691 1330 2721 bili
1371 2691 1468 2721 fratri
1503 2693 1617 2722 nostro
1643 2716 1678 2721 ..
1719 2691 1985 2730 Hei-bipoletano
2025 2692 2185 2730 episeopo
2226 2699 2286 2730 per

1270 2745 1404 2774 nostras
1437 2744 1568 2774 litteras
1600 2744 1633 2773 in
1661 2744 1842 2780 mandatis,
1875 2746 1909 2774 111
1942 2744 2112 2783 quandam
2142 2744 2284 2782 pecunie

1271 2806 1451 2831 suminam,
1472 2797 1506 2827 in
1534 2806 1600 2836 qua
1628 2797 1702 2836 ipse
1732 2806 1864 2828 camere
1900 2797 2010 2827 felicis
2040 2796 2285 2827 recordationis

1270 2850 1456 2880 Alexandri
1486 2858 1583 2889 pape,
1608 2850 1860 2889 predecessoris
1890 2850 2008 2884 nostri,
2039 2850 2118 2879 dum
2144 2850 2285 2888 viveret,
