2547 3289
1043 261 1283 301 DEUXIEME
1333 265 1498 303 ANNEE.

280 363 322 382 «..
335 351 371 382 de
385 351 514 381 Steivelt
525 357 579 382 el..
593 351 628 382 de
636 351 810 381 Hamburne
819 351 1068 380 monasteriorum
1080 350 1248 386 abbatibus,
1277 372 1279 399 3

238 403 529 434 premonstratensis
544 405 673 439 ordinis,
692 403 879 434 Coloniensis
887 403 1022 433 diocesis.
1036 403 1121 434 Cum
1137 403 1247 434 dilecti

237 457 300 486 tilii
319 474 368 492 —‚
386 457 468 487 utin
483 456 650 496 superiori
660 466 720 496 per
730 458 847 487 totum.
871 470 886 484 η

783 624 906 655 Ort-ielo,
926 624 1080 658 16Janvier
1098 625 1174 651 ¹253.

306 625 376 656 198

266 706 381 732 Eisdem
403 707 559 733 committit
579 707 826 741 archiepiscopum
849 707 1047 734 Colonieusem
1067 707 1243 741 compellant

235 756 265 780 ut
285 755 460 789 proscriptos
479 756 628 782 civitatem
654 755 854 782 Coloniensem
877 756 955 782 exire
978 755 1075 782 faciat.
1100 755 1178 783 (Rae.
1200 756 1244 786 26,

231 802 299 829 anni
315 803 351 836 11,
368 809 400 830 n⁰
415 805 460 835 61,
477 803 526 831 fol.
545 804 601 837 68.)

274 913 289 928 «
311 900 449 931 Eisdem.
463 901 516 931 Ad
523 900 727 931 audientiam
744 901 890 930 nostram
901 899 1051 937 pervenit
1062 899 1150 937 quod
1158 899 1244 929 bone

231 954 390 984 memorie
427 954 479 988 C„
513 953 725 983 Coloniensis
760 952 1043 990 archiepiscopus,
1080 951 1244 989 quosdam

228 1014 419 1044 campsores
445 1007 521 1038 etc„
540 1006 575 1034 ut
590 1005 624 1034 in
642 1004 788 1034 secunda
805 1004 960 1042 proxima
977 1003 1153 1042 superiori,
1173 1012 1245 1033 ver·
1274 1025 1275 1032 ,

228 1057 281 1087 bis
296 1058 520 1096 competenter
531 1056 677 1092 mutatis,
687 1064 931 1094 usque‚ve1·um
949 1064 1024 1085 cum
1038 1056 1123 1085 inter
1136 1056 1245 1085 cetera
1273 1072 1275 1099 ¹,

2279 284 2318 314 83

1380 354 1451 386 199
1858 360 1982 393 Ort-icto,
2000 363 2031 388 ¹3
2048 361 2153 390 sevrier
2170 364 2246 390 1263.

1344 437 1478 465 Fratrem
1501 440 1667 474 Henricum,
1687 442 1721 468 de
1747 443 1847 470 ordine
1869 444 2023 478 Minorum,
2044 446 2187 480 quondam
2208 447 2317 481 episco-

1276 470 1277 506 l
1307 492 1377 518 pum
1389 485 1606 519 Curoniensem,
1617 496 1635 515 a
1646 490 1770 523 capitulo
1782 491 1911 518 Kimensi
1926 492 1954 519 in
1968 493 2133 527 episcopum
2149 494 2315 522 Kimensem

1275 520 1277 582 i
1306 532 1441 566 electum,
1463 535 1593 563 Kimensi
1612 537 1749 564 ecclesiae
1768 539 1908 572 praeficit.
1927 541 2006 575 (Rea⁴
2024 543 2067 574 26,
2083 543 2151 569 anni
2168 542 2204 575 11,
2222 548 2254 569 n⁰
2270 545 2314 575 62,

1276 596 1277 609 η
1306 580 1354 607 sol.
1371 583 1428 616 68.)

1348 697 1362 711 «
1402 685 1545 715 Universo
1576 687 1654 717 clero
1675 689 1808 718 civitatis
1825 695 1852 720 et
1867 690 1991 720 diocesis
2010 692 2173 722 [simensis.
2191 694 2314 724 Divino

1305 738 1466 775 sapientie
1484 740 1710 771 inscrutabilis
1727 761 1774 772 —.
1790 743 1913 773 Datum
1931 745 2018 783 apud
2028 745 2313 782 Urbemveterem,

1274 817 1277 832 ,
1304 790 1384 820 idus
1399 791 1573 827 februarii,
1592 802 1678 824 anno
1698 804 1730 824 11.
1753 807 1767 822 υ

1339 894 1370 921 In
1386 903 1409 921 e.
1427 904 1466 921 m.
1483 897 1616 924 universo
1632 899 1734 932 populo
1749 899 1873 928 civitatis
1889 904 1917 928 ct
1933 903 2053 930 diocesis
2069 905 2223 932 Kimensis.

1274 960 1275 986 1
1338 942 1371 968 In
1385 951 1410 970 c.
1430 952 1470 970 m,
1488 946 1644 973 venerabili
1660 947 1755 979 fratri,
1771 948 1856 976 fratri
1876 950 1997 977 Henrico
2019 952 2053 978 de
2071 953 2170 980 ordine
2186 953 2311 981 fratrum

1274 995 1275 1024 ᾗ
1303 990 1457 1024 Minorum,
1474 993 1604 1028 episcopo
1621 995 1758 1022 Kimensi.

1273 1034 1275 1067 l

227 1117 291 1148 que
314 1109 404 1139 idem
427 1109 604 1139 arbitrium
631 1108 820 1139 continebat
844 1109 905 1138 hoc
931 1110 1019 1138 esset
1047 1116 1243 1146 expressum
1274 1140 1275 1149 ἶ

226 1162 315 1200 quod
329 1162 437 1192 dictus
457 1162 497 1192 E.
516 1161 786 1201 archiepiscopus
813 1161 986 1191 Coloniam
1008 1161 1130 1191 intrare
1147 1161 1241 1191 debe-

226 1216 286 1249 ret,
310 1216 504 1254 recepturus
525 1215 700 1245 exuendam
724 1215 759 1244 in
785 1214 922 1244 arbitrio
949 1214 1022 1252 ipso
1048 1222 1241 1252 expressam
1272 1235 1273 1238 η

226 1269 257 1298 et
275 1267 468 1298 fidelitatem
485 1267 525 1297 ab
543 1267 699 1298 omnibus
717 1267 929 1305 supradictis,
949 1269 978 1296 et
993 1267 1028 1296 in
1043 1267 1165 1305 palatio
1181 1276 1241 1296 suo

229 1321 401 1356 resideret,
422 1321 615 1351 fidelitatem
633 1322 824 1359 recepturus
841 1321 991 1356 eandem,
1017 1320 1088 1359 ipse
1102 1328 1161 1359 per
1182 1320 1241 1349 im-
1270 1346 1271 1351 ,

225 1374 434 1412 pressionem
456 1374 572 1412 populi
588 1373 768 1412 quamdam
781 1382 846 1403 non
861 1373 1000 1404 rationis
1016 1373 1074 1403 sed
1091 1373 1242 1403 volunta·
1268 1389 1269 1408 2

225 1427 269 1456 tis
292 1427 494 1456 sententiam
517 1435 618 1465 super
646 1426 861 1456 restituendis
880 1426 1074 1465 proscriptis
1093 1426 1176 1464 ipsis
1197 1426 1239 1456 ci·
1268 1437 1269 1447 Ι

224 1479 321 1509 vitati
347 1479 473 1517 prefate
501 1479 648 1513 dictavit,
662 1487 721 1509 seu
744 1487 803 1518 per
818 1479 982 1517 quosdam
1009 1479 1127 1509 dictari
1146 1478 1238 1508 nobi·
1268 1491 1269 1495 ¹

225 1531 274 1562 les
295 1531 451 1562 toleravit
467 1541 476 1567 ;
494 1531 590 1570 cujus
615 1531 777 1561 sententie
805 1533 958 1570 pretextu
985 1532 1034 1561 sic
1063 1531 1241 1570 proscripti

225 1584 267 1614 ad
287 1584 456 1614 civitatem
486 1584 594 1623 ipsam
626 1585 880 1622 presumptuose
923 1584 1062 1619 reversi,
1091 1584 1240 1614 scabina-
1268 1612 1269 1618 ,

224 1637 278 1667 tus
298 1636 446 1667 officium
462 1637 552 1675 quod
563 1636 656 1675 prius
665 1636 833 1675 gerebant,
844 1645 1073 1671 assume1·e,ac
1087 1645 1238 1667 amovere
1267 1627 1269 1631 ¹

225 1690 303 1720 illos
315 1698 399 1728 quos
412 1689 447 1720 in
460 1690 652 1719 memoratis
669 1682 790 1719 officiis
804 1690 840 1719 C.
859 1689 1129 1728 archiepiscopus
1145 1698 1236 1720 cons·
1266 1680 1267 1685 ¹

223 1743 370 1777 tituerat,
388 1742 452 1772 sibi
472 1742 584 1772 officia
597 1742 739 1781 pristina
749 1751 911 1781 usurpare
927 1744 1049 1773 temere
1065 1751 1237 1782 presump-

223 1798 350 1831 serunt,
369 1795 538 1834 magistris
560 1795 804 1825 fraternitatum
823 1804 883 1825 seu
900 1795 1087 1826 officiorum
1105 1804 1140 1826 ac
1156 1797 1237 1826 civi-

223 1848 287 1879 bus
303 1848 572 1883 Coloniensibus,
590 1848 714 1886 quibus
732 1848 835 1878 iidem
850 1849 1002 1887 magistri
1016 1851 1166 1887 presunt,
1181 1857 1237 1879 eos

222 1902 436 1940 potissimum
461 1901 752 1932 manutenentibus
773 1901 885 1931 favore
906 1902 1112 1940 dampnabili
1129 1903 1165 1932 in
1181 1903 1239 1932 hn-

219 1955 369 1993 jusmodi
385 1955 644 1993 presumptione.
665 1955 826 1990 Quocirca
843 1955 1035 1985 discretioni
1053 1957 1161 1985 vestre
1179 1965 1237 1994 per

223 2007 404 2046 apostolica
422 2007 543 2045 scripta
560 2007 758 2037 mandamus
773 2009 949 2045 quatenus,
965 2008 993 2037 si
1010 2010 1060 2038 est
1077 2009 1132 2042 ita,
1150 2009 1236 2039 circa

224 2059 347 2089 dictum
372 2059 659 2098 archiepiscopum
685 2060 749 2090 fide
774 2062 805 2090 et
825 2061 1011 2098 Juramento
1043 2061 1235 2099 hujusmodi

222 2112 390 2143 relaxatis.
419 2113 524 2142 dictos
551 2113 755 2151 proscriptos
782 2113 883 2150 quod,
909 2113 1102 2151 hujusmodi
1125 2114 1234 2144 officio

221 2165 373 2198 dimisso,
389 2165 558 2195 civitatem
583 2167 702 2195 exeant
725 2165 950 2204 sup1·.1dictan1
969 2168 999 2196 et
1015 2167 1149 2196 eosdem
1166 2176 1232 2197 ma-

221 2219 342 2257 gistros
363 2219 394 2248 et
417 2218 509 2248 cives
533 2218 656 2256 quibus
686 2221 835 2257 presunt,
853 2219 942 2257 quod
963 2219 1004 2250 ab
1023 2220 1114 2249 omni
1134 2229 1234 2259 super

221 2271 282 2300 hoc
300 2271 482 2301 eorundem
507 2271 771 2310 proscriptorum
794 2272 908 2301 favore
932 2274 962 2302 et
987 2272 1112 2303 auxilio
1129 2273 1232 2303 desis-

220 2325 326 2354 tentes
341 2325 373 2354 et
387 2324 435 2354 eis
451 2324 485 2353 iu
507 2324 573 2353 hiis
589 2333 652 2362 que
669 2324 709 2354 ad
725 2325 850 2354 dictum
872 2325 1063 2355 scabinatus
1085 2326 1232 2356 officium

220 2376 831 2414 pertinent,nullatenusintendentes,
845 2378 911 2416 ipsi
927 2378 1176 2417 archiepiscopo
1192 2380 1234 2409 ad

220 2429 443 2458 amovendum
455 2429 546 2467 ipsos
564 2429 604 2458 ab
621 2430 812 2468 hujusmodi
830 2430 939 2460 officio
953 2433 983 2460 et.
998 2432 1232 2469 expellendum

220 2489 277 2511 eos
299 2481 340 2511 ab
356 2482 471 2511 eadem
487 2481 630 2516 civitate,
641 2484 842 2521 oportunum
851 2492 887 2513 ac
904 2483 1052 2514 debitum
1069 2485 1233 2515 auxilium

221 2533 415 2572 largiantur,
427 2535 611 2564 monitione
626 2536 801 2573 premissa,
810 2544 869 2574 per
879 2537 1233 2568 excommunicationis

220 2587 257 2616 iu
270 2594 431 2624 personas
444 2589 487 2621 et,
503 2587 533 2616 si
545 2595 659 2617 eorum
674 2589 871 2626 protervitas
884 2590 1052 2626 meruerit,
1066 2590 1233 2621 interdicti

220 2639 255 2668 in
289 2638 457 2669 civitatem
485 2639 731 2674 Cohuiensem,
758 2641 979 2679 appellatione
1012 2644 1148 2677 remota,
1179 2652 1231 2674 co-

221 2687 317 2727 gatis.
341 2688 498 2717 Invocato
518 2688 560 2717 ad
577 2688 637 2718 hoc
666 2690 727 2718 etc.
760 2689 836 2719 Non
853 2689 1003 2720 obstante
1029 2691 1058 2721 si
1089 2708 1138 2722 —.
1166 2693 1231 2722 Da·
1260 2711 1261 2732 3

219 2742 291 2771 tum
320 2740 408 2778 apud
444 2740 729 2776 Urbemveterem,
763 2752 829 2771 xvu
859 2742 1020 2773 kalendas
1056 2744 1230 2781 februarii,
1258 2757 1261 2784 ι

221 2802 308 2824 anno
328 2799 376 2822 11⁰.
394 2806 408 2819 -
1258 2793 1260 2811 l

1370 1159 1442 1190 200

1853 1163 1976 1195 Orvieto,
1997 1166 2024 1190 ¹3
2041 1165 2145 1192 sevi-ier
2163 1169 2238 1193 1263.

1336 1241 1473 1276 Episcopo
1494 1242 1693 1277 Ratisponensi
1715 1245 1833 1271 mandat
1853 1248 1993 1279 quatenus
2015 1249 2160 1281 praedicto
2180 1250 2309 1278 Kimensi

1299 1289 1431 1324 episcopo
1449 1291 1640 1318 reverentiam
1662 1294 1689 1318 et
1705 1293 1896 1320 obedientiam
1917 1295 2044 1322 debitam
2063 1296 2147 1324 faciat
2167 1299 2307 1325 exhiberi.

1301 1338 1379 1365 (Rea.
1395 1340 1439 1371 26,
1456 1340 1524 1366 anni
1540 1340 1575 1371 11,
1590 1345 1623 1366 n0
1640 1342 1682 1374 63,
1697 1341 1746 1369 fol.
1765 1343 1797 1368 68
1814 1345 1866 1375 νῦ.)

1342 1458 1382 1475 «..
1400 1445 1538 1485 episcopo
1558 1445 1781 1487 Raeisponensi.
1806 1448 1890 1479 Cum
1910 1449 1989 1479 olim
2006 1451 2160 1482 Kimensi
2175 1470 2225 1482 —.
2242 1453 2308 1484 Da-

1268 1513 1269 1522 κ
1298 1499 1368 1528 tum
1387 1499 1475 1537 apud
1490 1499 1775 1535 Urbemveterem,
1793 1501 1869 1531 idus
1882 1502 2053 1539 februarii,
2067 1509 2213 1535 ann0110.
2233 1518 2247 1533 »

1366 1674 1434 1704 201

1795 1675 1919 1709 Orvieto,
1937 1678 1967 1703 31
1985 1677 2136 1705 decembre
2158 1680 2235 1706 ¹263.

1333 1757 1462 1791 capitulo
1483 1760 1509 1784 et
1527 1758 1602 1784 clero
1619 1758 1743 1785 civitatis
1760 1762 1787 1785 et
1807 1759 1927 1787 diocesis
1945 1760 2121 1788 Coloniensis
2141 1763 2258 1790 nunciat
2277 1772 2306 1791 se

1297 1806 1325 1832 in
1349 1806 1548 1833 Coloniensem
1569 1807 1818 1842 archiepiscopum
1844 1809 2029 1837 confirmasse
2050 1811 2267 1845 Engolboetum,
2291 1821 2308 1840 a

1296 1855 1442 1882 canonicis
1456 1856 1592 1882 electum.
1611 1856 1690 1890 (nm.
1706 1858 1750 1889 26,
1767 1857 1835 1883 anni
1852 1857 1888 1889 ΙΙ,
1906 1864 1938 1884 n⁰
1954 1860 1998 1891 64,
2015 1859 2063 1885 sol.
2081 1861 2137 1894 69.)

1337 1954 1352 1969 «
1373 1942 1515 1982 Capitulo
1532 1947 1559 1971 e!
1575 1941 1654 1971 clero
1670 1942 1801 1971 cit-itatis
1811 1947 1838 1972 ct
1853 1942 1979 1973 diocesis
1997 1944 2306 1976 C0l011ie11sis.Plan-

1266 2000 1267 2005 ¹
1297 1997 1371 2025 tans
1395 2004 1414 2026 a
1437 1996 1600 2034 principio
1623 1996 1790 2025 Dominus
1814 1996 1906 2026 Dens
1935 1997 2071 2028 ecclesie
2101 1999 2306 2037 paradysum

1296 2049 1331 2079 in
1343 2057 1408 2087 quo
1426 2048 1537 2087 posuit
1552 2048 1720 2078 hominem
1737 2057 1834 2087 quem
1846 2049 2016 2085 formarat,
2032 2051 2118 2081 inter
2135 2052 2200 2081 alia
2216 2052 2306 2091 ligna

1296 2101 1457 2141 pomifera
1474 2101 1612 2140 pulchra
1628 2101 1704 2131 visu
1719 2103 1749 2131 et
1765 2102 1806 2131 ad
1826 2103 2029 2133 vescendum
2039 2105 2166 2139 suavia,
2185 2105 2218 2134 in
2242 2114 2305 2135 me-

1295 2155 1348 2184 dio
1364 2155 1613 2193 ejustamquam
1628 2154 1757 2192 lignum
1779 2155 1846 2185 vite
1871 2155 2104 2186 Coloniensem
2131 2158 2306 2188 ecclesiam

1295 2207 1422 2237 salubri
1434 2207 1653 2245 dispositione
1670 2207 1837 2245 produxit,
1854 2209 1884 2237 et
1899 2216 1971 2237 eam
1992 2210 2216 2239 venerandam
2233 2211 2304 2240 uni-

1294 2260 1443 2290 versitati
1459 2259 1608 2289 fidelium
1626 2259 1918 2298 stal)ilivit,ipsam
1940 2262 2179 2299 metropolitice
2196 2263 2303 2301 digui-

1292 2313 1369 2343 tatis
1394 2313 1550 2351 insigniis
1575 2312 1779 2348 honorando,
1798 2313 1976 2352 radicando
1998 2315 2104 2352 ipsam
2131 2315 2163 2345 iu
2181 2316 2303 2354 populo

1292 2366 1512 2396 honorificato
1531 2367 1561 2395 et
1580 2366 1620 2394 ad
1643 2365 1714 2403 ejus
1729 2365 1855 2395 cultum
1885 2366 2071 2405 deputando
2088 2376 2159 2402 vos,
2177 2368 2237 2397 tilii
2253 2378 2301 2398 ca-

1292 2419 1449 2458 pitulum,
1463 2419 1606 2448 diversis
1617 2418 1745 2448 meritis
1761 2419 1989 2456 precellentes,
2006 2420 2062 2457 qui
2078 2420 2169 2449 sanis
2187 2421 2301 2451 adver·

1292 2474 1398 2502 tentes
1415 2472 1571 2502 sensibus
1589 2471 1804 2510 etprudentie
1821 2472 1970 2501 consiliis
1986 2472 2198 2510 providentes
2213 2474 2302 2512 quod

1293 2525 1489 2564 expediebat
1502 2524 1675 2554 ecclesiam
1686 2526 1751 2553 tam
1766 2524 1912 2554 nobilem
1926 2533 2086 2563 sponsum
2102 2525 2223 2556 habere
2234 2527 2300 2556 vir-

1293 2580 1401 2609 tutum
1429 2578 1558 2608 meritis
1574 2579 1604 2607 et
1620 2578 1735 2607 nature
1756 2577 1888 2607 dotibus
1906 2578 2105 2617 speciosum,
2123 2580 2153 2609 et
2170 2579 2299 2610 honori-

1293 2631 1427 2661 ficatum
1440 2630 1600 2669 populum
1615 2630 1748 2669 presule
1757 2630 1826 2668 regi
1842 2631 1979 2660 scientia
1995 2631 2123 2669 predito
2136 2633 2166 2661 et
2181 2633 2300 2671 stipato

1290 2684 1438 2723 potentia
1455 2683 1596 2714 seculari
1608 2691 1644 2712 ac
1660 2683 1808 2713 membra
1823 2683 1947 2713 nobilia
1963 2684 2110 2714 decorari
2126 2685 2232 2723 capite
2249 2694 2300 2724 ge-

1290 2746 1420 2772 neroso,
1438 2736 1479 2766 ad
1491 2735 1715 2766 venerabilem
1730 2736 1866 2766 fratrem
1882 2738 2032 2766 nostrum
2051 2737 2300 2776 Eugelbertum,

1290 2789 1525 2820 Coloniensem
1554 2788 1850 2827 archiepiscopum,
1876 2790 1955 2819 tunc
1970 2790 2175 2828 prepositum
2206 2791 2300 2822 Colo·

1289 2842 1453 2877 niensem,
1492 2841 1641 2872 consulte
1677 2841 1927 2872 deliberationis
1960 2843 2074 2873 oculos
2104 2844 2299 2875 extendistis

1288 2896 1460 2934 tamquam
1476 2895 1517 2925 ad
1529 2895 1637 2925 virum
1649 2894 1777 2924 meritis
1794 2894 1870 2925 istis
1886 2896 1917 2925 et
1925 2895 2002 2926 aliis
2018 2896 2119 2926 tantis
2135 2896 2300 2928 sufficien-

1290 2949 1358 2978 tem
1377 2947 1546 2984 oneribus,
1561 2949 1593 2978 et
1611 2948 1678 2977 tam
1700 2947 1831 2986 magnis
1846 2947 2030 2979 honoribus
2051 2951 2298 2988 congruentem.
