<?xml version="1.0" encoding="UTF-8"?>
<!DOCTYPE html PUBLIC "-//W3C//DTD XHTML 1.0 Transitional//EN"
    "http://www.w3.org/TR/xhtml1/DTD/xhtml1-transitional.dtd">
<html xmlns="http://www.w3.org/1999/xhtml" xml:lang="en" lang="en">
 <head>
  <title>
</title>
<meta http-equiv="Content-Type" content="text/html;charset=utf-8" />
  <meta name='ocr-system' content='tesseract 3.04.00' />
  <meta name='ocr-capabilities' content='ocr_page ocr_carea ocr_par ocr_line ocrx_word'/>
</head>
<body>
  <div class='ocr_page' id='page_1' title='image "./lesregistresdurb12cath/lesregistresdurb12cath_0098.png"; bbox 0 0 2547 3289; ppageno 0'>
   <div class='ocr_carea' id='block_1_1' title="bbox 275 227 314 256">
    <p class='ocr_par' dir='ltr' id='par_1_1' title="bbox 275 227 314 256">
     <span class='ocr_line' id='line_1_1' title="bbox 275 227 314 256; baseline 0.026 -1"><span class='ocrx_word' id='word_1_1' title='bbox 275 227 314 256; x_wconf 90' lang='lat'>86</span> 
     </span>
    </p>
   </div>
   <div class='ocr_carea' id='block_1_2' title="bbox 1083 208 1538 247">
    <p class='ocr_par' dir='ltr' id='par_1_2' title="bbox 1083 208 1538 247">
     <span class='ocr_line' id='line_1_2' title="bbox 1083 208 1538 247; baseline -0.002 0"><span class='ocrx_word' id='word_1_2' title='bbox 1083 216 1302 247; x_wconf 66' lang='lat' dir='ltr'>Ruors‘riffl</span> <span class='ocrx_word' id='word_1_3' title='bbox 1324 208 1538 246; x_wconf 75' lang='lat' dir='ltr'><strong>CAMERAL</strong></span> 
     </span>
    </p>
   </div>
   <div class='ocr_carea' id='block_1_3' title="bbox 273 298 2346 343">
    <p class='ocr_par' dir='ltr' id='par_1_3' title="bbox 273 298 2346 343">
     <span class='ocr_line' id='line_1_3' title="bbox 273 298 2346 343; baseline -0.01 -6"><span class='ocrx_word' id='word_1_4' title='bbox 273 307 379 336; x_wconf 86' lang='lat' dir='ltr'>sentis</span> <span class='ocrx_word' id='word_1_5' title='bbox 398 304 520 343; x_wconf 80' lang='lat' dir='ltr'>negotii</span> <span class='ocrx_word' id='word_1_6' title='bbox 554 303 744 333; x_wconf 68' lang='lat' dir='ltr'>constanter</span> <span class='ocrx_word' id='word_1_7' title='bbox 777 300 940 335; x_wconf 82' lang='lat' dir='ltr'>militans,</span> <span class='ocrx_word' id='word_1_8' title='bbox 969 299 1053 329; x_wconf 86' lang='lat' dir='ltr'>illud</span> <span class='ocrx_word' id='word_1_9' title='bbox 1081 298 1275 329; x_wconf 75' lang='lat' dir='ltr'>efficacibus</span> <span class='ocrx_word' id='word_1_10' title='bbox 1306 309 1308 327; x_wconf 69' lang='grc'><strong>1</strong></span> <span class='ocrx_word' id='word_1_11' title='bbox 1346 299 1378 328; x_wconf 88' lang='lat' dir='ltr'>et</span> <span class='ocrx_word' id='word_1_12' title='bbox 1396 299 1643 337; x_wconf 78' lang='lat' dir='ltr'>predic-ationes</span> <span class='ocrx_word' id='word_1_13' title='bbox 1667 301 1797 330; x_wconf 75' lang='lat' dir='ltr'>vestras</span> <span class='ocrx_word' id='word_1_14' title='bbox 1822 301 2037 337; x_wconf 49' lang='lat' dir='ltr'>accesserint,</span> <span class='ocrx_word' id='word_1_15' title='bbox 2059 303 2191 332; x_wconf 70' lang='lat' dir='ltr'>centum</span> <span class='ocrx_word' id='word_1_16' title='bbox 2215 302 2346 332; x_wconf 67' lang='lat' dir='ltr'>dierum</span> 
     </span>
    </p>
   </div>
   <div class='ocr_carea' id='block_1_4' title="bbox 272 350 1278 445">
    <p class='ocr_par' dir='ltr' id='par_1_4' title="bbox 272 350 1278 445">
     <span class='ocr_line' id='line_1_4' title="bbox 272 350 1277 395; baseline -0.009 -7"><span class='ocrx_word' id='word_1_17' title='bbox 272 359 395 389; x_wconf 85' lang='lat' dir='ltr'>studiis</span> <span class='ocrx_word' id='word_1_18' title='bbox 419 359 449 387; x_wconf 82' lang='lat' dir='ltr'>et</span> <span class='ocrx_word' id='word_1_19' title='bbox 473 356 583 395; x_wconf 65' lang='lat' dir='ltr'>plenis</span> <span class='ocrx_word' id='word_1_20' title='bbox 601 355 724 384; x_wconf 81' lang='lat' dir='ltr'>debeas</span> <span class='ocrx_word' id='word_1_21' title='bbox 740 353 916 383; x_wconf 81' lang='lat' dir='ltr'>affectibus</span> <span class='ocrx_word' id='word_1_22' title='bbox 931 360 1142 390; x_wconf 85' lang='lat' dir='ltr'>promovere,</span> <span class='ocrx_word' id='word_1_23' title='bbox 1160 350 1277 380; x_wconf 86' lang='lat' dir='ltr'>frater-</span> 
     </span>
     <span class='ocr_line' id='line_1_5' title="bbox 273 403 1278 445; baseline -0.008 -5"><span class='ocrx_word' id='word_1_24' title='bbox 273 412 411 441; x_wconf 89' lang='lat' dir='ltr'>nitatem</span> <span class='ocrx_word' id='word_1_25' title='bbox 428 412 518 439; x_wconf 85' lang='lat' dir='ltr'>tuam</span> <span class='ocrx_word' id='word_1_26' title='bbox 537 416 694 445; x_wconf 84' lang='lat' dir='ltr'>rogamus</span> <span class='ocrx_word' id='word_1_27' title='bbox 714 407 931 436; x_wconf 84' lang='lat' dir='ltr'>ctbortamur</span> <span class='ocrx_word' id='word_1_28' title='bbox 949 406 1085 440; x_wconf 85' lang='lat' dir='ltr'>attente,</span> <span class='ocrx_word' id='word_1_29' title='bbox 1107 404 1140 433; x_wconf 92' lang='lat' dir='ltr'>in</span> <span class='ocrx_word' id='word_1_30' title='bbox 1160 403 1278 433; x_wconf 88' lang='lat' dir='ltr'>remis-</span> 
     </span>
    </p>
   </div>
   <div class='ocr_carea' id='block_1_5' title="bbox 271 456 1309 552">
    <p class='ocr_par' dir='ltr' id='par_1_5' title="bbox 271 456 1309 552">
     <span class='ocr_line' id='line_1_6' title="bbox 272 456 1308 498; baseline -0.008 -6"><span class='ocrx_word' id='word_1_31' title='bbox 272 463 401 492; x_wconf 78' lang='lat' dir='ltr'>sionem</span> <span class='ocrx_word' id='word_1_32' title='bbox 418 461 478 491; x_wconf 88' lang='lat' dir='ltr'>tibi</span> <span class='ocrx_word' id='word_1_33' title='bbox 494 460 724 498; x_wconf 88' lang='lat' dir='ltr'>peccaminum</span> <span class='ocrx_word' id='word_1_34' title='bbox 745 458 969 497; x_wconf 78' lang='lat' dir='ltr'>injungentes,</span> <span class='ocrx_word' id='word_1_35' title='bbox 989 457 1150 496; x_wconf 75' lang='lat' dir='ltr'>quatinus</span> <span class='ocrx_word' id='word_1_36' title='bbox 1165 456 1280 494; x_wconf 89' lang='lat' dir='ltr'>hujus-</span> <span class='ocrx_word' id='word_1_37' title='bbox 1307 481 1308 484; x_wconf 73' lang='grc'>,</span> 
     </span>
     <span class='ocr_line' id='line_1_7' title="bbox 271 508 1309 552; baseline -0.007 -8"><span class='ocrx_word' id='word_1_38' title='bbox 271 515 358 545; x_wconf 89' lang='lat' dir='ltr'>modi</span> <span class='ocrx_word' id='word_1_39' title='bbox 404 513 550 552; x_wconf 84' lang='lat' dir='ltr'>predicte</span> <span class='ocrx_word' id='word_1_40' title='bbox 588 514 676 543; x_wconf 88' lang='lat' dir='ltr'>terre</span> <span class='ocrx_word' id='word_1_41' title='bbox 711 513 835 541; x_wconf 86' lang='lat' dir='ltr'>statum</span> <span class='ocrx_word' id='word_1_42' title='bbox 884 510 1009 540; x_wconf 85' lang='lat' dir='ltr'>Christi</span> <span class='ocrx_word' id='word_1_43' title='bbox 1053 509 1211 539; x_wconf 81' lang='lat' dir='ltr'>fidelibus</span> <span class='ocrx_word' id='word_1_44' title='bbox 1244 508 1309 538; x_wconf 66' lang='lat' dir='ltr'>in=</span> 
     </span>
    </p>
   </div>
   <div class='ocr_carea' id='block_1_6' title="bbox 269 562 1279 656">
    <p class='ocr_par' dir='ltr' id='par_1_6' title="bbox 269 562 1279 656">
     <span class='ocr_line' id='line_1_8' title="bbox 270 562 1279 602; baseline -0.006 -5"><span class='ocrx_word' id='word_1_45' title='bbox 270 567 459 602; x_wconf 86' lang='lat' dir='ltr'>Alamania,</span> <span class='ocrx_word' id='word_1_46' title='bbox 478 565 615 596; x_wconf 79' lang='lat' dir='ltr'>Boemia</span> <span class='ocrx_word' id='word_1_47' title='bbox 640 567 671 595; x_wconf 92' lang='lat' dir='ltr'>et</span> <span class='ocrx_word' id='word_1_48' title='bbox 691 565 768 594; x_wconf 86' lang='lat' dir='ltr'>aliis</span> <span class='ocrx_word' id='word_1_49' title='bbox 788 564 872 593; x_wconf 90' lang='lat' dir='ltr'>locis</span> <span class='ocrx_word' id='word_1_50' title='bbox 891 564 931 593; x_wconf 90' lang='lat' dir='ltr'>ad</span> <span class='ocrx_word' id='word_1_51' title='bbox 950 572 1014 602; x_wconf 87' lang='lat' dir='ltr'>que</span> <span class='ocrx_word' id='word_1_52' title='bbox 1032 563 1148 602; x_wconf 86' lang='lat' dir='ltr'>lingua</span> <span class='ocrx_word' id='word_1_53' title='bbox 1171 562 1279 592; x_wconf 77' lang='lat' dir='ltr'>&#39;sneu-</span> 
     </span>
     <span class='ocr_line' id='line_1_9' title="bbox 269 615 1279 656; baseline -0.006 -6"><span class='ocrx_word' id='word_1_54' title='bbox 269 620 379 650; x_wconf 87' lang='lat' dir='ltr'>tonica</span> <span class='ocrx_word' id='word_1_55' title='bbox 397 628 431 649; x_wconf 81' lang='lat' dir='ltr'>se</span> <span class='ocrx_word' id='word_1_56' title='bbox 454 619 614 653; x_wconf 82' lang='lat' dir='ltr'>extendit,</span> <span class='ocrx_word' id='word_1_57' title='bbox 641 627 699 656; x_wconf 89' lang='lat' dir='ltr'>per</span> <span class='ocrx_word' id='word_1_58' title='bbox 718 619 749 647; x_wconf 90' lang='lat' dir='ltr'>te</span> <span class='ocrx_word' id='word_1_59' title='bbox 768 617 820 646; x_wconf 90' lang='lat' dir='ltr'>vel</span> <span class='ocrx_word' id='word_1_60' title='bbox 842 626 901 655; x_wconf 89' lang='lat' dir='ltr'>per</span> <span class='ocrx_word' id='word_1_61' title='bbox 923 616 1028 646; x_wconf 86' lang='lat' dir='ltr'>alium</span> <span class='ocrx_word' id='word_1_62' title='bbox 1046 625 1106 645; x_wconf 86' lang='lat' dir='ltr'>seu</span> <span class='ocrx_word' id='word_1_63' title='bbox 1125 615 1211 646; x_wconf 89' lang='lat' dir='ltr'>alios</span> <span class='ocrx_word' id='word_1_64' title='bbox 1228 623 1279 645; x_wconf 83' lang='lat' dir='ltr'>ec-</span> 
     </span>
    </p>
   </div>
   <div class='ocr_carea' id='block_1_7' title="bbox 1306 439 1309 628">
    <p class='ocr_par' dir='ltr' id='par_1_7' title="bbox 1306 439 1309 628">
     <span class='ocr_line' id='line_1_10' title="bbox 1306 439 1308 473; baseline 0 0"><span class='ocrx_word' id='word_1_65' title='bbox 1306 439 1308 473; x_wconf 78' lang='lat' dir='ltr'>l</span> 
     </span>
     <span class='ocr_line' id='line_1_11' title="bbox 1308 557 1309 576; baseline 0 0"><span class='ocrx_word' id='word_1_66' title='bbox 1308 557 1309 576; x_wconf 81' lang='lat' dir='ltr'>l</span> 
     </span>
     <span class='ocr_line' id='line_1_12' title="bbox 1308 604 1309 628; baseline 0 0"><span class='ocrx_word' id='word_1_67' title='bbox 1308 604 1309 628; x_wconf 80' lang='lat' dir='ltr'>l</span> 
     </span>
    </p>
   </div>
   <div class='ocr_carea' id='block_1_8' title="bbox 269 668 2349 760">
    <p class='ocr_par' dir='ltr' id='par_1_8' title="bbox 269 668 2349 760">
     <span class='ocr_line' id='line_1_13' title="bbox 269 668 1309 712; baseline -0.005 -10"><span class='ocrx_word' id='word_1_68' title='bbox 269 673 449 702; x_wconf 82' lang='lat' dir='ltr'>clesiarum</span> <span class='ocrx_word' id='word_1_69' title='bbox 471 672 618 710; x_wconf 77' lang='lat' dir='ltr'>prelatos</span> <span class='ocrx_word' id='word_1_70' title='bbox 637 673 669 701; x_wconf 87' lang='lat' dir='ltr'>et</span> <span class='ocrx_word' id='word_1_71' title='bbox 685 671 826 700; x_wconf 78' lang='lat' dir='ltr'>clericos</span> <span class='ocrx_word' id='word_1_72' title='bbox 840 670 1018 707; x_wconf 82' lang='lat' dir='ltr'>religiosos</span> <span class='ocrx_word' id='word_1_73' title='bbox 1044 671 1074 699; x_wconf 89' lang='lat' dir='ltr'>et</span> <span class='ocrx_word' id='word_1_74' title='bbox 1094 668 1277 704; x_wconf 86' lang='lat' dir='ltr'>seculares,</span> <span class='ocrx_word' id='word_1_75' title='bbox 1308 705 1309 712; x_wconf 14' lang='grc' dir='ltr'>ἵ</span> 
     </span>
     <span class='ocr_line' id='line_1_14' title="bbox 1308 717 2349 760; baseline 0.004 -11"><span class='ocrx_word' id='word_1_76' title='bbox 1308 717 1309 722; x_wconf 71' lang='grc'>’</span> <span class='ocrx_word' id='word_1_77' title='bbox 1339 721 1519 759; x_wconf 78' lang='lat' dir='ltr'>specialem</span> <span class='ocrx_word' id='word_1_78' title='bbox 1540 723 1691 760; x_wconf 89' lang='lat' dir='ltr'>oporteat</span> <span class='ocrx_word' id='word_1_79' title='bbox 1714 722 1746 752; x_wconf 93' lang='lat' dir='ltr'>in</span> <span class='ocrx_word' id='word_1_80' title='bbox 1763 723 1887 752; x_wconf 83' lang='lat' dir='ltr'>vestris</span> <span class='ocrx_word' id='word_1_81' title='bbox 1903 723 2027 752; x_wconf 87' lang='lat' dir='ltr'>litteris</span> <span class='ocrx_word' id='word_1_82' title='bbox 2047 722 2119 753; x_wconf 85' lang='lat' dir='ltr'>fieri</span> <span class='ocrx_word' id='word_1_83' title='bbox 2140 723 2349 753; x_wconf 79' lang='lat' dir='ltr'>mentionem</span> 
     </span>
    </p>
   </div>
   <div class='ocr_carea' id='block_1_9' title="bbox 256 721 1278 2720">
    <p class='ocr_par' dir='ltr' id='par_1_9' title="bbox 260 721 1278 2393">
     <span class='ocr_line' id='line_1_15' title="bbox 269 721 1278 764; baseline -0.005 -9"><span class='ocrx_word' id='word_1_84' title='bbox 269 725 509 764; x_wconf 80' lang='lat' dir='ltr'>cujuscumque</span> <span class='ocrx_word' id='word_1_85' title='bbox 537 723 711 763; x_wconf 67' lang='lat' dir='ltr'>dignitatis</span> <span class='ocrx_word' id='word_1_86' title='bbox 742 723 793 753; x_wconf 84' lang='lat' dir='ltr'>vel</span> <span class='ocrx_word' id='word_1_87' title='bbox 814 723 943 752; x_wconf 75' lang='lat' dir='ltr'>ordims</span> <span class='ocrx_word' id='word_1_88' title='bbox 971 722 1111 756; x_wconf 83' lang='lat' dir='ltr'>fuerint,</span> <span class='ocrx_word' id='word_1_89' title='bbox 1134 730 1219 759; x_wconf 91' lang='lat' dir='ltr'>quos</span> <span class='ocrx_word' id='word_1_90' title='bbox 1237 721 1278 751; x_wconf 88' lang='lat' dir='ltr'>ad</span> 
     </span>
     <span class='ocr_line' id='line_1_16' title="bbox 268 775 1276 813; baseline -0.007 -5"><span class='ocrx_word' id='word_1_91' title='bbox 268 778 329 808; x_wconf 86' lang='lat' dir='ltr'>hoc</span> <span class='ocrx_word' id='word_1_92' title='bbox 358 778 496 807; x_wconf 86' lang='lat' dir='ltr'>idoneos</span> <span class='ocrx_word' id='word_1_93' title='bbox 528 786 602 807; x_wconf 76' lang='lat' dir='ltr'>esse</span> <span class='ocrx_word' id='word_1_94' title='bbox 641 776 848 813; x_wconf 77' lang='lat' dir='ltr'>cognoveris,</span> <span class='ocrx_word' id='word_1_95' title='bbox 870 775 1050 813; x_wconf 73' lang='lat' dir='ltr'>diligenter</span> <span class='ocrx_word' id='word_1_96' title='bbox 1090 782 1276 812; x_wconf 83' lang='lat' dir='ltr'>exponens,</span> 
     </span>
     <span class='ocr_line' id='line_1_17' title="bbox 269 826 1278 869; baseline -0.005 -9"><span class='ocrx_word' id='word_1_97' title='bbox 269 831 386 869; x_wconf 88' lang='lat' dir='ltr'>eisque</span> <span class='ocrx_word' id='word_1_98' title='bbox 402 839 590 868; x_wconf 87' lang='lat' dir='ltr'>proponens</span> <span class='ocrx_word' id='word_1_99' title='bbox 610 829 754 859; x_wconf 77' lang='lat' dir='ltr'>sollicite</span> <span class='ocrx_word' id='word_1_100' title='bbox 770 828 909 858; x_wconf 90' lang='lat' dir='ltr'>verbum</span> <span class='ocrx_word' id='word_1_101' title='bbox 922 827 1049 860; x_wconf 73' lang='lat' dir='ltr'>(Irin-is,</span> <span class='ocrx_word' id='word_1_102' title='bbox 1064 826 1278 864; x_wconf 80' lang='lat' dir='ltr'>ipsos,juxta</span> 
     </span>
     <span class='ocr_line' id='line_1_18' title="bbox 268 879 1275 919; baseline -0.006 -6"><span class='ocrx_word' id='word_1_103' title='bbox 268 884 379 914; x_wconf 88' lang='lat' dir='ltr'>datam</span> <span class='ocrx_word' id='word_1_104' title='bbox 401 883 461 912; x_wconf 89' lang='lat' dir='ltr'>tibi</span> <span class='ocrx_word' id='word_1_105' title='bbox 489 892 507 912; x_wconf 89' lang='lat' dir='ltr'>a</span> <span class='ocrx_word' id='word_1_106' title='bbox 524 882 669 912; x_wconf 85' lang='lat' dir='ltr'>Domino</span> <span class='ocrx_word' id='word_1_107' title='bbox 688 881 842 919; x_wconf 72' lang='lat' dir='ltr'>gratiam,</span> <span class='ocrx_word' id='word_1_108' title='bbox 858 880 998 910; x_wconf 86' lang='lat' dir='ltr'>intentis</span> <span class='ocrx_word' id='word_1_109' title='bbox 1017 880 1154 908; x_wconf 87' lang='lat' dir='ltr'>inducas</span> <span class='ocrx_word' id='word_1_110' title='bbox 1169 879 1275 908; x_wconf 89' lang='lat' dir='ltr'>moni—</span> 
     </span>
     <span class='ocr_line' id='line_1_19' title="bbox 267 932 1276 974; baseline -0.006 -8"><span class='ocrx_word' id='word_1_111' title='bbox 267 937 312 966; x_wconf 87' lang='lat' dir='ltr'>tis</span> <span class='ocrx_word' id='word_1_112' title='bbox 330 938 361 966; x_wconf 92' lang='lat' dir='ltr'>et</span> <span class='ocrx_word' id='word_1_113' title='bbox 377 935 505 965; x_wconf 86' lang='lat' dir='ltr'>sedulis</span> <span class='ocrx_word' id='word_1_114' title='bbox 522 933 812 974; x_wconf 87' lang='lat' dir='ltr'>predicationibus</span> <span class='ocrx_word' id='word_1_115' title='bbox 826 932 1027 967; x_wconf 73' lang='lat' dir='ltr'>exhorteris,</span> <span class='ocrx_word' id='word_1_116' title='bbox 1040 934 1073 961; x_wconf 89' lang='lat' dir='ltr'>ut</span> <span class='ocrx_word' id='word_1_117' title='bbox 1089 932 1276 970; x_wconf 71' lang='lat' dir='ltr'>cogitantes</span> 
     </span>
     <span class='ocr_line' id='line_1_20' title="bbox 267 984 1276 1027; baseline -0.005 -9"><span class='ocrx_word' id='word_1_118' title='bbox 267 989 448 1027; x_wconf 83' lang='lat' dir='ltr'>prudenter</span> <span class='ocrx_word' id='word_1_119' title='bbox 477 988 640 1026; x_wconf 83' lang='lat' dir='ltr'>quantum</span> <span class='ocrx_word' id='word_1_120' title='bbox 672 995 759 1015; x_wconf 89' lang='lat' dir='ltr'>nunc</span> <span class='ocrx_word' id='word_1_121' title='bbox 787 985 936 1023; x_wconf 88' lang='lat' dir='ltr'>indigeat</span> <span class='ocrx_word' id='word_1_122' title='bbox 963 985 1114 1022; x_wconf 90' lang='lat' dir='ltr'>ipsorum</span> <span class='ocrx_word' id='word_1_123' title='bbox 1146 984 1276 1022; x_wconf 71' lang='lat' dir='ltr'>prelata</span> 
     </span>
     <span class='ocr_line' id='line_1_21' title="bbox 265 1037 1275 1076; baseline -0.005 -5"><span class='ocrx_word' id='word_1_124' title='bbox 265 1042 355 1071; x_wconf 88' lang='lat' dir='ltr'>terra</span> <span class='ocrx_word' id='word_1_125' title='bbox 375 1039 598 1075; x_wconf 80' lang='lat' dir='ltr'>succursu,ad</span> <span class='ocrx_word' id='word_1_126' title='bbox 617 1039 877 1069; x_wconf 77' lang='lat' dir='ltr'>subventionem</span> <span class='ocrx_word' id='word_1_127' title='bbox 891 1038 966 1076; x_wconf 86' lang='lat' dir='ltr'>ejus</span> <span class='ocrx_word' id='word_1_128' title='bbox 984 1037 1151 1076; x_wconf 88' lang='lat' dir='ltr'>promptis</span> <span class='ocrx_word' id='word_1_129' title='bbox 1167 1037 1275 1066; x_wconf 88' lang='lat' dir='ltr'>inten-</span> 
     </span>
     <span class='ocr_line' id='line_1_22' title="bbox 266 1090 1275 1129; baseline -0.005 -5"><span class='ocrx_word' id='word_1_130' title='bbox 266 1094 344 1124; x_wconf 84' lang='lat' dir='ltr'>dant</span> <span class='ocrx_word' id='word_1_131' title='bbox 373 1093 495 1123; x_wconf 88' lang='lat' dir='ltr'>animis</span> <span class='ocrx_word' id='word_1_132' title='bbox 518 1094 550 1123; x_wconf 91' lang='lat' dir='ltr'>ct</span> <span class='ocrx_word' id='word_1_133' title='bbox 576 1092 707 1122; x_wconf 87' lang='lat' dir='ltr'>viribus</span> <span class='ocrx_word' id='word_1_134' title='bbox 722 1092 803 1122; x_wconf 87' lang='lat' dir='ltr'>totis</span> <span class='ocrx_word' id='word_1_135' title='bbox 828 1092 991 1129; x_wconf 78' lang='lat' dir='ltr'>exurgant</span> <span class='ocrx_word' id='word_1_136' title='bbox 1008 1090 1185 1129; x_wconf 79' lang='lat' dir='ltr'>crucisque</span> <span class='ocrx_word' id='word_1_137' title='bbox 1202 1098 1275 1119; x_wconf 90' lang='lat' dir='ltr'>sus-</span> 
     </span>
     <span class='ocr_line' id='line_1_23' title="bbox 266 1143 1275 1185; baseline -0.005 -8"><span class='ocrx_word' id='word_1_138' title='bbox 266 1148 360 1185; x_wconf 84' lang='lat' dir='ltr'>cepto</span> <span class='ocrx_word' id='word_1_139' title='bbox 379 1146 564 1185; x_wconf 86' lang='lat' dir='ltr'>signaculo,</span> <span class='ocrx_word' id='word_1_140' title='bbox 584 1145 663 1175; x_wconf 82' lang='lat' dir='ltr'>illuc</span> <span class='ocrx_word' id='word_1_141' title='bbox 682 1144 919 1183; x_wconf 77' lang='lat' dir='ltr'>spiritualibus</span> <span class='ocrx_word' id='word_1_142' title='bbox 937 1143 1042 1174; x_wconf 88' lang='lat' dir='ltr'>armis</span> <span class='ocrx_word' id='word_1_143' title='bbox 1065 1145 1095 1173; x_wconf 88' lang='lat' dir='ltr'>et</span> <span class='ocrx_word' id='word_1_144' title='bbox 1119 1143 1275 1173; x_wconf 86' lang='lat' dir='ltr'>materia-</span> 
     </span>
     <span class='ocr_line' id='line_1_24' title="bbox 265 1196 1272 1237; baseline -0.005 -7"><span class='ocrx_word' id='word_1_145' title='bbox 265 1199 356 1230; x_wconf 84' lang='lat' dir='ltr'>libus</span> <span class='ocrx_word' id='word_1_146' title='bbox 375 1199 570 1237; x_wconf 79' lang='lat' dir='ltr'>premuniti,</span> <span class='ocrx_word' id='word_1_147' title='bbox 584 1199 623 1228; x_wconf 90' lang='lat' dir='ltr'>de</span> <span class='ocrx_word' id='word_1_148' title='bbox 640 1198 755 1228; x_wconf 91' lang='lat' dir='ltr'>divina</span> <span class='ocrx_word' id='word_1_149' title='bbox 768 1206 900 1236; x_wconf 83' lang='lat' dir='ltr'>quoque</span> <span class='ocrx_word' id='word_1_150' title='bbox 924 1198 1100 1235; x_wconf 76' lang='lat' dir='ltr'>sperantes</span> <span class='ocrx_word' id='word_1_151' title='bbox 1112 1196 1272 1234; x_wconf 86' lang='lat' dir='ltr'>potentia,</span> 
     </span>
     <span class='ocr_line' id='line_1_25' title="bbox 265 1249 1275 1290; baseline -0.005 -8"><span class='ocrx_word' id='word_1_152' title='bbox 265 1261 339 1282; x_wconf 87' lang='lat' dir='ltr'>cum</span> <span class='ocrx_word' id='word_1_153' title='bbox 355 1252 570 1282; x_wconf 82' lang='lat' dir='ltr'>festinatione</span> <span class='ocrx_word' id='word_1_154' title='bbox 589 1251 781 1290; x_wconf 81' lang='lat' dir='ltr'>procedant.</span> <span class='ocrx_word' id='word_1_155' title='bbox 793 1251 834 1281; x_wconf 90' lang='lat' dir='ltr'>Et</span> <span class='ocrx_word' id='word_1_156' title='bbox 851 1252 887 1280; x_wconf 89' lang='lat' dir='ltr'>ut</span> <span class='ocrx_word' id='word_1_157' title='bbox 905 1250 993 1280; x_wconf 82' lang='lat' dir='ltr'>circa</span> <span class='ocrx_word' id='word_1_158' title='bbox 1011 1249 1044 1279; x_wconf 90' lang='lat' dir='ltr'>id</span> <span class='ocrx_word' id='word_1_159' title='bbox 1057 1258 1096 1279; x_wconf 89' lang='lat' dir='ltr'>eo</span> <span class='ocrx_word' id='word_1_160' title='bbox 1112 1249 1275 1279; x_wconf 88' lang='lat' dir='ltr'>libentius</span> 
     </span>
     <span class='ocr_line' id='line_1_26' title="bbox 265 1302 1273 1342; baseline -0.005 -6"><span class='ocrx_word' id='word_1_161' title='bbox 265 1307 298 1336; x_wconf 86' lang='lat' dir='ltr'>et</span> <span class='ocrx_word' id='word_1_162' title='bbox 318 1305 505 1335; x_wconf 73' lang='lat' dir='ltr'>animosius</span> <span class='ocrx_word' id='word_1_163' title='bbox 532 1305 717 1340; x_wconf 80' lang='lat' dir='ltr'>intendant,</span> <span class='ocrx_word' id='word_1_164' title='bbox 735 1313 800 1342; x_wconf 90' lang='lat' dir='ltr'>quo</span> <span class='ocrx_word' id='word_1_165' title='bbox 819 1303 940 1333; x_wconf 80' lang='lat' dir='ltr'>exinde</span> <span class='ocrx_word' id='word_1_166' title='bbox 959 1304 1044 1332; x_wconf 90' lang='lat' dir='ltr'>dona</span> <span class='ocrx_word' id='word_1_167' title='bbox 1070 1302 1273 1341; x_wconf 72' lang='lat' dir='ltr'>spiritualia,</span> 
     </span>
     <span class='ocr_line' id='line_1_27' title="bbox 264 1355 1273 1396; baseline -0.003 -8"><span class='ocrx_word' id='word_1_168' title='bbox 264 1358 510 1396; x_wconf 76' lang='lat' dir='ltr'>temporalibus</span> <span class='ocrx_word' id='word_1_169' title='bbox 522 1357 749 1396; x_wconf 85' lang='lat' dir='ltr'>proculdubio</span> <span class='ocrx_word' id='word_1_170' title='bbox 763 1356 974 1395; x_wconf 83' lang='lat' dir='ltr'>preferenda,</span> <span class='ocrx_word' id='word_1_171' title='bbox 990 1355 1201 1394; x_wconf 75' lang='lat' dir='ltr'>perceperint</span> <span class='ocrx_word' id='word_1_172' title='bbox 1217 1364 1273 1394; x_wconf 90' lang='lat' dir='ltr'>po-</span> 
     </span>
     <span class='ocr_line' id='line_1_28' title="bbox 264 1408 1275 1448; baseline -0.004 -6"><span class='ocrx_word' id='word_1_173' title='bbox 264 1412 362 1445; x_wconf 85' lang='lat' dir='ltr'>tiora,</span> <span class='ocrx_word' id='word_1_174' title='bbox 378 1420 439 1441; x_wconf 85' lang='lat' dir='ltr'>nos</span> <span class='ocrx_word' id='word_1_175' title='bbox 456 1411 494 1441; x_wconf 87' lang='lat' dir='ltr'>de</span> <span class='ocrx_word' id='word_1_176' title='bbox 515 1410 756 1448; x_wconf 83' lang='lat' dir='ltr'>omnipotentis</span> <span class='ocrx_word' id='word_1_177' title='bbox 783 1411 844 1440; x_wconf 84' lang='lat' dir='ltr'>ete.</span> <span class='ocrx_word' id='word_1_178' title='bbox 872 1418 978 1447; x_wconf 85' lang='lat' dir='ltr'>usque</span> <span class='ocrx_word' id='word_1_179' title='bbox 1005 1409 1133 1445; x_wconf 88' lang='lat' dir='ltr'>contisi,</span> <span class='ocrx_word' id='word_1_180' title='bbox 1157 1410 1188 1438; x_wconf 83' lang='lat' dir='ltr'>et</span> <span class='ocrx_word' id='word_1_181' title='bbox 1216 1408 1275 1438; x_wconf 91' lang='lat' dir='ltr'>illa</span> 
     </span>
     <span class='ocr_line' id='line_1_29' title="bbox 266 1461 1275 1503; baseline -0.003 -10"><span class='ocrx_word' id='word_1_182' title='bbox 266 1473 366 1503; x_wconf 88' lang='lat' dir='ltr'>quam</span> <span class='ocrx_word' id='word_1_183' title='bbox 378 1463 473 1493; x_wconf 91' lang='lat' dir='ltr'>nobis</span> <span class='ocrx_word' id='word_1_184' title='bbox 487 1464 665 1499; x_wconf 77' lang='lat' dir='ltr'>Dominus,</span> <span class='ocrx_word' id='word_1_185' title='bbox 680 1463 757 1493; x_wconf 79' lang='lat' dir='ltr'>licet</span> <span class='ocrx_word' id='word_1_186' title='bbox 773 1462 932 1500; x_wconf 82' lang='lat' dir='ltr'>indignis,</span> <span class='ocrx_word' id='word_1_187' title='bbox 947 1462 1071 1500; x_wconf 85' lang='lat' dir='ltr'>ligandi</span> <span class='ocrx_word' id='word_1_188' title='bbox 1090 1463 1190 1500; x_wconf 82' lang='lat' dir='ltr'>atque</span> <span class='ocrx_word' id='word_1_189' title='bbox 1208 1461 1275 1491; x_wconf 90' lang='lat' dir='ltr'>sol-</span> 
     </span>
     <span class='ocr_line' id='line_1_30' title="bbox 265 1514 1273 1554; baseline -0.003 -8"><span class='ocrx_word' id='word_1_190' title='bbox 265 1517 364 1547; x_wconf 89' lang='lat' dir='ltr'>vendi</span> <span class='ocrx_word' id='word_1_191' title='bbox 379 1517 520 1546; x_wconf 89' lang='lat' dir='ltr'>contulit</span> <span class='ocrx_word' id='word_1_192' title='bbox 538 1517 750 1554; x_wconf 83' lang='lat' dir='ltr'>potestatem,</span> <span class='ocrx_word' id='word_1_193' title='bbox 771 1515 928 1545; x_wconf 87' lang='lat' dir='ltr'>omnibus</span> <span class='ocrx_word' id='word_1_194' title='bbox 949 1523 1025 1544; x_wconf 86' lang='lat' dir='ltr'>vere</span> <span class='ocrx_word' id='word_1_195' title='bbox 1042 1514 1273 1552; x_wconf 79' lang='lat' dir='ltr'>penitentibus</span> 
     </span>
     <span class='ocr_line' id='line_1_31' title="bbox 266 1567 1275 1607; baseline -0.003 -8"><span class='ocrx_word' id='word_1_196' title='bbox 266 1570 298 1599; x_wconf 90' lang='lat' dir='ltr'>et</span> <span class='ocrx_word' id='word_1_197' title='bbox 314 1569 490 1605; x_wconf 79' lang='lat' dir='ltr'>confessis,</span> <span class='ocrx_word' id='word_1_198' title='bbox 512 1569 568 1607; x_wconf 88' lang='lat' dir='ltr'>qui</span> <span class='ocrx_word' id='word_1_199' title='bbox 587 1568 781 1606; x_wconf 87' lang='lat' dir='ltr'>hujusmodi</span> <span class='ocrx_word' id='word_1_200' title='bbox 804 1568 953 1597; x_wconf 89' lang='lat' dir='ltr'>laborem</span> <span class='ocrx_word' id='word_1_201' title='bbox 974 1567 1007 1596; x_wconf 92' lang='lat' dir='ltr'>in</span> <span class='ocrx_word' id='word_1_202' title='bbox 1030 1567 1178 1605; x_wconf 89' lang='lat' dir='ltr'>propriis</span> <span class='ocrx_word' id='word_1_203' title='bbox 1200 1575 1275 1604; x_wconf 82' lang='lat' dir='ltr'>per·</span> 
     </span>
     <span class='ocr_line' id='line_1_32' title="bbox 266 1619 1272 1659; baseline -0.004 -7"><span class='ocrx_word' id='word_1_204' title='bbox 266 1623 358 1652; x_wconf 89' lang='lat' dir='ltr'>sonis</span> <span class='ocrx_word' id='word_1_205' title='bbox 378 1622 542 1651; x_wconf 80' lang='lat' dir='ltr'>subierint</span> <span class='ocrx_word' id='word_1_206' title='bbox 559 1623 590 1651; x_wconf 87' lang='lat' dir='ltr'>ct</span> <span class='ocrx_word' id='word_1_207' title='bbox 609 1621 780 1659; x_wconf 87' lang='lat' dir='ltr'>expensis,</span> <span class='ocrx_word' id='word_1_208' title='bbox 798 1621 931 1659; x_wconf 82' lang='lat' dir='ltr'>plenam</span> <span class='ocrx_word' id='word_1_209' title='bbox 952 1628 1091 1650; x_wconf 87' lang='lat' dir='ltr'>suorum</span> <span class='ocrx_word' id='word_1_210' title='bbox 1110 1619 1272 1658; x_wconf 87' lang='lat' dir='ltr'>peccami-</span> 
     </span>
     <span class='ocr_line' id='line_1_33' title="bbox 266 1673 1274 1713; baseline -0.004 -8"><span class='ocrx_word' id='word_1_211' title='bbox 266 1684 344 1705; x_wconf 87' lang='lat' dir='ltr'>num</span> <span class='ocrx_word' id='word_1_212' title='bbox 364 1675 494 1705; x_wconf 89' lang='lat' dir='ltr'>veniam</span> <span class='ocrx_word' id='word_1_213' title='bbox 515 1674 742 1713; x_wconf 77' lang='lat' dir='ltr'>indulgemus.</span> <span class='ocrx_word' id='word_1_214' title='bbox 763 1674 821 1703; x_wconf 88' lang='lat' dir='ltr'>Eis</span> <span class='ocrx_word' id='word_1_215' title='bbox 844 1675 955 1703; x_wconf 88' lang='lat' dir='ltr'>autem</span> <span class='ocrx_word' id='word_1_216' title='bbox 974 1673 1031 1711; x_wconf 86' lang='lat' dir='ltr'>qui</span> <span class='ocrx_word' id='word_1_217' title='bbox 1057 1682 1122 1702; x_wconf 88' lang='lat' dir='ltr'>non</span> <span class='ocrx_word' id='word_1_218' title='bbox 1148 1673 1180 1702; x_wconf 93' lang='lat' dir='ltr'>in</span> <span class='ocrx_word' id='word_1_219' title='bbox 1199 1681 1274 1711; x_wconf 89' lang='lat' dir='ltr'>pro-</span> 
     </span>
     <span class='ocr_line' id='line_1_34' title="bbox 265 1725 1272 1767; baseline -0.002 -10"><span class='ocrx_word' id='word_1_220' title='bbox 265 1728 350 1767; x_wconf 88' lang='lat' dir='ltr'>priis</span> <span class='ocrx_word' id='word_1_221' title='bbox 370 1728 449 1757; x_wconf 88' lang='lat' dir='ltr'>illuc</span> <span class='ocrx_word' id='word_1_222' title='bbox 470 1727 674 1757; x_wconf 80' lang='lat' dir='ltr'>accesserint</span> <span class='ocrx_word' id='word_1_223' title='bbox 692 1727 750 1757; x_wconf 88' lang='lat' dir='ltr'>sed</span> <span class='ocrx_word' id='word_1_224' title='bbox 768 1727 801 1756; x_wconf 92' lang='lat' dir='ltr'>in</span> <span class='ocrx_word' id='word_1_225' title='bbox 815 1726 887 1756; x_wconf 88' lang='lat' dir='ltr'>suis</span> <span class='ocrx_word' id='word_1_226' title='bbox 908 1726 1084 1755; x_wconf 85' lang='lat' dir='ltr'>dumtaxat</span> <span class='ocrx_word' id='word_1_227' title='bbox 1101 1725 1272 1764; x_wconf 83' lang='lat' dir='ltr'>expensis,</span> 
     </span>
     <span class='ocr_line' id='line_1_35' title="bbox 262 1779 1274 1819; baseline -0.003 -9"><span class='ocrx_word' id='word_1_228' title='bbox 262 1781 360 1819; x_wconf 82' lang='lat' dir='ltr'>juxta</span> <span class='ocrx_word' id='word_1_229' title='bbox 377 1781 552 1810; x_wconf 79' lang='lat' dir='ltr'>facultates</span> <span class='ocrx_word' id='word_1_230' title='bbox 569 1782 601 1810; x_wconf 84' lang='lat' dir='ltr'>et</span> <span class='ocrx_word' id='word_1_231' title='bbox 620 1780 801 1819; x_wconf 88' lang='lat' dir='ltr'>qualitates</span> <span class='ocrx_word' id='word_1_232' title='bbox 818 1788 909 1813; x_wconf 80' lang='lat' dir='ltr'>suas,</span> <span class='ocrx_word' id='word_1_233' title='bbox 927 1779 1019 1809; x_wconf 85' lang='lat' dir='ltr'>viros</span> <span class='ocrx_word' id='word_1_234' title='bbox 1037 1779 1186 1817; x_wconf 71' lang='lat' dir='ltr'>ydoneos</span> <span class='ocrx_word' id='word_1_235' title='bbox 1201 1779 1274 1808; x_wconf 76' lang='lat' dir='ltr'>des·</span> 
     </span>
     <span class='ocr_line' id='line_1_36' title="bbox 264 1832 1273 1871; baseline -0.002 -8"><span class='ocrx_word' id='word_1_236' title='bbox 264 1834 446 1864; x_wconf 86' lang='lat' dir='ltr'>tinaverint</span> <span class='ocrx_word' id='word_1_237' title='bbox 463 1835 494 1863; x_wconf 90' lang='lat' dir='ltr'>et</span> <span class='ocrx_word' id='word_1_238' title='bbox 515 1834 584 1863; x_wconf 89' lang='lat' dir='ltr'>illis</span> <span class='ocrx_word' id='word_1_239' title='bbox 599 1833 758 1863; x_wconf 88' lang='lat' dir='ltr'>similiter</span> <span class='ocrx_word' id='word_1_240' title='bbox 775 1832 941 1871; x_wconf 53' lang='lat' dir='ltr'>‹111i,;licet,</span> <span class='ocrx_word' id='word_1_241' title='bbox 960 1833 992 1862; x_wconf 92' lang='lat' dir='ltr'>in</span> <span class='ocrx_word' id='word_1_242' title='bbox 1011 1832 1132 1862; x_wconf 87' lang='lat' dir='ltr'>alienis</span> <span class='ocrx_word' id='word_1_243' title='bbox 1150 1840 1273 1870; x_wconf 87' lang='lat' dir='ltr'>expen-</span> 
     </span>
     <span class='ocr_line' id='line_1_37' title="bbox 265 1885 1273 1925; baseline -0.002 -9"><span class='ocrx_word' id='word_1_244' title='bbox 265 1887 324 1923; x_wconf 86' lang='lat' dir='ltr'>sis,</span> <span class='ocrx_word' id='word_1_245' title='bbox 343 1887 376 1916; x_wconf 88' lang='lat' dir='ltr'>in</span> <span class='ocrx_word' id='word_1_246' title='bbox 405 1887 552 1925; x_wconf 85' lang='lat' dir='ltr'>propriis</span> <span class='ocrx_word' id='word_1_247' title='bbox 579 1888 691 1916; x_wconf 86' lang='lat' dir='ltr'>tamen</span> <span class='ocrx_word' id='word_1_248' title='bbox 722 1886 877 1924; x_wconf 89' lang='lat' dir='ltr'>personis</span> <span class='ocrx_word' id='word_1_249' title='bbox 895 1885 1110 1921; x_wconf 83' lang='lat' dir='ltr'>accesserint,</span> <span class='ocrx_word' id='word_1_250' title='bbox 1137 1885 1273 1923; x_wconf 87' lang='lat' dir='ltr'>plenam</span> 
     </span>
     <span class='ocr_line' id='line_1_38' title="bbox 265 1938 1271 1977; baseline -0.004 -7"><span class='ocrx_word' id='word_1_251' title='bbox 265 1948 403 1970; x_wconf 86' lang='lat' dir='ltr'>suorum</span> <span class='ocrx_word' id='word_1_252' title='bbox 421 1940 635 1970; x_wconf 75' lang='lat' dir='ltr'>concedimus</span> <span class='ocrx_word' id='word_1_253' title='bbox 664 1939 795 1969; x_wconf 87' lang='lat' dir='ltr'>veniam</span> <span class='ocrx_word' id='word_1_254' title='bbox 822 1940 1047 1977; x_wconf 86' lang='lat' dir='ltr'>peccatorum.</span> <span class='ocrx_word' id='word_1_255' title='bbox 1068 1938 1271 1976; x_wconf 88' lang='lat' dir='ltr'>Hujusmodi</span> 
     </span>
     <span class='ocr_line' id='line_1_39' title="bbox 265 1990 1273 2031; baseline -0.003 -9"><span class='ocrx_word' id='word_1_256' title='bbox 265 2001 397 2031; x_wconf 88' lang='lat' dir='ltr'>quoque</span> <span class='ocrx_word' id='word_1_257' title='bbox 414 1992 627 2022; x_wconf 84' lang='lat' dir='ltr'>remissionis</span> <span class='ocrx_word' id='word_1_258' title='bbox 647 1991 804 2021; x_wconf 83' lang='lat' dir='ltr'>volumus</span> <span class='ocrx_word' id='word_1_259' title='bbox 819 1992 849 2020; x_wconf 87' lang='lat' dir='ltr'>et</span> <span class='ocrx_word' id='word_1_260' title='bbox 871 1990 1086 2020; x_wconf 78' lang='lat' dir='ltr'>concedimus</span> <span class='ocrx_word' id='word_1_261' title='bbox 1106 1999 1180 2020; x_wconf 87' lang='lat' dir='ltr'>esse</span> <span class='ocrx_word' id='word_1_262' title='bbox 1198 1999 1273 2028; x_wconf 88' lang='lat' dir='ltr'>par-</span> 
     </span>
     <span class='ocr_line' id='line_1_40' title="bbox 263 2043 1271 2083; baseline -0.001 -9"><span class='ocrx_word' id='word_1_263' title='bbox 263 2045 395 2083; x_wconf 82' lang='lat' dir='ltr'>ticipes,</span> <span class='ocrx_word' id='word_1_264' title='bbox 409 2045 505 2083; x_wconf 83' lang='lat' dir='ltr'>juxta</span> <span class='ocrx_word' id='word_1_265' title='bbox 522 2045 742 2083; x_wconf 80' lang='lat' dir='ltr'>quantitatem</span> <span class='ocrx_word' id='word_1_266' title='bbox 761 2043 905 2073; x_wconf 84' lang='lat' dir='ltr'>subsidii</span> <span class='ocrx_word' id='word_1_267' title='bbox 918 2045 949 2073; x_wconf 85' lang='lat' dir='ltr'>et</span> <span class='ocrx_word' id='word_1_268' title='bbox 966 2043 1156 2073; x_wconf 82' lang='lat' dir='ltr'>dovotionis</span> <span class='ocrx_word' id='word_1_269' title='bbox 1177 2044 1271 2073; x_wconf 86' lang='lat' dir='ltr'>atl&#39;ec-</span> 
     </span>
     <span class='ocr_line' id='line_1_41' title="bbox 264 2096 1271 2136; baseline -0.003 -8"><span class='ocrx_word' id='word_1_270' title='bbox 264 2098 348 2133; x_wconf 83' lang='lat' dir='ltr'>tum,</span> <span class='ocrx_word' id='word_1_271' title='bbox 378 2107 494 2128; x_wconf 91' lang='lat' dir='ltr'>omnes</span> <span class='ocrx_word' id='word_1_272' title='bbox 526 2098 583 2136; x_wconf 89' lang='lat' dir='ltr'>qui</span> <span class='ocrx_word' id='word_1_273' title='bbox 612 2098 653 2127; x_wconf 92' lang='lat' dir='ltr'>ad</span> <span class='ocrx_word' id='word_1_274' title='bbox 684 2097 940 2127; x_wconf 80' lang='lat' dir='ltr'>subventionem</span> <span class='ocrx_word' id='word_1_275' title='bbox 977 2096 1087 2134; x_wconf 87' lang='lat' dir='ltr'>ipsius</span> <span class='ocrx_word' id='word_1_276' title='bbox 1117 2098 1205 2126; x_wconf 88' lang='lat' dir='ltr'>terre</span> <span class='ocrx_word' id='word_1_277' title='bbox 1231 2096 1271 2126; x_wconf 92' lang='lat' dir='ltr'>de</span> 
     </span>
     <span class='ocr_line' id='line_1_42' title="bbox 263 2149 1271 2189; baseline 0 -10"><span class='ocrx_word' id='word_1_278' title='bbox 263 2150 360 2180; x_wconf 86' lang='lat' dir='ltr'>bonis</span> <span class='ocrx_word' id='word_1_279' title='bbox 379 2151 451 2180; x_wconf 83' lang='lat' dir='ltr'>suis</span> <span class='ocrx_word' id='word_1_280' title='bbox 469 2151 617 2189; x_wconf 85' lang='lat' dir='ltr'>aliquam</span> <span class='ocrx_word' id='word_1_281' title='bbox 638 2150 827 2189; x_wconf 86' lang='lat' dir='ltr'>portionem</span> <span class='ocrx_word' id='word_1_282' title='bbox 850 2149 902 2178; x_wconf 88' lang='lat' dir='ltr'>vel</span> <span class='ocrx_word' id='word_1_283' title='bbox 926 2149 1010 2179; x_wconf 89' lang='lat' dir='ltr'>alias</span> <span class='ocrx_word' id='word_1_284' title='bbox 1034 2149 1213 2179; x_wconf 84' lang='lat' dir='ltr'>consilium</span> <span class='ocrx_word' id='word_1_285' title='bbox 1240 2150 1271 2179; x_wconf 87' lang='lat' dir='ltr'>et</span> 
     </span>
     <span class='ocr_line' id='line_1_43' title="bbox 264 2201 1269 2242; baseline -0.003 -9"><span class='ocrx_word' id='word_1_286' title='bbox 264 2204 430 2234; x_wconf 83' lang='lat' dir='ltr'>auxilium</span> <span class='ocrx_word' id='word_1_287' title='bbox 462 2204 688 2242; x_wconf 86' lang='lat' dir='ltr'>impenderint</span> <span class='ocrx_word' id='word_1_288' title='bbox 721 2204 936 2241; x_wconf 87' lang='lat' dir='ltr'>oportunum.</span> <span class='ocrx_word' id='word_1_289' title='bbox 967 2202 1135 2232; x_wconf 77' lang='lat' dir='ltr'>Volumus</span> <span class='ocrx_word' id='word_1_290' title='bbox 1167 2201 1269 2231; x_wconf 85' lang='lat' dir='ltr'>etiam</span> 
     </span>
     <span class='ocr_line' id='line_1_44' title="bbox 263 2254 1269 2296; baseline -0.002 -10"><span class='ocrx_word' id='word_1_291' title='bbox 263 2257 511 2296; x_wconf 79' lang='lat' dir='ltr'>crucesignatos</span> <span class='ocrx_word' id='word_1_292' title='bbox 534 2257 592 2287; x_wconf 85' lang='lat' dir='ltr'>illo</span> <span class='ocrx_word' id='word_1_293' title='bbox 610 2256 788 2295; x_wconf 90' lang='lat' dir='ltr'>privilegio</span> <span class='ocrx_word' id='word_1_294' title='bbox 804 2256 930 2294; x_wconf 88' lang='lat' dir='ltr'>illaque</span> <span class='ocrx_word' id='word_1_295' title='bbox 951 2254 1166 2284; x_wconf 89' lang='lat' dir='ltr'>immunitate</span> <span class='ocrx_word' id='word_1_296' title='bbox 1190 2263 1269 2293; x_wconf 88' lang='lat' dir='ltr'>gau-</span> 
     </span>
     <span class='ocr_line' id='line_1_45' title="bbox 262 2307 1269 2349; baseline -0.002 -10"><span class='ocrx_word' id='word_1_297' title='bbox 262 2309 339 2339; x_wconf 89' lang='lat' dir='ltr'>dere</span> <span class='ocrx_word' id='word_1_298' title='bbox 366 2319 429 2348; x_wconf 87' lang='lat' dir='ltr'>que</span> <span class='ocrx_word' id='word_1_299' title='bbox 460 2310 495 2339; x_wconf 90' lang='lat' dir='ltr'>in</span> <span class='ocrx_word' id='word_1_300' title='bbox 522 2309 671 2349; x_wconf 86' lang='lat' dir='ltr'>generali</span> <span class='ocrx_word' id='word_1_301' title='bbox 706 2309 1018 2347; x_wconf 84' lang='lat' dir='ltr'>crucesignatorum</span> <span class='ocrx_word' id='word_1_302' title='bbox 1059 2307 1269 2346; x_wconf 82' lang='lat' dir='ltr'>indulgentia</span> 
     </span>
     <span class='ocr_line' id='line_1_46' title="bbox 260 2363 461 2393; baseline 0 -1"><span class='ocrx_word' id='word_1_303' title='bbox 260 2363 461 2393; x_wconf 85' lang='lat' dir='ltr'>continetur.</span> 
     </span>
    </p>

    <p class='ocr_par' dir='ltr' id='par_1_10' title="bbox 256 2413 1268 2720">
     <span class='ocr_line' id='line_1_47' title="bbox 300 2413 1268 2452; baseline -0.004 -6"><span class='ocrx_word' id='word_1_304' title='bbox 300 2416 344 2446; x_wconf 90' lang='lat' dir='ltr'>Ut</span> <span class='ocrx_word' id='word_1_305' title='bbox 383 2417 493 2445; x_wconf 78' lang='lat' dir='ltr'>autom</span> <span class='ocrx_word' id='word_1_306' title='bbox 527 2415 747 2446; x_wconf 79' lang='lat' dir='ltr'>commissum</span> <span class='ocrx_word' id='word_1_307' title='bbox 782 2413 843 2444; x_wconf 89' lang='lat' dir='ltr'>tibi</span> <span class='ocrx_word' id='word_1_308' title='bbox 882 2413 1075 2452; x_wconf 87' lang='lat' dir='ltr'>hujusmodi</span> <span class='ocrx_word' id='word_1_309' title='bbox 1115 2413 1268 2443; x_wconf 88' lang='lat' dir='ltr'>ministe—</span> 
     </span>
     <span class='ocr_line' id='line_1_48' title="bbox 259 2466 1267 2507; baseline -0.002 -10"><span class='ocrx_word' id='word_1_310' title='bbox 259 2467 348 2498; x_wconf 89' lang='lat' dir='ltr'>rium</span> <span class='ocrx_word' id='word_1_311' title='bbox 376 2467 510 2498; x_wconf 78' lang='lat' dir='ltr'>facilius</span> <span class='ocrx_word' id='word_1_312' title='bbox 533 2468 655 2507; x_wconf 80' lang='lat' dir='ltr'>exequi</span> <span class='ocrx_word' id='word_1_313' title='bbox 672 2467 796 2503; x_wconf 80' lang='lat' dir='ltr'>valeas,</span> <span class='ocrx_word' id='word_1_314' title='bbox 809 2466 871 2497; x_wconf 90' lang='lat' dir='ltr'>tibi</span> <span class='ocrx_word' id='word_1_315' title='bbox 890 2467 922 2496; x_wconf 92' lang='lat' dir='ltr'>et</span> <span class='ocrx_word' id='word_1_316' title='bbox 944 2466 1109 2504; x_wconf 81' lang='lat' dir='ltr'>predictis</span> <span class='ocrx_word' id='word_1_317' title='bbox 1129 2474 1214 2504; x_wconf 88' lang='lat' dir='ltr'>quos</span> <span class='ocrx_word' id='word_1_318' title='bbox 1232 2466 1267 2495; x_wconf 90' lang='lat' dir='ltr'>in</span> 
     </span>
     <span class='ocr_line' id='line_1_49' title="bbox 258 2518 1266 2560; baseline -0.004 -9"><span class='ocrx_word' id='word_1_319' title='bbox 258 2520 319 2551; x_wconf 92' lang='lat' dir='ltr'>hoc</span> <span class='ocrx_word' id='word_1_320' title='bbox 334 2523 567 2560; x_wconf 80' lang='lat' dir='ltr'>cooperatores</span> <span class='ocrx_word' id='word_1_321' title='bbox 586 2519 955 2560; x_wconf 86' lang='lat' dir='ltr'>elegeris,convocandi</span> <span class='ocrx_word' id='word_1_322' title='bbox 973 2518 1014 2549; x_wconf 90' lang='lat' dir='ltr'>ob</span> <span class='ocrx_word' id='word_1_323' title='bbox 1032 2519 1079 2554; x_wconf 90' lang='lat' dir='ltr'>id,</span> <span class='ocrx_word' id='word_1_324' title='bbox 1094 2519 1266 2557; x_wconf 81' lang='lat' dir='ltr'>quotiens-</span> 
     </span>
     <span class='ocr_line' id='line_1_50' title="bbox 258 2571 1267 2613; baseline -0.002 -9"><span class='ocrx_word' id='word_1_325' title='bbox 258 2582 400 2613; x_wconf 86' lang='lat' dir='ltr'>cumque</span> <span class='ocrx_word' id='word_1_326' title='bbox 437 2575 468 2605; x_wconf 89' lang='lat' dir='ltr'>et</span> <span class='ocrx_word' id='word_1_327' title='bbox 497 2574 700 2613; x_wconf 88' lang='lat' dir='ltr'>ubicumque</span> <span class='ocrx_word' id='word_1_328' title='bbox 733 2573 861 2603; x_wconf 88' lang='lat' dir='ltr'>videris</span> <span class='ocrx_word' id='word_1_329' title='bbox 890 2572 1061 2611; x_wconf 81' lang='lat' dir='ltr'>expedire,</span> <span class='ocrx_word' id='word_1_330' title='bbox 1092 2571 1201 2601; x_wconf 77' lang='lat' dir='ltr'>cleros</span> <span class='ocrx_word' id='word_1_331' title='bbox 1235 2573 1267 2602; x_wconf 88' lang='lat' dir='ltr'>et-</span> 
     </span>
     <span class='ocr_line' id='line_1_51' title="bbox 256 2625 1265 2667; baseline -0.004 -9"><span class='ocrx_word' id='word_1_332' title='bbox 256 2628 400 2667; x_wconf 91' lang='lat' dir='ltr'>populos</span> <span class='ocrx_word' id='word_1_333' title='bbox 415 2627 564 2658; x_wconf 91' lang='lat' dir='ltr'>locorum</span> <span class='ocrx_word' id='word_1_334' title='bbox 583 2627 615 2657; x_wconf 91' lang='lat' dir='ltr'>in</span> <span class='ocrx_word' id='word_1_335' title='bbox 630 2626 754 2666; x_wconf 87' lang='lat' dir='ltr'>quibus</span> <span class='ocrx_word' id='word_1_336' title='bbox 766 2627 799 2656; x_wconf 89' lang='lat' dir='ltr'>te</span> <span class='ocrx_word' id='word_1_337' title='bbox 812 2625 867 2655; x_wconf 84' lang='lat' dir='ltr'>vel</span> <span class='ocrx_word' id='word_1_338' title='bbox 884 2625 977 2664; x_wconf 89' lang='lat' dir='ltr'>ipsos</span> <span class='ocrx_word' id='word_1_339' title='bbox 991 2633 1178 2663; x_wconf 87' lang='lat' dir='ltr'>proponere</span> <span class='ocrx_word' id='word_1_340' title='bbox 1191 2633 1265 2654; x_wconf 90' lang='lat' dir='ltr'>con-</span> 
     </span>
     <span class='ocr_line' id='line_1_52' title="bbox 256 2677 1267 2720; baseline -0.003 -9"><span class='ocrx_word' id='word_1_341' title='bbox 256 2681 369 2720; x_wconf 85' lang='lat' dir='ltr'>tigerit</span> <span class='ocrx_word' id='word_1_342' title='bbox 385 2680 525 2711; x_wconf 88' lang='lat' dir='ltr'>verbum</span> <span class='ocrx_word' id='word_1_343' title='bbox 544 2681 670 2716; x_wconf 76' lang='lat' dir='ltr'>Crucis,</span> <span class='ocrx_word' id='word_1_344' title='bbox 697 2681 733 2710; x_wconf 86' lang='lat' dir='ltr'>ut</span> <span class='ocrx_word' id='word_1_345' title='bbox 757 2677 1052 2718; x_wconf 76' lang='lat' dir='ltr'>processionaliter</span> <span class='ocrx_word' id='word_1_346' title='bbox 1077 2686 1152 2707; x_wconf 84' lang='lat' dir='ltr'>cum</span> <span class='ocrx_word' id='word_1_347' title='bbox 1169 2677 1267 2708; x_wconf 85' lang='lat' dir='ltr'>‹levo-</span> 
     </span>
    </p>
   </div>
   <div class='ocr_carea' id='block_1_10' title="bbox 256 2730 1296 2772">
    <p class='ocr_par' dir='ltr' id='par_1_11' title="bbox 256 2730 1296 2772">
     <span class='ocr_line' id='line_1_53' title="bbox 256 2730 1296 2772; baseline -0.005 -8"><span class='ocrx_word' id='word_1_348' title='bbox 256 2733 346 2765; x_wconf 83' lang='lat' dir='ltr'>tione</span> <span class='ocrx_word' id='word_1_349' title='bbox 364 2735 560 2764; x_wconf 84' lang='lat' dir='ltr'>conveniant</span> <span class='ocrx_word' id='word_1_350' title='bbox 577 2734 609 2763; x_wconf 86' lang='lat' dir='ltr'>et</span> <span class='ocrx_word' id='word_1_351' title='bbox 631 2731 918 2772; x_wconf 77' lang='lat' dir='ltr'>predicationibus</span> <span class='ocrx_word' id='word_1_352' title='bbox 942 2731 1066 2761; x_wconf 87' lang='lat' dir='ltr'>vestris</span> <span class='ocrx_word' id='word_1_353' title='bbox 1095 2730 1265 2766; x_wconf 83' lang='lat' dir='ltr'>intersint,</span> <span class='ocrx_word' id='word_1_354' title='bbox 1295 2750 1296 2759; x_wconf 43' lang='lat'>1</span> 
     </span>
    </p>
   </div>
   <div class='ocr_carea' id='block_1_11' title="bbox 257 2783 1265 2931">
    <p class='ocr_par' dir='ltr' id='par_1_12' title="bbox 257 2783 1265 2931">
     <span class='ocr_line' id='line_1_54' title="bbox 258 2783 1264 2825; baseline -0.004 -8"><span class='ocrx_word' id='word_1_355' title='bbox 258 2795 294 2817; x_wconf 89' lang='lat' dir='ltr'>ac</span> <span class='ocrx_word' id='word_1_356' title='bbox 312 2795 370 2825; x_wconf 90' lang='lat' dir='ltr'>pro</span> <span class='ocrx_word' id='word_1_357' title='bbox 393 2787 519 2817; x_wconf 84' lang='lat' dir='ltr'>eisdem</span> <span class='ocrx_word' id='word_1_358' title='bbox 545 2785 832 2825; x_wconf 87' lang='lat' dir='ltr'>predicationibus</span> <span class='ocrx_word' id='word_1_359' title='bbox 849 2784 962 2820; x_wconf 79' lang='lat' dir='ltr'>serias,</span> <span class='ocrx_word' id='word_1_360' title='bbox 989 2785 1089 2822; x_wconf 90' lang='lat' dir='ltr'>prout</span> <span class='ocrx_word' id='word_1_361' title='bbox 1106 2783 1264 2822; x_wconf 81' lang='lat' dir='ltr'>expedire.</span> 
     </span>
     <span class='ocr_line' id='line_1_55' title="bbox 258 2835 1265 2877; baseline -0.003 -8"><span class='ocrx_word' id='word_1_362' title='bbox 258 2839 393 2874; x_wconf 80' lang='lat' dir='ltr'>videris,</span> <span class='ocrx_word' id='word_1_363' title='bbox 411 2839 590 2875; x_wconf 87' lang='lat' dir='ltr'>indicendi,</span> <span class='ocrx_word' id='word_1_364' title='bbox 618 2838 819 2869; x_wconf 85' lang='lat' dir='ltr'>concedendi</span> <span class='ocrx_word' id='word_1_365' title='bbox 845 2846 977 2877; x_wconf 87' lang='lat' dir='ltr'>quoque</span> <span class='ocrx_word' id='word_1_366' title='bbox 1010 2835 1167 2867; x_wconf 87' lang='lat' dir='ltr'>omnibus</span> <span class='ocrx_word' id='word_1_367' title='bbox 1187 2844 1265 2866; x_wconf 88' lang='lat' dir='ltr'>vere</span> 
     </span>
     <span class='ocr_line' id='line_1_56' title="bbox 257 2889 1262 2931; baseline -0.004 -9"><span class='ocrx_word' id='word_1_368' title='bbox 257 2891 485 2931; x_wconf 82' lang='lat' dir='ltr'>penitentibus</span> <span class='ocrx_word' id='word_1_369' title='bbox 499 2894 530 2922; x_wconf 90' lang='lat' dir='ltr'>et</span> <span class='ocrx_word' id='word_1_370' title='bbox 547 2892 724 2928; x_wconf 85' lang='lat' dir='ltr'>confessis,</span> <span class='ocrx_word' id='word_1_371' title='bbox 738 2891 794 2931; x_wconf 88' lang='lat' dir='ltr'>qui</span> <span class='ocrx_word' id='word_1_372' title='bbox 805 2891 845 2921; x_wconf 90' lang='lat' dir='ltr'>ad</span> <span class='ocrx_word' id='word_1_373' title='bbox 860 2890 994 2921; x_wconf 86' lang='lat' dir='ltr'>casdem</span> <span class='ocrx_word' id='word_1_374' title='bbox 1004 2889 1262 2920; x_wconf 84' lang='lat' dir='ltr'>convocationes</span> 
     </span>
    </p>
   </div>
   <div class='ocr_carea' id='block_1_12' title="bbox 1297 767 1312 2790">
    <p class='ocr_par' dir='ltr' id='par_1_13' title="bbox 1297 767 1312 2790">
     <span class='ocr_line' id='line_1_57' title="bbox 1297 767 1312 2790; baseline 0 0"><span class='ocrx_word' id='word_1_375' title='bbox 1297 767 1312 2790; x_wconf 95' lang='lat' dir='ltr'> </span> 
     </span>
    </p>
   </div>
   <div class='ocr_carea' id='block_1_13' title="bbox 1336 351 2350 708">
    <p class='ocr_par' dir='ltr' id='par_1_14' title="bbox 1336 351 2350 708">
     <span class='ocr_line' id='line_1_58' title="bbox 1337 351 2346 393; baseline 0.004 -12"><span class='ocrx_word' id='word_1_376' title='bbox 1337 351 1580 390; x_wconf 83' lang='lat' dir='ltr'>indulgentiam</span> <span class='ocrx_word' id='word_1_377' title='bbox 1598 352 1733 390; x_wconf 86' lang='lat' dir='ltr'>plenam</span> <span class='ocrx_word' id='word_1_378' title='bbox 1757 352 1971 383; x_wconf 86' lang='lat' dir='ltr'>concedimus</span> <span class='ocrx_word' id='word_1_379' title='bbox 1995 354 2192 384; x_wconf 86' lang='lat' dir='ltr'>auctoritate</span> <span class='ocrx_word' id='word_1_380' title='bbox 2210 363 2346 393; x_wconf 88' lang='lat' dir='ltr'>presen-</span> 
     </span>
     <span class='ocr_line' id='line_1_59' title="bbox 1336 404 2347 445; baseline 0.004 -11"><span class='ocrx_word' id='word_1_381' title='bbox 1336 404 1423 434; x_wconf 88' lang='lat' dir='ltr'>tium</span> <span class='ocrx_word' id='word_1_382' title='bbox 1436 406 1647 443; x_wconf 87' lang='lat' dir='ltr'>potestatem.</span> <span class='ocrx_word' id='word_1_383' title='bbox 1662 405 1736 435; x_wconf 84' lang='lat' dir='ltr'>Non</span> <span class='ocrx_word' id='word_1_384' title='bbox 1751 404 1906 435; x_wconf 84' lang='lat' dir='ltr'>obstante</span> <span class='ocrx_word' id='word_1_385' title='bbox 1922 407 1948 435; x_wconf 90' lang='lat' dir='ltr'>si</span> <span class='ocrx_word' id='word_1_386' title='bbox 1964 406 2148 444; x_wconf 85' lang='lat' dir='ltr'>aliquibus,</span> <span class='ocrx_word' id='word_1_387' title='bbox 2161 407 2347 445; x_wconf 84' lang='lat' dir='ltr'>cujuscum-</span> 
     </span>
     <span class='ocr_line' id='line_1_60' title="bbox 1339 457 2348 497; baseline 0.004 -11"><span class='ocrx_word' id='word_1_388' title='bbox 1339 466 1402 496; x_wconf 86' lang='lat' dir='ltr'>que</span> <span class='ocrx_word' id='word_1_389' title='bbox 1418 457 1546 487; x_wconf 88' lang='lat' dir='ltr'>ordinis</span> <span class='ocrx_word' id='word_1_390' title='bbox 1562 458 1612 487; x_wconf 85' lang='lat' dir='ltr'>vel</span> <span class='ocrx_word' id='word_1_391' title='bbox 1631 457 1807 496; x_wconf 85' lang='lat' dir='ltr'>dignitatis</span> <span class='ocrx_word' id='word_1_392' title='bbox 1817 458 1975 494; x_wconf 71' lang='lat' dir='ltr'>existant,</span> <span class='ocrx_word' id='word_1_393' title='bbox 1991 459 2081 497; x_wconf 85' lang='lat' dir='ltr'>quod</span> <span class='ocrx_word' id='word_1_394' title='bbox 2093 459 2259 495; x_wconf 85' lang='lat' dir='ltr'>interdici,</span> <span class='ocrx_word' id='word_1_395' title='bbox 2275 468 2348 490; x_wconf 88' lang='lat' dir='ltr'>sus—</span> 
     </span>
     <span class='ocr_line' id='line_1_61' title="bbox 1338 510 2348 551; baseline 0.004 -12"><span class='ocrx_word' id='word_1_396' title='bbox 1338 510 1438 548; x_wconf 86' lang='lat' dir='ltr'>pendi</span> <span class='ocrx_word' id='word_1_397' title='bbox 1456 510 1509 540; x_wconf 81' lang='lat' dir='ltr'>vel</span> <span class='ocrx_word' id='word_1_398' title='bbox 1536 511 1782 540; x_wconf 69' lang='lat' dir='ltr'>excomunivari</span> <span class='ocrx_word' id='word_1_399' title='bbox 1815 513 1981 549; x_wconf 86' lang='lat' dir='ltr'>nequeant</span> <span class='ocrx_word' id='word_1_400' title='bbox 2012 520 2031 541; x_wconf 91' lang='lat' dir='ltr'>a</span> <span class='ocrx_word' id='word_1_401' title='bbox 2053 512 2131 542; x_wconf 87' lang='lat' dir='ltr'>sede</span> <span class='ocrx_word' id='word_1_402' title='bbox 2161 512 2348 551; x_wconf 82' lang='lat' dir='ltr'>apostolica</span> 
     </span>
     <span class='ocr_line' id='line_1_62' title="bbox 1339 563 2348 604; baseline 0.003 -12"><span class='ocrx_word' id='word_1_403' title='bbox 1339 563 1384 592; x_wconf 89' lang='lat' dir='ltr'>sit</span> <span class='ocrx_word' id='word_1_404' title='bbox 1400 563 1581 599; x_wconf 84' lang='lat' dir='ltr'>indultum,</span> <span class='ocrx_word' id='word_1_405' title='bbox 1603 566 1633 593; x_wconf 85' lang='lat' dir='ltr'>ct</span> <span class='ocrx_word' id='word_1_406' title='bbox 1659 563 1867 602; x_wconf 86' lang='lat' dir='ltr'>quibuslibet</span> <span class='ocrx_word' id='word_1_407' title='bbox 1893 564 2126 603; x_wconf 84' lang='lat' dir='ltr'>indulgentiis,</span> <span class='ocrx_word' id='word_1_408' title='bbox 2156 565 2348 604; x_wconf 87' lang='lat' dir='ltr'>privilegiis</span> 
     </span>
     <span class='ocr_line' id='line_1_63' title="bbox 1339 615 2348 656; baseline 0.004 -12"><span class='ocrx_word' id='word_1_409' title='bbox 1339 623 1399 645; x_wconf 89' lang='lat' dir='ltr'>seu</span> <span class='ocrx_word' id='word_1_410' title='bbox 1414 615 1539 645; x_wconf 88' lang='lat' dir='ltr'>litteris</span> <span class='ocrx_word' id='word_1_411' title='bbox 1555 616 1595 645; x_wconf 90' lang='lat' dir='ltr'>ab</span> <span class='ocrx_word' id='word_1_412' title='bbox 1613 617 1727 645; x_wconf 81' lang='lat' dir='ltr'>eadem</span> <span class='ocrx_word' id='word_1_413' title='bbox 1746 616 1894 646; x_wconf 83' lang='lat' dir='ltr'>obtentis</span> <span class='ocrx_word' id='word_1_414' title='bbox 1910 616 1962 646; x_wconf 89' lang='lat' dir='ltr'>vel</span> <span class='ocrx_word' id='word_1_415' title='bbox 1980 616 2186 653; x_wconf 87' lang='lat' dir='ltr'>obtinendis,</span> <span class='ocrx_word' id='word_1_416' title='bbox 2207 627 2267 656; x_wconf 85' lang='lat' dir='ltr'>per</span> <span class='ocrx_word' id='word_1_417' title='bbox 2284 627 2348 656; x_wconf 87' lang='lat' dir='ltr'>que</span> 
     </span>
     <span class='ocr_line' id='line_1_64' title="bbox 1338 669 2350 708; baseline 0.002 -10"><span class='ocrx_word' id='word_1_418' title='bbox 1338 669 1488 706; x_wconf 88' lang='lat' dir='ltr'>predicta</span> <span class='ocrx_word' id='word_1_419' title='bbox 1508 669 1663 707; x_wconf 89' lang='lat' dir='ltr'>impediri</span> <span class='ocrx_word' id='word_1_420' title='bbox 1683 670 1734 699; x_wconf 83' lang='lat' dir='ltr'>vel</span> <span class='ocrx_word' id='word_1_421' title='bbox 1750 669 1940 699; x_wconf 86' lang='lat' dir='ltr'>defraudari</span> <span class='ocrx_word' id='word_1_422' title='bbox 1961 670 2093 708; x_wconf 79' lang='lat' dir='ltr'>possint</span> <span class='ocrx_word' id='word_1_423' title='bbox 2111 672 2142 700; x_wconf 88' lang='lat' dir='ltr'>et</span> <span class='ocrx_word' id='word_1_424' title='bbox 2160 671 2200 700; x_wconf 85' lang='lat' dir='ltr'>de</span> <span class='ocrx_word' id='word_1_425' title='bbox 2225 670 2350 708; x_wconf 87' lang='lat' dir='ltr'>quibus</span> 
     </span>
    </p>
   </div>
   <div class='ocr_carea' id='block_1_14' title="bbox 1307 774 2347 815">
    <p class='ocr_par' dir='ltr' id='par_1_15' title="bbox 1307 774 2347 815">
     <span class='ocr_line' id='line_1_65' title="bbox 1307 774 2347 815; baseline 0.004 -13"><span class='ocrx_word' id='word_1_426' title='bbox 1307 798 1308 815; x_wconf 20' lang='grc' dir='ltr'>ἒ</span> <span class='ocrx_word' id='word_1_427' title='bbox 1337 791 1386 803; x_wconf 92' lang='grc'>-.</span> <span class='ocrx_word' id='word_1_428' title='bbox 1406 774 1530 803; x_wconf 90' lang='lat' dir='ltr'>Datum</span> <span class='ocrx_word' id='word_1_429' title='bbox 1549 775 1638 812; x_wconf 89' lang='lat' dir='ltr'>apud</span> <span class='ocrx_word' id='word_1_430' title='bbox 1662 775 1950 812; x_wconf 83' lang='lat' dir='ltr'>Urbemveterem,</span> <span class='ocrx_word' id='word_1_431' title='bbox 1970 776 2046 805; x_wconf 84' lang='lat' dir='ltr'>idus</span> <span class='ocrx_word' id='word_1_432' title='bbox 2065 775 2239 812; x_wconf 80' lang='lat' dir='ltr'>februarii,</span> <span class='ocrx_word' id='word_1_433' title='bbox 2261 784 2347 806; x_wconf 84' lang='lat' dir='ltr'>anno</span> 
     </span>
    </p>
   </div>
   <div class='ocr_carea' id='block_1_15' title="bbox 1338 826 1534 856">
    <p class='ocr_par' dir='ltr' id='par_1_16' title="bbox 1338 826 1534 856">
     <span class='ocr_line' id='line_1_66' title="bbox 1338 826 1534 856; baseline -0.005 -1"><span class='ocrx_word' id='word_1_434' title='bbox 1338 826 1495 856; x_wconf 88' lang='lat' dir='ltr'>secundo.</span> <span class='ocrx_word' id='word_1_435' title='bbox 1519 837 1534 855; x_wconf 67' lang='lat' dir='ltr'>n</span> 
     </span>
    </p>
   </div>
   <div class='ocr_carea' id='block_1_16' title="bbox 1423 1042 1496 1073">
    <p class='ocr_par' dir='ltr' id='par_1_17' title="bbox 1423 1042 1496 1073">
     <span class='ocr_line' id='line_1_67' title="bbox 1423 1042 1496 1073; baseline -0.014 0"><span class='ocrx_word' id='word_1_436' title='bbox 1423 1042 1496 1073; x_wconf 79' lang='lat'>312</span> 
     </span>
    </p>
   </div>
   <div class='ocr_carea' id='block_1_17' title="bbox 1335 1129 2347 1262">
    <p class='ocr_par' dir='ltr' id='par_1_18' title="bbox 1335 1129 2347 1262">
     <span class='ocr_line' id='line_1_68' title="bbox 1370 1129 2347 1164; baseline 0.002 -7"><span class='ocrx_word' id='word_1_437' title='bbox 1370 1130 1499 1157; x_wconf 87' lang='lat' dir='ltr'>Decernit</span> <span class='ocrx_word' id='word_1_438' title='bbox 1517 1129 1627 1155; x_wconf 90' lang='lat' dir='ltr'>nullum</span> <span class='ocrx_word' id='word_1_439' title='bbox 1641 1129 1821 1156; x_wconf 88' lang='lat' dir='ltr'>obstaculum</span> <span class='ocrx_word' id='word_1_440' title='bbox 1840 1137 1874 1155; x_wconf 77' lang='lat' dir='ltr'>ex</span> <span class='ocrx_word' id='word_1_441' title='bbox 1885 1132 1965 1163; x_wconf 84' lang='lat' dir='ltr'>parte</span> <span class='ocrx_word' id='word_1_442' title='bbox 1982 1132 2165 1156; x_wconf 82' lang='lat' dir='ltr'>executorum</span> <span class='ocrx_word' id='word_1_443' title='bbox 2179 1131 2347 1164; x_wconf 67' lang='lat' dir='ltr'>apostolicae</span> 
     </span>
     <span class='ocr_line' id='line_1_69' title="bbox 1335 1177 2347 1213; baseline 0.001 -8"><span class='ocrx_word' id='word_1_444' title='bbox 1335 1179 1420 1212; x_wconf 86' lang='lat' dir='ltr'>sedis,</span> <span class='ocrx_word' id='word_1_445' title='bbox 1439 1178 1564 1209; x_wconf 63' lang='lat' dir='ltr'>alberio,</span> <span class='ocrx_word' id='word_1_446' title='bbox 1580 1177 1745 1212; x_wconf 62' lang='lat' dir='ltr'>apostolicae</span> <span class='ocrx_word' id='word_1_447' title='bbox 1760 1178 1836 1205; x_wconf 83' lang='lat' dir='ltr'>sedis</span> <span class='ocrx_word' id='word_1_448' title='bbox 1854 1178 1958 1212; x_wconf 80' lang='lat' dir='ltr'>legato,</span> <span class='ocrx_word' id='word_1_449' title='bbox 1982 1178 2011 1204; x_wconf 91' lang='lat' dir='ltr'>in</span> <span class='ocrx_word' id='word_1_450' title='bbox 2031 1178 2184 1213; x_wconf 80' lang='lat' dir='ltr'>legationis</span> <span class='ocrx_word' id='word_1_451' title='bbox 2203 1187 2262 1206; x_wconf 84' lang='lat' dir='ltr'>suae</span> <span class='ocrx_word' id='word_1_452' title='bbox 2283 1179 2347 1207; x_wconf 80' lang='lat' dir='ltr'>offi-</span> 
     </span>
     <span class='ocr_line' id='line_1_70' title="bbox 1335 1227 2116 1262; baseline -0.001 -8"><span class='ocrx_word' id='word_1_453' title='bbox 1335 1228 1378 1254; x_wconf 91' lang='lat' dir='ltr'>cio</span> <span class='ocrx_word' id='word_1_454' title='bbox 1393 1228 1594 1262; x_wconf 82' lang='lat' dir='ltr'>apponendum</span> <span class='ocrx_word' id='word_1_455' title='bbox 1612 1235 1686 1253; x_wconf 85' lang='lat' dir='ltr'>csse.</span> <span class='ocrx_word' id='word_1_456' title='bbox 1701 1227 1778 1260; x_wconf 58' lang='lat' dir='ltr'>[Rue.</span> <span class='ocrx_word' id='word_1_457' title='bbox 1798 1228 1842 1257; x_wconf 75' lang='lat'>27,</span> <span class='ocrx_word' id='word_1_458' title='bbox 1856 1227 1906 1254; x_wconf 82' lang='lat' dir='ltr'>sol.</span> <span class='ocrx_word' id='word_1_459' title='bbox 1924 1228 1957 1254; x_wconf 83' lang='lat'>86</span> <span class='ocrx_word' id='word_1_460' title='bbox 1971 1231 2011 1259; x_wconf 63' lang='grc' dir='ltr'>νο,</span> <span class='ocrx_word' id='word_1_461' title='bbox 2025 1232 2056 1253; x_wconf 89' lang='lat' dir='ltr'>n⁰</span> <span class='ocrx_word' id='word_1_462' title='bbox 2080 1228 2116 1262; x_wconf 73' lang='grc' dir='ltr'>ί.)</span> 
     </span>
    </p>
   </div>
   <div class='ocr_carea' id='block_1_18' title="bbox 1323 1350 2348 2874">
    <p class='ocr_par' dir='ltr' id='par_1_19' title="bbox 1323 1350 2348 2874">
     <span class='ocr_line' id='line_1_71' title="bbox 1375 1350 2345 1390; baseline 0.005 -11"><span class='ocrx_word' id='word_1_463' title='bbox 1375 1361 1390 1380; x_wconf 78' lang='lat'>«</span> <span class='ocrx_word' id='word_1_464' title='bbox 1411 1350 1532 1381; x_wconf 73' lang='lat' dir='ltr'>Eidem.</span> <span class='ocrx_word' id='word_1_465' title='bbox 1552 1351 1643 1381; x_wconf 82' lang='lat' dir='ltr'>Inter</span> <span class='ocrx_word' id='word_1_466' title='bbox 1663 1351 1898 1389; x_wconf 84' lang='lat' dir='ltr'>occupationes</span> <span class='ocrx_word' id='word_1_467' title='bbox 1926 1351 2136 1390; x_wconf 70' lang='lat' dir='ltr'>multiplices</span> <span class='ocrx_word' id='word_1_468' title='bbox 2157 1354 2187 1382; x_wconf 86' lang='lat' dir='ltr'>et</span> <span class='ocrx_word' id='word_1_469' title='bbox 2206 1353 2345 1384; x_wconf 85' lang='lat' dir='ltr'>immen-</span> 
     </span>
     <span class='ocr_line' id='line_1_72' title="bbox 1336 1403 2346 1444; baseline 0.003 -11"><span class='ocrx_word' id='word_1_470' title='bbox 1336 1412 1392 1433; x_wconf 89' lang='lat' dir='ltr'>sas</span> <span class='ocrx_word' id='word_1_471' title='bbox 1405 1403 1528 1442; x_wconf 87' lang='lat' dir='ltr'>quibus</span> <span class='ocrx_word' id='word_1_472' title='bbox 1549 1404 1684 1433; x_wconf 87' lang='lat' dir='ltr'>assidue</span> <span class='ocrx_word' id='word_1_473' title='bbox 1704 1403 1860 1442; x_wconf 87' lang='lat' dir='ltr'>angimur</span> <span class='ocrx_word' id='word_1_474' title='bbox 1883 1405 1913 1434; x_wconf 89' lang='lat' dir='ltr'>et</span> <span class='ocrx_word' id='word_1_475' title='bbox 1932 1404 2154 1434; x_wconf 86' lang='lat' dir='ltr'>distrahimur</span> <span class='ocrx_word' id='word_1_476' title='bbox 2177 1414 2280 1444; x_wconf 84' lang='lat' dir='ltr'>supra</span> <span class='ocrx_word' id='word_1_477' title='bbox 2297 1406 2346 1436; x_wconf 84' lang='lat' dir='ltr'>vi-</span> 
     </span>
     <span class='ocr_line' id='line_1_73' title="bbox 1334 1456 2345 1497; baseline 0.003 -11"><span class='ocrx_word' id='word_1_478' title='bbox 1334 1465 1399 1493; x_wconf 86' lang='lat' dir='ltr'>res,</span> <span class='ocrx_word' id='word_1_479' title='bbox 1419 1457 1459 1487; x_wconf 86' lang='lat' dir='ltr'>de</span> <span class='ocrx_word' id='word_1_480' title='bbox 1477 1457 1630 1486; x_wconf 86' lang='lat' dir='ltr'>subsidio</span> <span class='ocrx_word' id='word_1_481' title='bbox 1648 1457 1750 1486; x_wconf 85' lang='lat' dir='ltr'>Terre</span> <span class='ocrx_word' id='word_1_482' title='bbox 1765 1458 1876 1486; x_wconf 85' lang='lat' dir='ltr'>sancte</span> <span class='ocrx_word' id='word_1_483' title='bbox 1893 1456 2126 1487; x_wconf 83' lang='lat' dir='ltr'>vehementius</span> <span class='ocrx_word' id='word_1_484' title='bbox 2147 1459 2345 1497; x_wconf 80' lang='lat' dir='ltr'>cogitantes,</span> 
     </span>
     <span class='ocr_line' id='line_1_74' title="bbox 1335 1509 2346 1542; baseline 0.004 -4"><span class='ocrx_word' id='word_1_485' title='bbox 1335 1510 1375 1539; x_wconf 86' lang='lat' dir='ltr'>ad</span> <span class='ocrx_word' id='word_1_486' title='bbox 1392 1509 1452 1539; x_wconf 91' lang='lat' dir='ltr'>hoc</span> <span class='ocrx_word' id='word_1_487' title='bbox 1470 1510 1597 1539; x_wconf 85' lang='lat' dir='ltr'>intenta</span> <span class='ocrx_word' id='word_1_488' title='bbox 1615 1509 1830 1539; x_wconf 81' lang='lat' dir='ltr'>solicitudine</span> <span class='ocrx_word' id='word_1_489' title='bbox 1852 1511 1883 1539; x_wconf 87' lang='lat' dir='ltr'>et</span> <span class='ocrx_word' id='word_1_490' title='bbox 1910 1510 2095 1539; x_wconf 83' lang='lat' dir='ltr'>attentione</span> <span class='ocrx_word' id='word_1_491' title='bbox 2119 1511 2253 1541; x_wconf 86' lang='lat' dir='ltr'>solicita</span> <span class='ocrx_word' id='word_1_492' title='bbox 2278 1511 2346 1542; x_wconf 88' lang='lat' dir='ltr'>ins-</span> 
     </span>
     <span class='ocr_line' id='line_1_75' title="bbox 1333 1562 2346 1603; baseline 0.003 -12"><span class='ocrx_word' id='word_1_493' title='bbox 1333 1563 1460 1592; x_wconf 83' lang='lat' dir='ltr'>tantius</span> <span class='ocrx_word' id='word_1_494' title='bbox 1489 1563 1683 1601; x_wconf 83' lang='lat' dir='ltr'>vigilamus,</span> <span class='ocrx_word' id='word_1_495' title='bbox 1705 1565 1741 1591; x_wconf 88' lang='lat' dir='ltr'>ut</span> <span class='ocrx_word' id='word_1_496' title='bbox 1766 1562 1917 1601; x_wconf 88' lang='lat' dir='ltr'>ejusdem</span> <span class='ocrx_word' id='word_1_497' title='bbox 1938 1564 2026 1592; x_wconf 91' lang='lat' dir='ltr'>terre</span> <span class='ocrx_word' id='word_1_498' title='bbox 2050 1564 2227 1594; x_wconf 80' lang='lat' dir='ltr'>succursui</span> <span class='ocrx_word' id='word_1_499' title='bbox 2248 1573 2346 1603; x_wconf 91' lang='lat' dir='ltr'>opor-</span> 
     </span>
     <span class='ocr_line' id='line_1_76' title="bbox 1334 1615 2344 1654; baseline 0.002 -9"><span class='ocrx_word' id='word_1_500' title='bbox 1334 1617 1414 1646; x_wconf 91' lang='lat' dir='ltr'>tuno</span> <span class='ocrx_word' id='word_1_501' title='bbox 1447 1616 1664 1654; x_wconf 75' lang='lat' dir='ltr'>provideatur</span> <span class='ocrx_word' id='word_1_502' title='bbox 1693 1615 1854 1651; x_wconf 77' lang='lat' dir='ltr'>remedio,</span> <span class='ocrx_word' id='word_1_503' title='bbox 1887 1617 1919 1645; x_wconf 91' lang='lat' dir='ltr'>et</span> <span class='ocrx_word' id='word_1_504' title='bbox 1957 1616 2075 1645; x_wconf 86' lang='lat' dir='ltr'>Crucis</span> <span class='ocrx_word' id='word_1_505' title='bbox 2113 1625 2149 1646; x_wconf 86' lang='lat' dir='ltr'>ac</span> <span class='ocrx_word' id='word_1_506' title='bbox 2183 1617 2344 1647; x_wconf 82' lang='lat' dir='ltr'>Crucifixi</span> 
     </span>
     <span class='ocr_line' id='line_1_77' title="bbox 1334 1668 2346 1708; baseline 0.001 -9"><span class='ocrx_word' id='word_1_507' title='bbox 1334 1669 1517 1707; x_wconf 77' lang='lat' dir='ltr'>negotium,</span> <span class='ocrx_word' id='word_1_508' title='bbox 1535 1670 1669 1698; x_wconf 85' lang='lat' dir='ltr'>auctore</span> <span class='ocrx_word' id='word_1_509' title='bbox 1681 1668 1838 1704; x_wconf 81' lang='lat' dir='ltr'>Domino,</span> <span class='ocrx_word' id='word_1_510' title='bbox 1854 1668 1998 1698; x_wconf 81' lang='lat' dir='ltr'>feliciter</span> <span class='ocrx_word' id='word_1_511' title='bbox 2012 1669 2188 1708; x_wconf 87' lang='lat' dir='ltr'>dirigatur.</span> <span class='ocrx_word' id='word_1_512' title='bbox 2206 1670 2248 1700; x_wconf 88' lang='lat' dir='ltr'>Et</span> <span class='ocrx_word' id='word_1_513' title='bbox 2266 1670 2346 1700; x_wconf 87' lang='lat' dir='ltr'>licet</span> 
     </span>
     <span class='ocr_line' id='line_1_78' title="bbox 1334 1721 2348 1762; baseline 0.002 -11"><span class='ocrx_word' id='word_1_514' title='bbox 1334 1721 1488 1751; x_wconf 88' lang='lat' dir='ltr'>nonnulli</span> <span class='ocrx_word' id='word_1_515' title='bbox 1507 1721 1766 1759; x_wconf 81' lang='lat' dir='ltr'>predecessores</span> <span class='ocrx_word' id='word_1_516' title='bbox 1785 1721 1892 1750; x_wconf 86' lang='lat' dir='ltr'>nostri</span> <span class='ocrx_word' id='word_1_517' title='bbox 1910 1721 2048 1759; x_wconf 87' lang='lat' dir='ltr'>grandis</span> <span class='ocrx_word' id='word_1_518' title='bbox 2066 1721 2106 1751; x_wconf 88' lang='lat' dir='ltr'>ad</span> <span class='ocrx_word' id='word_1_519' title='bbox 2127 1721 2189 1752; x_wconf 89' lang='lat' dir='ltr'>hoc</span> <span class='ocrx_word' id='word_1_520' title='bbox 2205 1722 2348 1762; x_wconf 87' lang='lat' dir='ltr'>diligen-</span> 
     </span>
     <span class='ocr_line' id='line_1_79' title="bbox 1333 1773 2346 1813; baseline 0.002 -9"><span class='ocrx_word' id='word_1_521' title='bbox 1333 1775 1378 1804; x_wconf 87' lang='lat' dir='ltr'>tie</span> <span class='ocrx_word' id='word_1_522' title='bbox 1394 1774 1505 1804; x_wconf 86' lang='lat' dir='ltr'>studio</span> <span class='ocrx_word' id='word_1_523' title='bbox 1523 1774 1690 1803; x_wconf 85' lang='lat' dir='ltr'>ferventer</span> <span class='ocrx_word' id='word_1_524' title='bbox 1708 1773 1905 1809; x_wconf 84' lang='lat' dir='ltr'>institerint,</span> <span class='ocrx_word' id='word_1_525' title='bbox 1926 1782 1987 1803; x_wconf 88' lang='lat' dir='ltr'>nos</span> <span class='ocrx_word' id='word_1_526' title='bbox 2006 1776 2129 1810; x_wconf 87' lang='lat' dir='ltr'>tamen,</span> <span class='ocrx_word' id='word_1_527' title='bbox 2144 1775 2202 1813; x_wconf 88' lang='lat' dir='ltr'>qui</span> <span class='ocrx_word' id='word_1_528' title='bbox 2218 1777 2346 1806; x_wconf 87' lang='lat' dir='ltr'>statum</span> 
     </span>
     <span class='ocr_line' id='line_1_80' title="bbox 1333 1826 2345 1866; baseline 0.001 -9"><span class='ocrx_word' id='word_1_529' title='bbox 1333 1829 1422 1857; x_wconf 89' lang='lat' dir='ltr'>terre</span> <span class='ocrx_word' id='word_1_530' title='bbox 1441 1827 1535 1856; x_wconf 87' lang='lat' dir='ltr'>illius</span> <span class='ocrx_word' id='word_1_531' title='bbox 1551 1826 1802 1864; x_wconf 87' lang='lat' dir='ltr'>presentialiter</span> <span class='ocrx_word' id='word_1_532' title='bbox 1828 1826 1986 1856; x_wconf 90' lang='lat' dir='ltr'>novimus</span> <span class='ocrx_word' id='word_1_533' title='bbox 2008 1827 2134 1865; x_wconf 87' lang='lat' dir='ltr'>quique</span> <span class='ocrx_word' id='word_1_534' title='bbox 2151 1827 2261 1866; x_wconf 86' lang='lat' dir='ltr'>ipsius</span> <span class='ocrx_word' id='word_1_535' title='bbox 2277 1827 2345 1858; x_wconf 80' lang='lat' dir='ltr'>dis-</span> 
     </span>
     <span class='ocr_line' id='line_1_81' title="bbox 1334 1879 2345 1917; baseline 0.001 -7"><span class='ocrx_word' id='word_1_536' title='bbox 1334 1880 1476 1910; x_wconf 87' lang='lat' dir='ltr'>crimina</span> <span class='ocrx_word' id='word_1_537' title='bbox 1501 1879 1710 1917; x_wconf 87' lang='lat' dir='ltr'>experientia</span> <span class='ocrx_word' id='word_1_538' title='bbox 1735 1879 1950 1917; x_wconf 83' lang='lat' dir='ltr'>palpavimus</span> <span class='ocrx_word' id='word_1_539' title='bbox 1976 1880 2137 1914; x_wconf 87' lang='lat' dir='ltr'>manuali,</span> <span class='ocrx_word' id='word_1_540' title='bbox 2154 1881 2235 1910; x_wconf 88' lang='lat' dir='ltr'>totis</span> <span class='ocrx_word' id='word_1_541' title='bbox 2258 1881 2345 1911; x_wconf 86' lang='lat' dir='ltr'>desi·</span> 
     </span>
     <span class='ocr_line' id='line_1_82' title="bbox 1334 1931 2344 1964; baseline 0.001 -2"><span class='ocrx_word' id='word_1_542' title='bbox 1334 1933 1490 1962; x_wconf 87' lang='lat' dir='ltr'>derantes</span> <span class='ocrx_word' id='word_1_543' title='bbox 1508 1931 1683 1961; x_wconf 77' lang='lat' dir='ltr'>affectibus</span> <span class='ocrx_word' id='word_1_544' title='bbox 1699 1932 1807 1961; x_wconf 88' lang='lat' dir='ltr'>eidem</span> <span class='ocrx_word' id='word_1_545' title='bbox 1827 1934 1916 1961; x_wconf 86' lang='lat' dir='ltr'>terre</span> <span class='ocrx_word' id='word_1_546' title='bbox 1947 1932 2047 1961; x_wconf 84' lang='lat' dir='ltr'>celeri</span> <span class='ocrx_word' id='word_1_547' title='bbox 2067 1935 2097 1962; x_wconf 88' lang='lat' dir='ltr'>et</span> <span class='ocrx_word' id='word_1_548' title='bbox 2122 1934 2249 1963; x_wconf 76' lang='lat' dir='ltr'>efficaci</span> <span class='ocrx_word' id='word_1_549' title='bbox 2267 1933 2344 1964; x_wconf 88' lang='lat' dir='ltr'>sub-</span> 
     </span>
     <span class='ocr_line' id='line_1_83' title="bbox 1334 1984 2341 2025; baseline 0.003 -10"><span class='ocrx_word' id='word_1_550' title='bbox 1334 1986 1422 2015; x_wconf 89' lang='lat' dir='ltr'>sidio</span> <span class='ocrx_word' id='word_1_551' title='bbox 1452 1985 1644 2017; x_wconf 76' lang='lat' dir='ltr'>subvenire,</span> <span class='ocrx_word' id='word_1_552' title='bbox 1672 1984 1816 2014; x_wconf 87' lang='lat' dir='ltr'>libenter</span> <span class='ocrx_word' id='word_1_553' title='bbox 1849 1984 2021 2014; x_wconf 76' lang='lat' dir='ltr'>obstacula</span> <span class='ocrx_word' id='word_1_554' title='bbox 2043 1994 2102 2024; x_wconf 90' lang='lat' dir='ltr'>per</span> <span class='ocrx_word' id='word_1_555' title='bbox 2133 1994 2197 2024; x_wconf 87' lang='lat' dir='ltr'>que</span> <span class='ocrx_word' id='word_1_556' title='bbox 2233 1987 2341 2025; x_wconf 86' lang='lat' dir='ltr'>ipsius</span> 
     </span>
     <span class='ocr_line' id='line_1_84' title="bbox 1332 2037 2343 2075; baseline 0.002 -7"><span class='ocrx_word' id='word_1_557' title='bbox 1332 2040 1420 2068; x_wconf 89' lang='lat' dir='ltr'>terre</span> <span class='ocrx_word' id='word_1_558' title='bbox 1450 2037 1641 2067; x_wconf 79' lang='lat' dir='ltr'>subsidium</span> <span class='ocrx_word' id='word_1_559' title='bbox 1663 2037 1819 2075; x_wconf 83' lang='lat' dir='ltr'>impediri</span> <span class='ocrx_word' id='word_1_560' title='bbox 1838 2037 1890 2067; x_wconf 86' lang='lat' dir='ltr'>vel</span> <span class='ocrx_word' id='word_1_561' title='bbox 1909 2038 2101 2067; x_wconf 78' lang='lat' dir='ltr'>defraudari</span> <span class='ocrx_word' id='word_1_562' title='bbox 2125 2039 2245 2073; x_wconf 74' lang='lat' dir='ltr'>valeat,</span> <span class='ocrx_word' id='word_1_563' title='bbox 2265 2040 2343 2071; x_wconf 86' lang='lat' dir='ltr'>sub-</span> 
     </span>
     <span class='ocr_line' id='line_1_85' title="bbox 1333 2090 2341 2130; baseline 0.001 -9"><span class='ocrx_word' id='word_1_564' title='bbox 1333 2099 1519 2121; x_wconf 78' lang='lat' dir='ltr'>movemus</span> <span class='ocrx_word' id='word_1_565' title='bbox 1541 2092 1625 2121; x_wconf 63' lang='lat' dir='ltr'>(jum</span> <span class='ocrx_word' id='word_1_566' title='bbox 1653 2090 1755 2128; x_wconf 80' lang='lat' dir='ltr'>igitur</span> <span class='ocrx_word' id='word_1_567' title='bbox 1780 2090 1953 2129; x_wconf 85' lang='lat' dir='ltr'>negotium</span> <span class='ocrx_word' id='word_1_568' title='bbox 1969 2090 2087 2121; x_wconf 79' lang='lat' dir='ltr'>Crucis</span> <span class='ocrx_word' id='word_1_569' title='bbox 2106 2100 2166 2129; x_wconf 89' lang='lat' dir='ltr'>pro</span> <span class='ocrx_word' id='word_1_570' title='bbox 2192 2092 2341 2130; x_wconf 86' lang='lat' dir='ltr'>predicte</span> 
     </span>
     <span class='ocr_line' id='line_1_86' title="bbox 1331 2142 2340 2179; baseline 0.001 -5"><span class='ocrx_word' id='word_1_571' title='bbox 1331 2145 1419 2174; x_wconf 90' lang='lat' dir='ltr'>terre</span> <span class='ocrx_word' id='word_1_572' title='bbox 1438 2143 1591 2173; x_wconf 87' lang='lat' dir='ltr'>subsidio</span> <span class='ocrx_word' id='word_1_573' title='bbox 1610 2142 1669 2172; x_wconf 90' lang='lat' dir='ltr'>libi</span> <span class='ocrx_word' id='word_1_574' title='bbox 1688 2143 1722 2172; x_wconf 90' lang='lat' dir='ltr'>in</span> <span class='ocrx_word' id='word_1_575' title='bbox 1739 2142 1929 2179; x_wconf 77' lang='lat' dir='ltr'>Alamania,</span> <span class='ocrx_word' id='word_1_576' title='bbox 1947 2143 2083 2173; x_wconf 77' lang='lat' dir='ltr'>Boemia</span> <span class='ocrx_word' id='word_1_577' title='bbox 2100 2146 2130 2174; x_wconf 89' lang='lat' dir='ltr'>et</span> <span class='ocrx_word' id='word_1_578' title='bbox 2149 2144 2227 2174; x_wconf 90' lang='lat' dir='ltr'>aliis</span> <span class='ocrx_word' id='word_1_579' title='bbox 2244 2145 2340 2179; x_wconf 86' lang='lat' dir='ltr'>locis,</span> 
     </span>
     <span class='ocr_line' id='line_1_87' title="bbox 1331 2196 2343 2236; baseline 0 -9"><span class='ocrx_word' id='word_1_580' title='bbox 1331 2197 1372 2227; x_wconf 87' lang='lat' dir='ltr'>ad</span> <span class='ocrx_word' id='word_1_581' title='bbox 1391 2206 1455 2236; x_wconf 87' lang='lat' dir='ltr'>quc</span> <span class='ocrx_word' id='word_1_582' title='bbox 1473 2197 1588 2235; x_wconf 86' lang='lat' dir='ltr'>lingua</span> <span class='ocrx_word' id='word_1_583' title='bbox 1604 2196 1796 2226; x_wconf 81' lang='lat' dir='ltr'>theutonica</span> <span class='ocrx_word' id='word_1_584' title='bbox 1822 2204 1857 2225; x_wconf 91' lang='lat' dir='ltr'>se</span> <span class='ocrx_word' id='word_1_585' title='bbox 1875 2196 2037 2232; x_wconf 87' lang='lat' dir='ltr'>extendit,</span> <span class='ocrx_word' id='word_1_586' title='bbox 2059 2205 2118 2235; x_wconf 86' lang='lat' dir='ltr'>per</span> <span class='ocrx_word' id='word_1_587' title='bbox 2140 2200 2274 2227; x_wconf 89' lang='lat' dir='ltr'>nostras</span> <span class='ocrx_word' id='word_1_588' title='bbox 2292 2197 2343 2227; x_wconf 90' lang='lat' dir='ltr'>di-</span> 
     </span>
     <span class='ocr_line' id='line_1_88' title="bbox 1329 2249 2340 2281; baseline 0.001 -1"><span class='ocrx_word' id='word_1_589' title='bbox 1329 2259 1447 2280; x_wconf 82' lang='lat' dir='ltr'>versas</span> <span class='ocrx_word' id='word_1_590' title='bbox 1470 2249 1533 2279; x_wconf 88' lang='lat' dir='ltr'>sub</span> <span class='ocrx_word' id='word_1_591' title='bbox 1557 2252 1646 2280; x_wconf 81' lang='lat' dir='ltr'>certa</span> <span class='ocrx_word' id='word_1_592' title='bbox 1674 2249 1781 2279; x_wconf 78' lang='lat' dir='ltr'>torma</span> <span class='ocrx_word' id='word_1_593' title='bbox 1804 2249 1937 2279; x_wconf 84' lang='lat' dir='ltr'>litteras</span> <span class='ocrx_word' id='word_1_594' title='bbox 1959 2249 2160 2279; x_wconf 82' lang='lat' dir='ltr'>duxerimus</span> <span class='ocrx_word' id='word_1_595' title='bbox 2187 2251 2340 2281; x_wconf 83' lang='lat' dir='ltr'>commit—</span> 
     </span>
     <span class='ocr_line' id='line_1_89' title="bbox 1328 2301 2340 2340; baseline 0.001 -7"><span class='ocrx_word' id='word_1_596' title='bbox 1328 2303 1476 2337; x_wconf 84' lang='lat' dir='ltr'>tendam,</span> <span class='ocrx_word' id='word_1_597' title='bbox 1495 2303 1537 2338; x_wconf 87' lang='lat' dir='ltr'>et,</span> <span class='ocrx_word' id='word_1_598' title='bbox 1565 2302 1652 2331; x_wconf 89' lang='lat' dir='ltr'>sicut</span> <span class='ocrx_word' id='word_1_599' title='bbox 1679 2301 1880 2340; x_wconf 81' lang='lat' dir='ltr'>accepimus,</span> <span class='ocrx_word' id='word_1_600' title='bbox 1906 2301 2060 2331; x_wconf 88' lang='lat' dir='ltr'>nonnulli</span> <span class='ocrx_word' id='word_1_601' title='bbox 2081 2304 2279 2333; x_wconf 79' lang='lat' dir='ltr'>executores</span> <span class='ocrx_word' id='word_1_602' title='bbox 2297 2302 2340 2334; x_wconf 88' lang='lat' dir='ltr'>ab</span> 
     </span>
     <span class='ocr_line' id='line_1_90' title="bbox 1329 2354 2340 2395; baseline 0.001 -9"><span class='ocrx_word' id='word_1_603' title='bbox 1329 2355 1515 2395; x_wconf 87' lang='lat' dir='ltr'>apostolica</span> <span class='ocrx_word' id='word_1_604' title='bbox 1527 2355 1605 2385; x_wconf 84' lang='lat' dir='ltr'>sede</span> <span class='ocrx_word' id='word_1_605' title='bbox 1619 2354 1770 2385; x_wconf 72' lang='lat' dir='ltr'>concessi</span> <span class='ocrx_word' id='word_1_606' title='bbox 1783 2354 1956 2392; x_wconf 83' lang='lat' dir='ltr'>plerisque</span> <span class='ocrx_word' id='word_1_607' title='bbox 1972 2355 2130 2392; x_wconf 83' lang='lat' dir='ltr'>personis</span> <span class='ocrx_word' id='word_1_608' title='bbox 2147 2358 2177 2385; x_wconf 80' lang='lat' dir='ltr'>et</span> <span class='ocrx_word' id='word_1_609' title='bbox 2194 2355 2340 2387; x_wconf 78' lang='lat' dir='ltr'>locisec-</span> 
     </span>
     <span class='ocr_line' id='line_1_91' title="bbox 1328 2407 2338 2448; baseline 0 -9"><span class='ocrx_word' id='word_1_610' title='bbox 1328 2409 1531 2439; x_wconf 83' lang='lat' dir='ltr'>clesiasticis</span> <span class='ocrx_word' id='word_1_611' title='bbox 1549 2410 1579 2438; x_wconf 86' lang='lat' dir='ltr'>et</span> <span class='ocrx_word' id='word_1_612' title='bbox 1594 2407 1818 2441; x_wconf 88' lang='lat' dir='ltr'>secularibus,</span> <span class='ocrx_word' id='word_1_613' title='bbox 1837 2407 2005 2445; x_wconf 84' lang='lat' dir='ltr'>exemptis</span> <span class='ocrx_word' id='word_1_614' title='bbox 2023 2409 2053 2437; x_wconf 84' lang='lat' dir='ltr'>et</span> <span class='ocrx_word' id='word_1_615' title='bbox 2075 2416 2140 2437; x_wconf 90' lang='lat' dir='ltr'>non</span> <span class='ocrx_word' id='word_1_616' title='bbox 2157 2409 2338 2448; x_wconf 82' lang='lat' dir='ltr'>exemptis,</span> 
     </span>
     <span class='ocr_line' id='line_1_92' title="bbox 1328 2459 2339 2501; baseline 0 -9"><span class='ocrx_word' id='word_1_617' title='bbox 1328 2470 1430 2501; x_wconf 88' lang='lat' dir='ltr'>super</span> <span class='ocrx_word' id='word_1_618' title='bbox 1450 2460 1653 2500; x_wconf 87' lang='lat' dir='ltr'>quibusdam</span> <span class='ocrx_word' id='word_1_619' title='bbox 1675 2459 1951 2489; x_wconf 77' lang='lat' dir='ltr'>concessionibus</span> <span class='ocrx_word' id='word_1_620' title='bbox 1977 2460 2017 2489; x_wconf 86' lang='lat' dir='ltr'>de</span> <span class='ocrx_word' id='word_1_621' title='bbox 2048 2460 2339 2499; x_wconf 78' lang='lat' dir='ltr'>redemptionibus</span> 
     </span>
     <span class='ocr_line' id='line_1_93' title="bbox 1327 2512 2335 2552; baseline 0 -7"><span class='ocrx_word' id='word_1_622' title='bbox 1327 2517 1481 2545; x_wconf 89' lang='lat' dir='ltr'>votorum</span> <span class='ocrx_word' id='word_1_623' title='bbox 1510 2512 1819 2551; x_wconf 76' lang='lat' dir='ltr'>crucesignatorum</span> <span class='ocrx_word' id='word_1_624' title='bbox 1851 2520 1979 2542; x_wconf 78' lang='lat' dir='ltr'>necnon</span> <span class='ocrx_word' id='word_1_625' title='bbox 2010 2513 2050 2543; x_wconf 82' lang='lat' dir='ltr'>de</span> <span class='ocrx_word' id='word_1_626' title='bbox 2080 2513 2213 2552; x_wconf 80' lang='lat' dir='ltr'>legatis,</span> <span class='ocrx_word' id='word_1_627' title='bbox 2235 2514 2335 2551; x_wconf 57' lang='lat' dir='ltr'>datm,</span> 
     </span>
     <span class='ocr_line' id='line_1_94' title="bbox 1327 2564 2337 2605; baseline -0.001 -7"><span class='ocrx_word' id='word_1_628' title='bbox 1327 2566 1598 2602; x_wconf 86' lang='lat' dir='ltr'>obventionibus,</span> <span class='ocrx_word' id='word_1_629' title='bbox 1623 2565 1751 2595; x_wconf 88' lang='lat' dir='ltr'>relictis</span> <span class='ocrx_word' id='word_1_630' title='bbox 1768 2564 1983 2595; x_wconf 81' lang='lat' dir='ltr'>subventioni</span> <span class='ocrx_word' id='word_1_631' title='bbox 2002 2567 2090 2596; x_wconf 85' lang='lat' dir='ltr'>terre</span> <span class='ocrx_word' id='word_1_632' title='bbox 2115 2566 2265 2605; x_wconf 62' lang='lat' dir='ltr'>predicte</span> <span class='ocrx_word' id='word_1_633' title='bbox 2299 2574 2337 2597; x_wconf 86' lang='lat' dir='ltr'>ac</span> 
     </span>
     <span class='ocr_line' id='line_1_95' title="bbox 1327 2618 2333 2659; baseline -0.002 -7"><span class='ocrx_word' id='word_1_634' title='bbox 1327 2622 1405 2652; x_wconf 89' lang='lat' dir='ltr'>aliis</span> <span class='ocrx_word' id='word_1_635' title='bbox 1422 2619 1592 2659; x_wconf 88' lang='lat' dir='ltr'>deputatis</span> <span class='ocrx_word' id='word_1_636' title='bbox 1609 2618 1649 2648; x_wconf 87' lang='lat' dir='ltr'>ad</span> <span class='ocrx_word' id='word_1_637' title='bbox 1663 2618 1920 2648; x_wconf 73' lang='lat' dir='ltr'>sulwentionem</span> <span class='ocrx_word' id='word_1_638' title='bbox 1936 2619 2076 2648; x_wconf 85' lang='lat' dir='ltr'>eandem</span> <span class='ocrx_word' id='word_1_639' title='bbox 2093 2619 2127 2648; x_wconf 92' lang='lat' dir='ltr'>in</span> <span class='ocrx_word' id='word_1_640' title='bbox 2142 2619 2333 2657; x_wconf 79' lang='lat' dir='ltr'>Alamania,</span> 
     </span>
     <span class='ocr_line' id='line_1_96' title="bbox 1325 2671 2336 2710; baseline -0.003 -5"><span class='ocrx_word' id='word_1_641' title='bbox 1325 2674 1464 2706; x_wconf 88' lang='lat' dir='ltr'>Boemia</span> <span class='ocrx_word' id='word_1_642' title='bbox 1481 2674 1513 2704; x_wconf 86' lang='lat' dir='ltr'>et</span> <span class='ocrx_word' id='word_1_643' title='bbox 1529 2672 1612 2702; x_wconf 82' lang='lat' dir='ltr'>locis</span> <span class='ocrx_word' id='word_1_644' title='bbox 1630 2671 1791 2710; x_wconf 86' lang='lat' dir='ltr'>predictis</span> <span class='ocrx_word' id='word_1_645' title='bbox 1808 2680 1868 2710; x_wconf 84' lang='lat' dir='ltr'>per</span> <span class='ocrx_word' id='word_1_646' title='bbox 1886 2680 1948 2702; x_wconf 91' lang='lat' dir='ltr'>nos</span> <span class='ocrx_word' id='word_1_647' title='bbox 1968 2674 1998 2702; x_wconf 87' lang='lat' dir='ltr'>et</span> <span class='ocrx_word' id='word_1_648' title='bbox 2023 2680 2236 2702; x_wconf 84' lang='lat' dir='ltr'>successores</span> <span class='ocrx_word' id='word_1_649' title='bbox 2260 2680 2336 2703; x_wconf 88' lang='lat' dir='ltr'>nos-</span> 
     </span>
     <span class='ocr_line' id='line_1_97' title="bbox 1324 2724 2334 2762; baseline -0.002 -4"><span class='ocrx_word' id='word_1_650' title='bbox 1324 2729 1395 2759; x_wconf 87' lang='lat' dir='ltr'>tros</span> <span class='ocrx_word' id='word_1_651' title='bbox 1410 2736 1470 2757; x_wconf 86' lang='lat' dir='ltr'>seu</span> <span class='ocrx_word' id='word_1_652' title='bbox 1486 2726 1583 2761; x_wconf 85' lang='lat' dir='ltr'>alios,</span> <span class='ocrx_word' id='word_1_653' title='bbox 1602 2725 1642 2755; x_wconf 88' lang='lat' dir='ltr'>de</span> <span class='ocrx_word' id='word_1_654' title='bbox 1660 2724 1818 2755; x_wconf 86' lang='lat' dir='ltr'>mandato</span> <span class='ocrx_word' id='word_1_655' title='bbox 1836 2724 1923 2755; x_wconf 84' lang='lat' dir='ltr'>dicte</span> <span class='ocrx_word' id='word_1_656' title='bbox 1940 2725 2042 2762; x_wconf 86' lang='lat' dir='ltr'>sedis,</span> <span class='ocrx_word' id='word_1_657' title='bbox 2067 2724 2175 2758; x_wconf 86' lang='lat' dir='ltr'>sactis,</span> <span class='ocrx_word' id='word_1_658' title='bbox 2195 2724 2334 2756; x_wconf 89' lang='lat' dir='ltr'>modum</span> 
     </span>
     <span class='ocr_line' id='line_1_98' title="bbox 1326 2777 2332 2819; baseline -0.003 -8"><span class='ocrx_word' id='word_1_659' title='bbox 1326 2781 1359 2811; x_wconf 89' lang='lat' dir='ltr'>in</span> <span class='ocrx_word' id='word_1_660' title='bbox 1376 2779 1575 2819; x_wconf 88' lang='lat' dir='ltr'>colligendis</span> <span class='ocrx_word' id='word_1_661' title='bbox 1603 2777 1763 2816; x_wconf 81' lang='lat' dir='ltr'>predictis</span> <span class='ocrx_word' id='word_1_662' title='bbox 1781 2777 1942 2808; x_wconf 86' lang='lat' dir='ltr'>excedant</span> <span class='ocrx_word' id='word_1_663' title='bbox 1967 2777 2119 2816; x_wconf 85' lang='lat' dir='ltr'>aliasque</span> <span class='ocrx_word' id='word_1_664' title='bbox 2144 2777 2178 2807; x_wconf 90' lang='lat' dir='ltr'>in</span> <span class='ocrx_word' id='word_1_665' title='bbox 2205 2777 2332 2808; x_wconf 88' lang='lat' dir='ltr'>talibus</span> 
     </span>
     <span class='ocr_line' id='line_1_99' title="bbox 1323 2829 2333 2874; baseline -0.004 -10"><span class='ocrx_word' id='word_1_666' title='bbox 1323 2835 1504 2874; x_wconf 87' lang='lat' dir='ltr'>pernitiose</span> <span class='ocrx_word' id='word_1_667' title='bbox 1535 2832 1724 2865; x_wconf 85' lang='lat' dir='ltr'>versentur,</span> <span class='ocrx_word' id='word_1_668' title='bbox 1757 2839 1830 2867; x_wconf 76' lang='lat' dir='ltr'>nos,</span> <span class='ocrx_word' id='word_1_669' title='bbox 1864 2830 2018 2861; x_wconf 86' lang='lat' dir='ltr'>nolentes</span> <span class='ocrx_word' id='word_1_670' title='bbox 2047 2830 2110 2860; x_wconf 82' lang='lat' dir='ltr'>ista</span> <span class='ocrx_word' id='word_1_671' title='bbox 2145 2829 2208 2859; x_wconf 85' lang='lat' dir='ltr'>sub</span> <span class='ocrx_word' id='word_1_672' title='bbox 2233 2830 2333 2860; x_wconf 88' lang='lat' dir='ltr'>dissi-</span> 
     </span>
    </p>
   </div>
   <div class='ocr_carea' id='block_1_19' title="bbox 1293 2880 2331 2921">
    <p class='ocr_par' dir='ltr' id='par_1_20' title="bbox 1293 2880 2331 2921">
     <span class='ocr_line' id='line_1_100' title="bbox 1293 2880 2331 2921; baseline -0.004 -4"><span class='ocrx_word' id='word_1_673' title='bbox 1293 2880 1294 2894; x_wconf 61' lang='lat'><em>*</em></span> <span class='ocrx_word' id='word_1_674' title='bbox 1325 2886 1509 2917; x_wconf 83' lang='lat' dir='ltr'>mutatione</span> <span class='ocrx_word' id='word_1_675' title='bbox 1538 2884 1695 2920; x_wconf 80' lang='lat' dir='ltr'>transire,</span> <span class='ocrx_word' id='word_1_676' title='bbox 1727 2883 1929 2913; x_wconf 82' lang='lat' dir='ltr'>fraternitati</span> <span class='ocrx_word' id='word_1_677' title='bbox 1970 2885 2024 2913; x_wconf 85' lang='lat' dir='ltr'>tue</span> <span class='ocrx_word' id='word_1_678' title='bbox 2055 2891 2114 2921; x_wconf 87' lang='lat' dir='ltr'>per</span> <span class='ocrx_word' id='word_1_679' title='bbox 2143 2883 2331 2921; x_wconf 83' lang='lat' dir='ltr'>apostolica</span> 
     </span>
    </p>
   </div>
  </div>
 </body>
</html>
