2547 3289
203 274 261 302 5296

198 354 290 393 regni
303 353 483 382 dissidium
499 351 682 384 memorati,
702 348 837 385 propter
852 345 940 384 quod
957 353 1021 373 non
1035 343 1204 373 immerito

198 406 390 437 accenditur
403 404 496 433 zelus
512 405 625 432 noster
642 404 672 431 et
690 400 777 439 ignis
795 399 827 428 in
845 399 958 428 nostre
976 396 1205 427 meditationis

198 457 472 499 an(5‹:)xietatibus
482 454 683 489 exardescit,
697 454 845 491 dumque
860 449 1120 489 cogitationibus
1132 458 1206 487 pro-

198 512 311 542 fundis
338 509 570 547 immergimur
594 510 625 537 et
650 505 831 536 laboriosis
856 504 984 543 vigiliis
1012 503 1202 541 fatigamur,

198 565 375 604 querentes
394 561 538 601 anuoxie
567 561 782 598 oportunum,
814 558 845 587 in
872 558 961 587 tante
992 555 1206 586 necessitatis

197 617 351 652 articulo,
371 615 556 645 remedium
573 612 743 648 adhibere,
758 612 835 641 licet
851 610 1084 640 desideremus
1104 609 1206 638 inter-

197 671 286 705 dum,
303 669 390 707 quod
407 676 481 696 cum
497 667 622 696 honore
635 666 696 695 Dei
715 666 747 695 et
763 663 903 694 ecclesie
920 672 956 692 ac
971 662 1098 691 salubri
1116 663 1206 691 statu

197 723 345 752 lidelium
362 722 514 751 nostrum
528 727 707 757 possemus
721 717 803 747 inibi
816 716 974 746 exhibere
986 714 1204 754 presentiam,

197 778 231 805 ut
256 784 321 813 quo
346 776 456 804 mente
482 773 633 808 ferimur,
664 771 709 800 ibi
734 769 985 808 presentialiter
1006 768 1204 800 existentes,

196 829 310 858 divina
330 827 405 857 sulti
432 826 592 865 potentia,
611 824 766 863 proprios
787 832 845 862 per
870 822 1072 852 evidentiam
1094 820 1207 858 operis

196 882 445 920 explicaremus
467 879 617 914 affectus,
638 878 717 916 quia
735 878 846 907 tamen
865 876 898 905 id
919 874 1069 905 condicio
1092 875 1207 903 nostra

197 943 261 964 non
289 934 426 972 patitur,
459 932 538 971 quia
568 930 796 970 ingruentium
826 929 1037 967 negotiorum
1061 926 1207 956 varietas

198 996 263 1017 non
281 986 458 1026 permittit,
484 985 523 1015 ad
543 987 586 1018 te,
605 986 641 1014 ut
666 984 786 1013 fortem
802 982 979 1013 mittamus
999 981 1039 1010 ad
1058 979 1158 1010 fortia
1176 980 1208 1009 et

197 1041 265 1071 tuis
284 1039 432 1070 robustis
447 1038 597 1068 humeris
616 1035 717 1067 onera
733 1036 873 1075 grandia
893 1036 1119 1073 imponamuS,
1135 1041 1209 1062 nos·

197 1096 247 1124 tre
265 1093 494 1123 eonvertimus
519 1089 773 1121 deliberationis
793 1089 951 1119 intuitum
970 1088 1002 1117 et
1023 1087 1054 1117 in
1075 1089 1208 1117 tuarum

198 1145 468 1177 consideratione
481 1144 656 1180 virt-utum,
670 1143 730 1173 tibi
746 1151 763 1172 a
778 1142 922 1172 Domino
938 1150 978 1171 ex
990 1139 1208 1179 (lnabundan-

198 1200 245 1230 tia
271 1206 520 1233 concessarum,
539 1198 578 1227 de
598 1196 812 1227 concedentis
830 1193 1075 1232 omnipotentia
1099 1194 1131 1223 et
1149 1193 1209 1223 im-

199 1261 316 1284 mensa
325 1252 449 1281 virtute
460 1250 637 1289 sperando,
650 1251 762 1279 nostre
773 1246 1209 1285 fluctuationisan(e)xietas

199 1315 294 1345 spem
320 1305 445 1344 quietis
471 1303 626 1334 assumit.
654 1304 738 1333 Cum
764 1302 867 1336 enim,
892 1302 979 1331 sicut
1000 1299 1210 1338 experientie

198 1359 396 1398 probatione
416 1357 609 1392 didicimus,
630 1355 759 1386 dederit
784 1354 845 1385 tibi
864 1354 1032 1384 Dominus
1053 1362 1090 1383 os
1109 1355 1141 1382 et
1159 1361 1210 1381 sa-

198 1412 360 1452 pientiam
394 1411 611 1449 linguamque
644 1408 802 1447 adjecerit
834 1407 1016 1442 eruditam,
1053 1408 1087 1436 ut
1121 1405 1211 1435 scias

201 1465 334 1504 quando
361 1463 484 1493 debeas
513 1462 663 1501 proferre
689 1469 891 1495 sermonem,
912 1468 987 1489 cum
1007 1461 1099 1488 tuam
1124 1458 1211 1488 sicut

200 1518 297 1556 adipe
322 1519 355 1547 et
383 1516 584 1555 pinguedine
610 1515 789 1553 repleverit
807 1514 967 1548 animam,
989 1514 1025 1542 ut
1048 1512 1159 1549 vigeat
1176 1511 1211 1540 in

199 1573 229 1602 te
255 1570 419 1601 rectitudo
443 1568 575 1607 judicii,
594 1567 727 1597 consilii
752 1565 964 1604 providentia
989 1565 1210 1603 rigiditasque

201 1632 354 1659 censure,
375 1623 409 1652 in
430 1621 633 1652 adversitate
658 1620 835 1656 securitas,
857 1619 889 1648 in
910 1618 1133 1657 prosperitate
1157 1617 1212 1647 de-

200 1677 303 1710 votio,
331 1676 364 1705 in
390 1675 460 1705 zelo
490 1674 668 1707 sobrietas,
697 1673 731 1702 in
757 1672 884 1711 agendo
911 1671 1096 1701 strenuitas
1122 1672 1153 1700 et
1177 1671 1211 1700 in

199 1730 315 1760 arduis
329 1728 540 1767 experientia
559 1726 792 1764 multipliciter
811 1725 1006 1764 approbata,
1020 1733 1209 1762 speramus,

201 1792 260 1813 neo
289 1781 476 1817 immerito,
511 1780 599 1819 quod
632 1782 726 1809 aetus
750 1780 848 1814 tuos„
869 1778 928 1808 illo
961 1777 1126 1816 dirigente
1154 1777 1211 1815 qui

201 1836 305 1871 novit,
331 1844 367 1865 ac
393 1843 497 1873 prava
525 1834 556 1862 in
582 1833 709 1862 directa
736 1833 767 1861 et
795 1840 914 1870 aspera
937 1831 970 1860 in
995 1830 1068 1860 vias
1094 1830 1212 1869 planas

202 1889 261 1918 illo
289 1889 503 1917 convertente
527 1887 583 1925 qui
610 1887 732 1925 potest,
759 1885 792 1914 in
816 1884 977 1923 predictis
998 1892 1056 1921 per
1074 1885 1131 1914 tue
1151 1883 1211 1913 cir—

202 1940 462 1978 cumspectionis
480 1939 682 1968 industriam
700 1937 775 1967 utili
794 1936 1004 1975 providentia
1018 1938 1049 1965 et
1066 1935 1212 1965 utilitate

202 1993 343 2032 provida
361 1991 490 2022 consuli
515 1991 636 2029 poterit
656 1993 687 2020 et
709 1990 839 2019 utiliter
859 1989 1043 2019 subveniri.
1064 1989 1104 2017 Et
1125 1988 1210 2023 ideo,

204 2047 281 2076 lieet
307 2055 368 2075 nos
387 2048 417 2074 et
437 2045 557 2074 tratres
581 2043 686 2073 nostri
704 2043 788 2072 tanti
814 2043 876 2071 viri
896 2041 1077 2080 presentia,
1099 2041 1212 2079 utpote

204 2099 300 2129 nobis
330 2100 361 2128 et
390 2097 530 2127 ecclesie
564 2097 711 2126 Romane
742 2095 1007 2134 pernruessaria,
1032 2103 1213 2136 careamus

205 2152 313 2186 inviti,
338 2152 462 2186 tamen,
492 2152 626 2187 cogente
656 2158 715 2178 nos
735 2150 805 2178 tam
826 2148 949 2185 ingenti
970 2149 1001 2177 ct
1026 2146 1212 2176 inevitabili
1244 2162 1245 2172 i

205 2205 404 2235 necessitate
426 2204 515 2241 regni
536 2203 674 2241 predicti
697 2205 727 2231 et
751 2203 888 2239 paterno
906 2201 1037 2235 all'eetu,
1058 2208 1155 2238 quem
1174 2200 1214 2229 ad

206 2258 293 2288 idem
325 2266 475 2295 regnum,
510 2264 633 2293 regem.
668 2255 830 2293 reginam.
865 2255 960 2283 natos
991 2253 1152 2291 ipsorum,
1183 2254 1215 2282 et
1244 2263 1245 2277 Ι

205 2311 381 2341 ecclesiam
410 2310 642 2347 Anglicanam,
672 2308 825 2341 barones,
845 2309 1017 2345 magnatos
1037 2308 1068 2336 et
1087 2306 1214 2335 incolas

206 2365 375 2403 predictos
406 2364 565 2401 gerimus,
601 2362 809 2400 impellente,
845 2363 887 2393 te,
922 2361 961 2390 dc
989 2360 1084 2397 cujus
1114 2359 1214 2389 claris

206 2417 337 2447 meritis
371 2418 502 2455 plenam
529 2416 560 2445 in
587 2415 731 2445 Domino
756 2414 910 2443 fiduciam
939 2413 1141 2444 obtinemus.
1174 2412 1215 2442 ad
1245 2419 1246 2424 ¹

206 2479 345 2507 regnum
374 2469 572 2508 predictum,
599 2467 696 2506 plene
716 2467 896 2505 legationis
915 2466 1024 2495 ot'ticio
1050 2465 1108 2495 tibi
1130 2474 1216 2495 com—

207 2523 311 2552 misso
340 2522 421 2552 inibi
451 2524 482 2551 et
511 2522 544 2551 in
575 2521 703 2550 Wallia
729 2523 760 2550 et
786 2519 943 2550 Ybernia.
968 2520 1003 2549 ut
1031 2518 1158 2549 evellas
1185 2520 1216 2548 et
1245 2522 1246 2531 ¹

207 2577 373 2609 destruas,
400 2575 546 2613 dissipes
579 2576 610 2604 et
632 2574 821 2612 disperdas,
849 2573 985 2603 edifices
1013 2573 1044 2602 et
1071 2572 1214 2610 plantes,
1245 2591 1246 2596 ,

208 2630 294 2658 sicut
313 2629 437 2658 videris
455 2627 624 2666 expedire,
645 2628 684 2657 de
702 2626 929 2665 predictorum
950 2626 1089 2655 fratrum
1108 2625 1215 2655 consi-

207 2682 264 2716 lio,
281 2682 502 2711 destinamus.
518 2680 681 2715 Quocirca
696 2679 938 2709 fraternitatmn
955 2684 1043 2709 tuam
1058 2687 1216 2717 rogamus

208 2737 240 2765 et
264 2735 436 2764 hortamur
462 2735 586 2763 attente
617 2734 813 2763 mandantes
839 2732 998 2770 quatinus
1029 2731 1215 2770 injunctum

208 2788 269 2818 tibi
298 2797 381 2817 onus
407 2787 532 2816 laboris
556 2786 747 2825 hujusmodi
766 2786 883 2815 devote
909 2785 1111 2823 suscipiens,
1133 2785 1216 2814 illud

209 2842 256 2870 sic
275 2840 430 2875 sollicite,
454 2840 500 2868 sic
527 2839 668 2869 viriliter
687 2841 715 2868 et
738 2838 961 2872 laudabiliter,
983 2839 1079 2877 juxta
1104 2838 1214 2867 datam

210 2894 268 2924 tibi
290 2903 308 2922 a
329 2894 396 2922 lieo
416 2893 639 2930 prmlontiam⁷
664 2892 856 2930 exequaris,
878 2892 965 2930 qnod
984 2892 1023 2921 de
1040 2891 1107 2921 tuis
1126 2890 1214 2921 laho-

211 2947 315 2982 ribus,
334 2946 446 2975 divina
465 2946 593 2974 l'avcnto
609 2945 797 2980 clementia,
817 2945 944 2973 tructus
961 2943 1086 2982 sperati
1102 2952 1216 2982 prove-

953 261 1021 291 RE(
1029 259 1197 290 {ISTRES
1220 259 1322 289 D'UP.
1330 259 1433 289 BAIN
1457 258 1514 288 IV.

1268 343 1372 378 uiant,
1401 343 1497 381 quies
1528 343 1560 371 et
1588 340 1819 379 tranquillitas
1848 340 1930 378 regi,
1960 348 2060 378 regno
2088 340 2276 378 ceterisque

1267 395 1428 434 predictis
1447 397 1503 425 tuo
1521 396 1744 433 procurentur
1762 393 1901 429 auxilio,
1917 395 1949 422 et
1964 394 2020 422 tue
2034 393 2278 423 sollicitudinis

1267 449 1417 479 studium
1441 448 1587 486 palmam
1614 447 1730 486 glorie,
1755 455 1818 485 que
1840 454 1976 476 causam
2000 446 2063 476 Dei
2082 446 2280 484 gerentibus

1266 511 1326 541 pro
1352 501 1573 531 retributione
1599 500 1806 538 rependitur,
1832 501 2010 529 mereatur.
2040 499 2165 529 Datum
2191 499 2279 537 apud

1269 554 1556 588 Urbenivetei'en‘1,
1582 562 1603 583 x
1622 552 1784 582 kalendas
1805 550 2004 586 decembris,
2025 559 2110 580 anno
2131 551 2242 581 tertio.
2264 561 2278 579 n

1764 723 1891 754 <Ji-vieto,
1907 725 1940 750 22
1956 723 2109 749 novembre
2130 723 2207 749 1203.

1357 727 1430 757 582

1304 810 1449 838 Universis
1471 809 1608 844 praelatis
1625 816 1675 843 per
1691 816 1811 842 regnum
1835 808 1954 842 Angliae
1971 807 2147 840 constitutis,
2163 807 2281 832 mandat

1267 863 1408 895 quatenus
1421 859 1590 892 finnionem,
1605 858 1769 892 episcopum
1785 856 1984 890 Sabineusem,
2002 855 2124 890 benigne
2141 855 2280 889 recipiant

1268 912 1296 936 et
1314 909 1379 944 ipsi,
1402 912 1539 942 tunquam
1552 907 1728 942 apostolicae
1740 906 1814 933 sedis
1835 905 1941 940 legato,
1953 904 2101 931 humiliter
2121 905 2280 931 intendant.

1270 958 1349 993 (Rea.
1367 960 1411 989 28,
1426 957 1476 984 fol.
1497 959 1542 990 50,
1559 961 1591 983 11⁰
1609 957 1672 987 1853
1691 956 1837 982 Pori-nasi·
1854 955 1962 982 185le

1310 1077 1328 1096 «
1348 1066 1502 1096 Universis
1525 1064 1762 1104 archiepiscopis
1780 1069 1806 1094 et
1828 1064 1987 1104 episcopis,
2011 1063 2178 1092 abbatibus.
2197 1064 2281 1103 prio-

1270 1120 1365 1155 ribus,
1383 1120 1514 1154 decanis,
1533 1118 1771 1152 archidiaconis,
1785 1118 1948 1157 prepositis
1961 1123 1987 1146 el
2003 1117 2072 1147 aliis
2089 1117 2283 1146 ecclesiarum

1267 1175 1399 1215 prelalz's
1418 1183 1476 1213 per
1497 1183 1622 1212 reqnum
1643 1172 1755 1211 Anylie
1774 1171 1957 1200 constitutis.
1982 1171 2083 1201 Pater
2107 1172 2211 1201 futuri
2233 1180 2283 1202 se—

1271 1228 1338 1258 culi
1354 1246 1403 1258 -.
1423 1228 1547 1257 Datum
1566 1228 1731 1264 utsupra.
1752 1237 1765 1251 υ

1776 1394 1900 1427 Orvieto,
1923 1395 1952 1421 12
1968 1394 2118 1420 decembre
2135 1394 2212 1421 1263.

1361 1398 1433 1429 583

1307 1482 1413 1516 Regem
1442 1480 1560 1516 Angliae
1586 1480 1718 1507 hortatur
1735 1482 1763 1506 ut
1785 1480 1830 1511 G.,
1850 1479 2016 1514 episcopum
2036 1478 2234 1509 Sabinensem,
2256 1478 2285 1505 in

1270 1538 1359 1564 regno
1371 1530 1489 1564 Angliae
1502 1531 1628 1565 legatum
1642 1529 1829 1561 destinatum,
1838 1528 1993 1555 honorifice
2002 1528 2135 1562 excipiat.
2148 1528 2225 1562 (Bne.
2238 1528 2283 1557 28,

1271 1579 1320 1606 fol.
1341 1581 1374 1606 56
1392 1584 1432 1611 νῦ,
1448 1587 1515 1606 ann,
1532 1579 1580 1609 ΙΙΙ,
1598 1582 1631 1605 11⁰
1644 1578 1720 1608 iso]

1313 1695 1327 1715 «
1349 1711 1355 1716 .
1378 1711 1382 1716 .
1413 1685 1478 1725 reqi
1496 1685 1606 1724 Anylie
1624 1683 1749 1714 illustri.
1778 1683 1877 1714 Pater
1899 1683 2003 1713 futuri
2027 1683 2132 1712 seculi
2149 1700 2197 1712 —.
2220 1682 2284 1712 Da-

1271 1741 1343 1770 tum
1357 1739 1444 1777 apud
1454 1738 1741 1769 Urbemveterem,
1754 1746 1774 1767 11
1786 1737 1863 1767 idus
1872 1735 2074 1770 decembris,
2087 1744 2173 1765 anno
2183 1734 2256 1766 1110.
2269 1745 2284 1764 n

1314 1846 1351 1876 In
1368 1854 1396 1875 e.
1416 1854 1460 1875 m.
1481 1869 1486 1874 .
1503 1868 1509 1874 .
1530 1845 1643 1883 regine
1665 1844 1785 1883 Anglie
1804 1843 1943 1874 illustri.

1313 1900 1351 1929 In
1367 1908 1394 1929 e.
1414 1908 1458 1928 m.
1488 1897 1659 1928 nobilibus
1684 1897 1767 1927 viris
1783 1895 1965 1927 comitibus
1982 1906 2018 1926 ac
2036 1896 2221 1926 baronibus
2237 1905 2285 1927 re-

1273 1953 1328 1992 gni
1349 1952 1479 1991 Anglie.

1773 2118 1896 2145 Orvieto,
1917 2119 1947 2145 lo*
1964 2118 2117 2144 novembre
2136 2118 2212 2145 1203.

1363 2121 1435 2152 584

1311 2206 1472 2231 liduurdum
1494 2204 1624 2230 hortatur
1647 2207 1673 2229 ut
1699 2203 1870 2235 «audonem,
1892 2204 2056 2237 episcopum
2086 2203 2286 2233 Sabinensem,

1275 2254 1302 2280 in
1332 2255 1426 2287 partes
1454 2252 1572 2286 Angiiae
1601 2252 1725 2283 legatum
1757 2251 1942 2277 destinatum,
1969 2251 2123 2278 imnorincc
2145 2251 2281 2285 excipiat.

1276 2302 1350 2335 (Rae.
1367 2304 1411 2333 28,
1428 2301 1473 2327 sol.
1490 2302 1524 2327 :30
1540 2306 1580 2331 ν’),
1599 2308 1665 2327 anu.
1683 2301 1729 2331 ΙΙΙ,
1745 2306 1775 2326 11⁰
1794 2301 1867 2333 187.)

1317 2420 1330 2439 ι(
1351 2409 1454 2439 Nobili
1469 2409 1535 2438 viro
1553 2408 1713 2438 Eduardo.
1729 2408 1934 2447 primoqfflzito
1950 2408 2100 2437 carissimi
2117 2408 2145 2437 in
2167 2408 2288 2438 Clu-islo

1489 2487 1494 2492 .
1509 2486 1515 2498 ‚
1530 2462 1609 2500 regis
1627 2461 1738 2500 Anylie
1754 2460 1892 2490 illustris.
1913 2462 2076 2491 Int‘austis
2095 2461 2288 2492 rumoribus

1277 2517 1363 2555 apud
1394 2516 1506 2546 sedem
1530 2515 1751 2553 apostolicam
1774 2514 1814 2544 de
1838 2515 1931 2553 regni
1952 2515 2073 2553 Anglie
2097 2514 2288 2545 turbatione

1277 2570 1422 2605 ditl'usis,
1440 2578 1560 2607 magna
1578 2568 1763 2606 precordiis
1778 2568 1904 2598 nostris
1922 2568 2075 2598 anxietas
2092 2571 2122 2598 et
2139 2569 2287 2605 mnemia

1275 2463 1335 2503 filii
1347 2464 1444 2492 nostri
1460 2488 1464 2493 .

1277 2623 1469 2653 sollicitudo
1487 2622 1665 2653 succrevit.
1684 2622 1833 2651 excitans
1850 2622 1987 2651 allectus
2003 2623 2135 2651 nostros
2154 2621 2195 2652 ab
2211 2622 2289 2652 inti-

1278 2677 1354 2709 mis,
1385 2678 1416 2705 ut
1447 2676 1478 2705 in
1504 2678 1570 2706 tam
1592 2674 1701 2704 incliti
1728 2674 1821 2713 regni
1846 2674 2054 2708 discrimine,
2085 2676 2288 2713 oportunum

1278 2738 1473 2759 curaremus
1512 2728 1697 2758 remedium
1743 2727 1912 2757 adhibere.
1953 2727 2136 2757 Profundis
2176 2728 2288 2766 itaque

1277 2781 1555 2812 meditationibus
1580 2781 1828 2819 laboriosisque
1850 2780 1978 2819 vigiliis
2001 2780 2040 2810 de
2068 2781 2237 2810 carissimi
2258 2783 2288 2810 in

1277 2836 1410 2865 Christo
1433 2836 1490 2865 tilii
1515 2835 1619 2865 nostri
1646 2859 1652 2865 .
1671 2857 1677 2864 .
1698 2858 1703 2869 ,
1725 2834 1824 2871 regis.
1845 2836 1875 2864 et
1903 2834 2078 2863 carissime
2098 2834 2130 2863 in
2154 2833 2288 2864 Christo

1279 2889 1346 2919 illie
1375 2891 1486 2918 nostre
1517 2912 1522 2916 .
1548 2913 1554 2918 .
1579 2912 1584 2919 .
1610 2887 1723 2925 regine
1746 2886 1866 2925 Anglie
1893 2886 2090 2919 illustrium,
2112 2889 2287 2924 parentum

1278 2944 1424 2973 tuorum.
1438 2945 1493 2972 tua
1509 2943 1541 2971 et
1559 2941 1666 2979 ipsius
1686 2940 1776 2979 regni
1795 2948 1830 2969 ac
1847 2939 2032 2969 incolarum
2050 2939 2122 2977 ejus
2138 2939 2286 2978 quietem
