<?xml version="1.0" encoding="UTF-8"?>
<!DOCTYPE html PUBLIC "-//W3C//DTD XHTML 1.0 Transitional//EN"
    "http://www.w3.org/TR/xhtml1/DTD/xhtml1-transitional.dtd">
<html xmlns="http://www.w3.org/1999/xhtml" xml:lang="en" lang="en">
 <head>
  <title>
</title>
<meta http-equiv="Content-Type" content="text/html;charset=utf-8" />
  <meta name='ocr-system' content='tesseract 3.04.00' />
  <meta name='ocr-capabilities' content='ocr_page ocr_carea ocr_par ocr_line ocrx_word'/>
</head>
<body>
  <div class='ocr_page' id='page_1' title='image "./lesregistresdurb12cath/lesregistresdurb12cath_0058.png"; bbox 0 0 2547 3289; ppageno 0'>
   <div class='ocr_carea' id='block_1_1' title="bbox 264 217 1569 255">
    <p class='ocr_par' dir='ltr' id='par_1_1' title="bbox 264 217 1569 255">
     <span class='ocr_line' id='line_1_1' title="bbox 264 217 1569 255; baseline -0.001 0"><span class='ocrx_word' id='word_1_1' title='bbox 264 226 305 255; x_wconf 69' lang='lat'>48</span> <span class='ocrx_word' id='word_1_2' title='bbox 1105 222 1331 254; x_wconf 65' lang='lat' dir='ltr'>REGIS-THE</span> <span class='ocrx_word' id='word_1_3' title='bbox 1354 217 1569 254; x_wconf 65' lang='lat' dir='ltr'>CAMiinAL</span> 
     </span>
    </p>
   </div>
   <div class='ocr_carea' id='block_1_2' title="bbox 793 302 1200 334">
    <p class='ocr_par' dir='ltr' id='par_1_2' title="bbox 793 302 1200 334">
     <span class='ocr_line' id='line_1_2' title="bbox 793 302 1200 334; baseline 0.002 -6"><span class='ocrx_word' id='word_1_4' title='bbox 793 302 917 334; x_wconf 62' lang='grc'><strong>0111010,</strong></span> <span class='ocrx_word' id='word_1_5' title='bbox 936 304 974 328; x_wconf 67' lang='lat'>¹⁰³</span> <span class='ocrx_word' id='word_1_6' title='bbox 989 303 1104 329; x_wconf 78' lang='lat' dir='ltr'><strong>octobre</strong></span> <span class='ocrx_word' id='word_1_7' title='bbox 1124 304 1200 330; x_wconf 82' lang='grc'><strong>1263.</strong></span> 
     </span>
    </p>
   </div>
   <div class='ocr_carea' id='block_1_3' title="bbox 334 307 404 337">
    <p class='ocr_par' dir='ltr' id='par_1_3' title="bbox 334 307 404 337">
     <span class='ocr_line' id='line_1_3' title="bbox 334 307 404 337; baseline -0.014 0"><span class='ocrx_word' id='word_1_8' title='bbox 334 307 404 337; x_wconf 76' lang='grc'>168</span> 
     </span>
    </p>
   </div>
   <div class='ocr_carea' id='block_1_4' title="bbox 265 386 1272 470">
    <p class='ocr_par' dir='ltr' id='par_1_4' title="bbox 265 386 1272 470">
     <span class='ocr_line' id='line_1_4' title="bbox 299 386 1272 421; baseline 0 -7"><span class='ocrx_word' id='word_1_9' title='bbox 299 387 417 415; x_wconf 84' lang='lat' dir='ltr'>Osiiciali</span> <span class='ocrx_word' id='word_1_10' title='bbox 438 387 568 414; x_wconf 70' lang='lat' dir='ltr'>&#39;l&#39;recensi</span> <span class='ocrx_word' id='word_1_11' title='bbox 593 386 753 413; x_wconf 74' lang='lat' dir='ltr'>committit</span> <span class='ocrx_word' id='word_1_12' title='bbox 773 388 803 412; x_wconf 89' lang='lat' dir='ltr'>ut</span> <span class='ocrx_word' id='word_1_13' title='bbox 825 386 987 421; x_wconf 80' lang='lat' dir='ltr'>praefatum</span> <span class='ocrx_word' id='word_1_14' title='bbox 1009 388 1145 414; x_wconf 87' lang='lat' dir='ltr'>mutuum</span> <span class='ocrx_word' id='word_1_15' title='bbox 1165 387 1272 414; x_wconf 78' lang='lat' dir='ltr'>cxsolvi</span> 
     </span>
     <span class='ocr_line' id='line_1_5' title="bbox 265 435 1183 470; baseline -0.001 -8"><span class='ocrx_word' id='word_1_16' title='bbox 265 438 395 470; x_wconf 83' lang='lat' dir='ltr'>procuret</span> <span class='ocrx_word' id='word_1_17' title='bbox 411 444 427 462; x_wconf 83' lang='lat' dir='ltr'>a</span> <span class='ocrx_word' id='word_1_18' title='bbox 445 435 620 462; x_wconf 82' lang='lat' dir='ltr'>monasterio</span> <span class='ocrx_word' id='word_1_19' title='bbox 635 443 659 462; x_wconf 87' lang='grc'>5.</span> <span class='ocrx_word' id='word_1_20' title='bbox 679 435 791 461; x_wconf 73' lang='lat' dir='ltr'>Albani.</span> <span class='ocrx_word' id='word_1_21' title='bbox 808 435 888 469; x_wconf 70' lang='lat' dir='ltr'>(nec.</span> <span class='ocrx_word' id='word_1_22' title='bbox 907 436 950 468; x_wconf 67' lang='lat'>27,</span> <span class='ocrx_word' id='word_1_23' title='bbox 967 435 1014 462; x_wconf 83' lang='lat' dir='ltr'>sol.</span> <span class='ocrx_word' id='word_1_24' title='bbox 1033 436 1078 468; x_wconf 70' lang='lat'>42,</span> <span class='ocrx_word' id='word_1_25' title='bbox 1095 443 1129 462; x_wconf 85' lang='lat' dir='ltr'>no</span> <span class='ocrx_word' id='word_1_26' title='bbox 1143 436 1183 468; x_wconf 75' lang='lat'>2.)</span> 
     </span>
    </p>
   </div>
   <div class='ocr_carea' id='block_1_5' title="bbox 263 522 1272 660">
    <p class='ocr_par' dir='ltr' id='par_1_5' title="bbox 263 522 1272 660">
     <span class='ocr_line' id='line_1_6' title="bbox 306 522 1270 561; baseline 0.004 -12"><span class='ocrx_word' id='word_1_27' title='bbox 306 536 319 549; x_wconf 68' lang='grc' dir='ltr'>«ι</span> <span class='ocrx_word' id='word_1_28' title='bbox 339 547 358 552; x_wconf 92' lang='grc'>..</span> <span class='ocrx_word' id='word_1_29' title='bbox 377 522 508 561; x_wconf 77' lang='lat' dir='ltr'>officiali</span> <span class='ocrx_word' id='word_1_30' title='bbox 523 523 674 553; x_wconf 76' lang='lat' dir='ltr'>Trecensi&#39;.</span> <span class='ocrx_word' id='word_1_31' title='bbox 689 522 969 561; x_wconf 82' lang='lat' dir='ltr'>Significaverunt</span> <span class='ocrx_word' id='word_1_32' title='bbox 982 523 1077 554; x_wconf 89' lang='lat' dir='ltr'>nobis</span> <span class='ocrx_word' id='word_1_33' title='bbox 1095 523 1206 554; x_wconf 86' lang='lat' dir='ltr'>dilecti</span> <span class='ocrx_word' id='word_1_34' title='bbox 1223 541 1270 554; x_wconf 86' lang='lat'>-—.</span> 
     </span>
     <span class='ocr_line' id='line_1_7' title="bbox 264 576 1272 615; baseline 0 -9"><span class='ocrx_word' id='word_1_35' title='bbox 264 577 385 606; x_wconf 84' lang='lat' dir='ltr'>Datum</span> <span class='ocrx_word' id='word_1_36' title='bbox 408 576 495 615; x_wconf 83' lang='lat' dir='ltr'>apud</span> <span class='ocrx_word' id='word_1_37' title='bbox 520 576 802 610; x_wconf 87' lang='lat' dir='ltr'>Urbemveterem,</span> <span class='ocrx_word' id='word_1_38' title='bbox 830 576 982 606; x_wconf 79' lang='lat' dir='ltr'>kalendis</span> <span class='ocrx_word' id='word_1_39' title='bbox 1006 576 1160 612; x_wconf 85' lang='lat' dir='ltr'>octobris,</span> <span class='ocrx_word' id='word_1_40' title='bbox 1185 585 1272 607; x_wconf 87' lang='lat' dir='ltr'>anno</span> 
     </span>
     <span class='ocr_line' id='line_1_8' title="bbox 263 630 403 660; baseline -0.007 0"><span class='ocrx_word' id='word_1_41' title='bbox 263 630 370 660; x_wconf 76' lang='lat' dir='ltr'>tertio.</span> <span class='ocrx_word' id='word_1_42' title='bbox 388 641 403 656; x_wconf 82' lang='grc'>11</span> 
     </span>
    </p>
   </div>
   <div class='ocr_carea' id='block_1_6' title="bbox 862 791 1200 824">
    <p class='ocr_par' dir='ltr' id='par_1_6' title="bbox 862 791 1200 824">
     <span class='ocr_line' id='line_1_9' title="bbox 862 791 1200 824; baseline 0 -7"><span class='ocrx_word' id='word_1_43' title='bbox 862 791 985 824; x_wconf 84' lang='lat' dir='ltr'>Orvieto,</span> <span class='ocrx_word' id='word_1_44' title='bbox 1002 793 1016 816; x_wconf 88' lang='grc'><strong>7</strong></span> <span class='ocrx_word' id='word_1_45' title='bbox 1033 791 1105 818; x_wconf 81' lang='lat' dir='ltr'>avril</span> <span class='ocrx_word' id='word_1_46' title='bbox 1124 792 1200 817; x_wconf 58' lang='lat' dir='ltr'>ieci.</span> 
     </span>
    </p>
   </div>
   <div class='ocr_carea' id='block_1_7' title="bbox 332 794 403 825">
    <p class='ocr_par' dir='ltr' id='par_1_7' title="bbox 332 794 403 825">
     <span class='ocr_line' id='line_1_10' title="bbox 332 794 403 825; baseline 0 -1"><span class='ocrx_word' id='word_1_47' title='bbox 332 794 403 825; x_wconf 75' lang='lat'>169</span> 
     </span>
    </p>
   </div>
   <div class='ocr_carea' id='block_1_8' title="bbox 265 875 1271 1006">
    <p class='ocr_par' dir='ltr' id='par_1_8' title="bbox 265 875 1271 1006">
     <span class='ocr_line' id='line_1_11' title="bbox 301 875 1271 910; baseline -0.001 -8"><span class='ocrx_word' id='word_1_48' title='bbox 301 876 519 910; x_wconf 71' lang='lat' dir='ltr'>Areliiepiscopo</span> <span class='ocrx_word' id='word_1_49' title='bbox 534 875 738 909; x_wconf 68' lang='lat' dir='ltr'>burdegalensi</span> <span class='ocrx_word' id='word_1_50' title='bbox 756 875 874 901; x_wconf 77' lang='lat' dir='ltr'>mundat</span> <span class='ocrx_word' id='word_1_51' title='bbox 888 877 1028 908; x_wconf 80' lang='lat' dir='ltr'>quatenus</span> <span class='ocrx_word' id='word_1_52' title='bbox 1042 875 1116 901; x_wconf 83' lang='lat' dir='ltr'>bona</span> <span class='ocrx_word' id='word_1_53' title='bbox 1127 875 1271 908; x_wconf 83' lang='lat' dir='ltr'>quondam</span> 
     </span>
     <span class='ocr_line' id='line_1_12' title="bbox 265 922 1268 959; baseline -0.002 -8"><span class='ocrx_word' id='word_1_54' title='bbox 265 925 443 959; x_wconf 72' lang='lat' dir='ltr'>Agcnnensis</span> <span class='ocrx_word' id='word_1_55' title='bbox 456 924 580 958; x_wconf 80' lang='lat' dir='ltr'>episcopi</span> <span class='ocrx_word' id='word_1_56' title='bbox 591 923 686 950; x_wconf 77' lang='lat' dir='ltr'>saisiri</span> <span class='ocrx_word' id='word_1_57' title='bbox 699 925 726 949; x_wconf 89' lang='lat' dir='ltr'>et</span> <span class='ocrx_word' id='word_1_58' title='bbox 740 923 879 950; x_wconf 78' lang='lat' dir='ltr'>custodiri</span> <span class='ocrx_word' id='word_1_59' title='bbox 896 922 995 949; x_wconf 80' lang='lat' dir='ltr'>saciat.</span> <span class='ocrx_word' id='word_1_60' title='bbox 1010 923 1088 957; x_wconf 71' lang='lat' dir='ltr'>(ltnc.</span> <span class='ocrx_word' id='word_1_61' title='bbox 1105 925 1149 955; x_wconf 67' lang='grc' dir='ltr'>ΞΤ,</span> <span class='ocrx_word' id='word_1_62' title='bbox 1167 923 1216 950; x_wconf 86' lang='lat' dir='ltr'>sol.</span> <span class='ocrx_word' id='word_1_63' title='bbox 1237 924 1268 949; x_wconf 69' lang='lat'>22</span> 
     </span>
     <span class='ocr_line' id='line_1_13' title="bbox 265 975 352 1006; baseline 0 -7"><span class='ocrx_word' id='word_1_64' title='bbox 265 982 297 999; x_wconf 80' lang='lat' dir='ltr'>no</span> <span class='ocrx_word' id='word_1_65' title='bbox 312 975 352 1006; x_wconf 73' lang='lat'><em>33.)</em></span> 
     </span>
    </p>
   </div>
   <div class='ocr_carea' id='block_1_9' title="bbox 262 1055 1276 2152">
    <p class='ocr_par' dir='ltr' id='par_1_9' title="bbox 262 1055 1276 2152">
     <span class='ocr_line' id='line_1_14' title="bbox 304 1055 1273 1095; baseline 0.002 -12"><span class='ocrx_word' id='word_1_66' title='bbox 304 1069 319 1083; x_wconf 88' lang='lat'>«</span> <span class='ocrx_word' id='word_1_67' title='bbox 348 1080 367 1087; x_wconf 90' lang='lat'>..</span> <span class='ocrx_word' id='word_1_68' title='bbox 390 1055 619 1095; x_wconf 74' lang='lat' dir='ltr'><em>archiepiscopo</em></span> <span class='ocrx_word' id='word_1_69' title='bbox 637 1055 864 1095; x_wconf 72' lang='lat' dir='ltr'>Burdiqalensi.</span> <span class='ocrx_word' id='word_1_70' title='bbox 884 1055 968 1085; x_wconf 87' lang='lat' dir='ltr'>Cum</span> <span class='ocrx_word' id='word_1_71' title='bbox 984 1055 1068 1085; x_wconf 86' lang='lat' dir='ltr'>bone</span> <span class='ocrx_word' id='word_1_72' title='bbox 1086 1055 1233 1085; x_wconf 85' lang='lat' dir='ltr'>menorie</span> <span class='ocrx_word' id='word_1_73' title='bbox 1255 1079 1273 1085; x_wconf 88' lang='lat'>..</span> 
     </span>
     <span class='ocr_line' id='line_1_15' title="bbox 265 1108 1274 1149; baseline -0.002 -9"><span class='ocrx_word' id='word_1_74' title='bbox 265 1110 474 1149; x_wconf 72' lang='lat' dir='ltr'>Agennensis</span> <span class='ocrx_word' id='word_1_75' title='bbox 498 1109 688 1148; x_wconf 88' lang='lat' dir='ltr'>episcopus,</span> <span class='ocrx_word' id='word_1_76' title='bbox 704 1108 855 1145; x_wconf 86' lang='lat' dir='ltr'>sit,sicut</span> <span class='ocrx_word' id='word_1_77' title='bbox 877 1109 1077 1147; x_wconf 87' lang='lat' dir='ltr'>accepimus,</span> <span class='ocrx_word' id='word_1_78' title='bbox 1096 1109 1184 1138; x_wconf 84' lang='lat' dir='ltr'>viam</span> <span class='ocrx_word' id='word_1_79' title='bbox 1202 1108 1274 1138; x_wconf 90' lang='lat' dir='ltr'>uui-</span> 
     </span>
     <span class='ocr_line' id='line_1_16' title="bbox 264 1161 1275 1200; baseline -0.002 -7"><span class='ocrx_word' id='word_1_80' title='bbox 264 1171 359 1193; x_wconf 86' lang='lat' dir='ltr'>verse</span> <span class='ocrx_word' id='word_1_81' title='bbox 389 1162 499 1193; x_wconf 87' lang='lat' dir='ltr'>carnis</span> <span class='ocrx_word' id='word_1_82' title='bbox 529 1162 712 1200; x_wconf 82' lang='lat' dir='ltr'>ingressus,</span> <span class='ocrx_word' id='word_1_83' title='bbox 743 1161 897 1200; x_wconf 80' lang='lat' dir='ltr'>idemque</span> <span class='ocrx_word' id='word_1_84' title='bbox 927 1161 1103 1200; x_wconf 87' lang='lat' dir='ltr'>episcopus</span> <span class='ocrx_word' id='word_1_85' title='bbox 1136 1161 1275 1192; x_wconf 84' lang='lat' dir='ltr'>multam</span> 
     </span>
     <span class='ocr_line' id='line_1_17' title="bbox 263 1215 1275 1256; baseline -0.002 -9"><span class='ocrx_word' id='word_1_86' title='bbox 263 1217 437 1256; x_wconf 86' lang='lat' dir='ltr'>pecuniam</span> <span class='ocrx_word' id='word_1_87' title='bbox 454 1216 623 1254; x_wconf 83' lang='lat' dir='ltr'>multaque</span> <span class='ocrx_word' id='word_1_88' title='bbox 641 1215 728 1245; x_wconf 86' lang='lat' dir='ltr'>bona</span> <span class='ocrx_word' id='word_1_89' title='bbox 744 1215 892 1249; x_wconf 86' lang='lat' dir='ltr'>mobilia,</span> <span class='ocrx_word' id='word_1_90' title='bbox 909 1224 972 1254; x_wconf 88' lang='lat' dir='ltr'>que</span> <span class='ocrx_word' id='word_1_91' title='bbox 985 1224 1050 1245; x_wconf 92' lang='lat' dir='ltr'>non</span> <span class='ocrx_word' id='word_1_92' title='bbox 1067 1215 1275 1245; x_wconf 76' lang='lat' dir='ltr'>obvenerunt</span> 
     </span>
     <span class='ocr_line' id='line_1_18' title="bbox 263 1268 1274 1308; baseline -0.002 -8"><span class='ocrx_word' id='word_1_93' title='bbox 263 1270 294 1300; x_wconf 86' lang='grc'>01</span> <span class='ocrx_word' id='word_1_94' title='bbox 311 1270 350 1300; x_wconf 85' lang='grc'>(10</span> <span class='ocrx_word' id='word_1_95' title='bbox 375 1269 591 1308; x_wconf 78' lang='lat' dir='ltr'>proventibus</span> <span class='ocrx_word' id='word_1_96' title='bbox 614 1268 824 1307; x_wconf 75' lang='lat' dir='ltr'>Agennensis</span> <span class='ocrx_word' id='word_1_97' title='bbox 841 1268 990 1303; x_wconf 81' lang='lat' dir='ltr'>ecclesie,</span> <span class='ocrx_word' id='word_1_98' title='bbox 1014 1268 1171 1298; x_wconf 77' lang='lat' dir='ltr'>habuisse</span> <span class='ocrx_word' id='word_1_99' title='bbox 1188 1268 1274 1298; x_wconf 88' lang='lat' dir='ltr'>dica-</span> 
     </span>
     <span class='ocr_line' id='line_1_19' title="bbox 262 1320 1275 1360; baseline -0.002 -8"><span class='ocrx_word' id='word_1_100' title='bbox 262 1324 327 1357; x_wconf 90' lang='lat' dir='ltr'>tur,</span> <span class='ocrx_word' id='word_1_101' title='bbox 344 1331 405 1352; x_wconf 90' lang='lat' dir='ltr'>nos</span> <span class='ocrx_word' id='word_1_102' title='bbox 422 1321 573 1352; x_wconf 78' lang='lat' dir='ltr'>nolentes</span> <span class='ocrx_word' id='word_1_103' title='bbox 588 1322 623 1351; x_wconf 89' lang='lat' dir='ltr'>ut</span> <span class='ocrx_word' id='word_1_104' title='bbox 638 1321 779 1360; x_wconf 84' lang='lat' dir='ltr'>pecunia</span> <span class='ocrx_word' id='word_1_105' title='bbox 793 1321 824 1350; x_wconf 91' lang='lat' dir='ltr'>et</span> <span class='ocrx_word' id='word_1_106' title='bbox 838 1320 925 1351; x_wconf 87' lang='lat' dir='ltr'>bona</span> <span class='ocrx_word' id='word_1_107' title='bbox 941 1320 1133 1359; x_wconf 86' lang='lat' dir='ltr'>hujusmodi</span> <span class='ocrx_word' id='word_1_108' title='bbox 1150 1321 1275 1351; x_wconf 91' lang='lat' dir='ltr'>inutili-</span> 
     </span>
     <span class='ocr_line' id='line_1_20' title="bbox 263 1373 1276 1414; baseline -0.001 -9"><span class='ocrx_word' id='word_1_109' title='bbox 263 1376 312 1405; x_wconf 90' lang='lat' dir='ltr'>ter</span> <span class='ocrx_word' id='word_1_110' title='bbox 329 1375 572 1414; x_wconf 79' lang='lat' dir='ltr'>dispergantur,</span> <span class='ocrx_word' id='word_1_111' title='bbox 595 1373 791 1404; x_wconf 77' lang='lat' dir='ltr'>fraternitati</span> <span class='ocrx_word' id='word_1_112' title='bbox 812 1375 866 1404; x_wconf 87' lang='lat' dir='ltr'>tue</span> <span class='ocrx_word' id='word_1_113' title='bbox 884 1382 942 1412; x_wconf 92' lang='lat' dir='ltr'>per</span> <span class='ocrx_word' id='word_1_114' title='bbox 959 1374 1140 1412; x_wconf 84' lang='lat' dir='ltr'>apostolica</span> <span class='ocrx_word' id='word_1_115' title='bbox 1154 1374 1276 1413; x_wconf 86' lang='lat' dir='ltr'>scripta</span> 
     </span>
     <span class='ocr_line' id='line_1_21' title="bbox 264 1427 1275 1466; baseline -0.002 -8"><span class='ocrx_word' id='word_1_116' title='bbox 264 1428 462 1458; x_wconf 81' lang='lat' dir='ltr'>mandamus</span> <span class='ocrx_word' id='word_1_117' title='bbox 480 1428 644 1466; x_wconf 83' lang='lat' dir='ltr'>quatenus</span> <span class='ocrx_word' id='word_1_118' title='bbox 660 1427 699 1457; x_wconf 89' lang='lat' dir='ltr'>de</span> <span class='ocrx_word' id='word_1_119' title='bbox 716 1427 873 1465; x_wconf 87' lang='lat' dir='ltr'>predictis</span> <span class='ocrx_word' id='word_1_120' title='bbox 889 1427 1029 1464; x_wconf 86' lang='lat' dir='ltr'>pecunia</span> <span class='ocrx_word' id='word_1_121' title='bbox 1046 1428 1076 1457; x_wconf 88' lang='lat' dir='ltr'>et</span> <span class='ocrx_word' id='word_1_122' title='bbox 1093 1427 1202 1463; x_wconf 84' lang='lat' dir='ltr'>bonis,</span> <span class='ocrx_word' id='word_1_123' title='bbox 1218 1427 1275 1457; x_wconf 91' lang='lat' dir='ltr'>ubi</span> 
     </span>
     <span class='ocr_line' id='line_1_22' title="bbox 263 1479 1276 1518; baseline -0.001 -8"><span class='ocrx_word' id='word_1_124' title='bbox 263 1481 416 1511; x_wconf 81' lang='lat' dir='ltr'>videlicet</span> <span class='ocrx_word' id='word_1_125' title='bbox 436 1482 467 1510; x_wconf 89' lang='lat' dir='ltr'>et</span> <span class='ocrx_word' id='word_1_126' title='bbox 485 1480 572 1518; x_wconf 89' lang='lat' dir='ltr'>apud</span> <span class='ocrx_word' id='word_1_127' title='bbox 597 1488 696 1518; x_wconf 79' lang='lat' dir='ltr'>quem</span> <span class='ocrx_word' id='word_1_128' title='bbox 725 1479 791 1509; x_wconf 90' lang='lat' dir='ltr'>sint</span> <span class='ocrx_word' id='word_1_129' title='bbox 819 1479 980 1518; x_wconf 85' lang='lat' dir='ltr'>deposita,</span> <span class='ocrx_word' id='word_1_130' title='bbox 1005 1488 1063 1518; x_wconf 89' lang='lat' dir='ltr'>per</span> <span class='ocrx_word' id='word_1_131' title='bbox 1087 1480 1117 1510; x_wconf 91' lang='lat' dir='ltr'>te</span> <span class='ocrx_word' id='word_1_132' title='bbox 1145 1479 1199 1509; x_wconf 88' lang='lat' dir='ltr'>vel</span> <span class='ocrx_word' id='word_1_133' title='bbox 1217 1488 1276 1518; x_wconf 89' lang='lat' dir='ltr'>per</span> 
     </span>
     <span class='ocr_line' id='line_1_23' title="bbox 263 1532 1275 1571; baseline -0.002 -8"><span class='ocrx_word' id='word_1_134' title='bbox 263 1534 366 1563; x_wconf 90' lang='lat' dir='ltr'>alium</span> <span class='ocrx_word' id='word_1_135' title='bbox 384 1542 442 1564; x_wconf 90' lang='lat' dir='ltr'>seu</span> <span class='ocrx_word' id='word_1_136' title='bbox 460 1533 543 1563; x_wconf 87' lang='lat' dir='ltr'>alios</span> <span class='ocrx_word' id='word_1_137' title='bbox 558 1533 734 1571; x_wconf 73' lang='lat' dir='ltr'>diligenter</span> <span class='ocrx_word' id='word_1_138' title='bbox 751 1532 935 1570; x_wconf 57' lang='lat' dir='ltr'>inquirens</span> <span class='ocrx_word' id='word_1_139' title='bbox 949 1532 1124 1571; x_wconf 88' lang='lat' dir='ltr'>pecuniam</span> <span class='ocrx_word' id='word_1_140' title='bbox 1143 1533 1174 1562; x_wconf 86' lang='lat' dir='ltr'>et</span> <span class='ocrx_word' id='word_1_141' title='bbox 1189 1532 1275 1562; x_wconf 88' lang='lat' dir='ltr'>bona</span> 
     </span>
     <span class='ocr_line' id='line_1_24' title="bbox 262 1584 1275 1624; baseline -0.001 -8"><span class='ocrx_word' id='word_1_142' title='bbox 262 1587 376 1617; x_wconf 82' lang='lat' dir='ltr'>eadem</span> <span class='ocrx_word' id='word_1_143' title='bbox 395 1586 483 1624; x_wconf 88' lang='lat' dir='ltr'>apud</span> <span class='ocrx_word' id='word_1_144' title='bbox 505 1593 747 1624; x_wconf 83' lang='lat' dir='ltr'>quemcumque</span> <span class='ocrx_word' id='word_1_145' title='bbox 771 1585 823 1614; x_wconf 82' lang='lat' dir='ltr'>vel</span> <span class='ocrx_word' id='word_1_146' title='bbox 848 1593 1075 1623; x_wconf 84' lang='lat' dir='ltr'>quoscumque</span> <span class='ocrx_word' id='word_1_147' title='bbox 1100 1584 1159 1614; x_wconf 88' lang='lat' dir='ltr'>illa</span> <span class='ocrx_word' id='word_1_148' title='bbox 1184 1584 1275 1615; x_wconf 80' lang='lat' dir='ltr'>inve-</span> 
     </span>
     <span class='ocr_line' id='line_1_25' title="bbox 264 1637 1276 1675; baseline -0.002 -6"><span class='ocrx_word' id='word_1_149' title='bbox 264 1639 364 1673; x_wconf 72' lang='lat' dir='ltr'>neris,</span> <span class='ocrx_word' id='word_1_150' title='bbox 383 1638 576 1669; x_wconf 87' lang='lat' dir='ltr'>auctoritate</span> <span class='ocrx_word' id='word_1_151' title='bbox 593 1639 706 1668; x_wconf 90' lang='lat' dir='ltr'>nostra</span> <span class='ocrx_word' id='word_1_152' title='bbox 729 1637 847 1667; x_wconf 78' lang='lat' dir='ltr'>saisire</span> <span class='ocrx_word' id='word_1_153' title='bbox 866 1645 1036 1675; x_wconf 80' lang='lat' dir='ltr'>procures,</span> <span class='ocrx_word' id='word_1_154' title='bbox 1057 1637 1180 1675; x_wconf 81' lang='lat' dir='ltr'>illaque</span> <span class='ocrx_word' id='word_1_155' title='bbox 1196 1638 1276 1667; x_wconf 88' lang='lat' dir='ltr'>tam-</span> 
     </span>
     <span class='ocr_line' id='line_1_26' title="bbox 262 1690 1275 1728; baseline -0.003 -6"><span class='ocrx_word' id='word_1_156' title='bbox 262 1692 319 1722; x_wconf 88' lang='lat' dir='ltr'>diu</span> <span class='ocrx_word' id='word_1_157' title='bbox 335 1691 436 1722; x_wconf 80' lang='lat' dir='ltr'>facias</span> <span class='ocrx_word' id='word_1_158' title='bbox 452 1691 595 1721; x_wconf 88' lang='lat' dir='ltr'>fideliter</span> <span class='ocrx_word' id='word_1_159' title='bbox 611 1690 785 1725; x_wconf 88' lang='lat' dir='ltr'>custodiri,</span> <span class='ocrx_word' id='word_1_160' title='bbox 802 1690 1060 1720; x_wconf 78' lang='lat' dir='ltr'>contradictores</span> <span class='ocrx_word' id='word_1_161' title='bbox 1077 1698 1136 1728; x_wconf 90' lang='lat' dir='ltr'>per</span> <span class='ocrx_word' id='word_1_162' title='bbox 1157 1698 1275 1720; x_wconf 83' lang='lat' dir='ltr'>censu-</span> 
     </span>
     <span class='ocr_line' id='line_1_27' title="bbox 263 1742 1273 1782; baseline -0.003 -7"><span class='ocrx_word' id='word_1_163' title='bbox 263 1753 332 1775; x_wconf 83' lang='lat' dir='ltr'>ram</span> <span class='ocrx_word' id='word_1_164' title='bbox 355 1744 624 1780; x_wconf 84' lang='lat' dir='ltr'>ecclesiasticam,</span> <span class='ocrx_word' id='word_1_165' title='bbox 653 1743 874 1782; x_wconf 75' lang='lat' dir='ltr'>appellatione</span> <span class='ocrx_word' id='word_1_166' title='bbox 903 1742 1099 1781; x_wconf 87' lang='lat' dir='ltr'>postposita,</span> <span class='ocrx_word' id='word_1_167' title='bbox 1127 1751 1273 1781; x_wconf 89' lang='lat' dir='ltr'>compes-</span> 
     </span>
     <span class='ocr_line' id='line_1_28' title="bbox 262 1795 1275 1834; baseline -0.002 -7"><span class='ocrx_word' id='word_1_168' title='bbox 262 1797 376 1833; x_wconf 87' lang='lat' dir='ltr'>cendo,</span> <span class='ocrx_word' id='word_1_169' title='bbox 409 1797 512 1827; x_wconf 90' lang='lat' dir='ltr'>donec</span> <span class='ocrx_word' id='word_1_170' title='bbox 547 1798 698 1827; x_wconf 84' lang='lat' dir='ltr'>nostruin</span> <span class='ocrx_word' id='word_1_171' title='bbox 726 1796 787 1826; x_wconf 88' lang='lat' dir='ltr'>tibi</span> <span class='ocrx_word' id='word_1_172' title='bbox 818 1804 919 1834; x_wconf 87' lang='lat' dir='ltr'>super</span> <span class='ocrx_word' id='word_1_173' title='bbox 943 1795 1004 1825; x_wconf 90' lang='lat' dir='ltr'>hoc</span> <span class='ocrx_word' id='word_1_174' title='bbox 1029 1795 1275 1833; x_wconf 85' lang='lat' dir='ltr'>beneplacitum</span> 
     </span>
     <span class='ocr_line' id='line_1_29' title="bbox 262 1848 1275 1887; baseline -0.003 -7"><span class='ocrx_word' id='word_1_175' title='bbox 262 1850 456 1880; x_wconf 79' lang='lat' dir='ltr'>duxerimus</span> <span class='ocrx_word' id='word_1_176' title='bbox 467 1849 700 1885; x_wconf 85' lang='lat' dir='ltr'>intimandum,</span> <span class='ocrx_word' id='word_1_177' title='bbox 719 1849 815 1879; x_wconf 89' lang='lat' dir='ltr'>nobis</span> <span class='ocrx_word' id='word_1_178' title='bbox 828 1849 907 1887; x_wconf 83' lang='lat' dir='ltr'>quid</span> <span class='ocrx_word' id='word_1_179' title='bbox 920 1850 951 1878; x_wconf 87' lang='lat' dir='ltr'>et</span> <span class='ocrx_word' id='word_1_180' title='bbox 966 1849 1128 1886; x_wconf 84' lang='lat' dir='ltr'>quantum</span> <span class='ocrx_word' id='word_1_181' title='bbox 1143 1849 1175 1878; x_wconf 83' lang='lat' dir='ltr'>et</span> <span class='ocrx_word' id='word_1_182' title='bbox 1188 1848 1275 1887; x_wconf 84' lang='lat' dir='ltr'>apud</span> 
     </span>
     <span class='ocr_line' id='line_1_30' title="bbox 262 1901 1275 1941; baseline -0.004 -8"><span class='ocrx_word' id='word_1_183' title='bbox 262 1911 346 1941; x_wconf 83' lang='lat' dir='ltr'>quos</span> <span class='ocrx_word' id='word_1_184' title='bbox 362 1903 402 1932; x_wconf 89' lang='lat' dir='ltr'>de</span> <span class='ocrx_word' id='word_1_185' title='bbox 425 1902 582 1941; x_wconf 84' lang='lat' dir='ltr'>predictis</span> <span class='ocrx_word' id='word_1_186' title='bbox 599 1901 740 1940; x_wconf 81' lang='lat' dir='ltr'>pecunia</span> <span class='ocrx_word' id='word_1_187' title='bbox 764 1902 795 1931; x_wconf 86' lang='lat' dir='ltr'>et</span> <span class='ocrx_word' id='word_1_188' title='bbox 815 1901 913 1931; x_wconf 88' lang='lat' dir='ltr'>bonis</span> <span class='ocrx_word' id='word_1_189' title='bbox 932 1901 1100 1931; x_wconf 85' lang='lat' dir='ltr'>inveneris</span> <span class='ocrx_word' id='word_1_190' title='bbox 1116 1902 1146 1930; x_wconf 89' lang='lat' dir='ltr'>et</span> <span class='ocrx_word' id='word_1_191' title='bbox 1163 1901 1275 1930; x_wconf 87' lang='lat' dir='ltr'>utrum</span> 
     </span>
     <span class='ocr_line' id='line_1_31' title="bbox 263 1953 1275 1994; baseline -0.003 -9"><span class='ocrx_word' id='word_1_192' title='bbox 263 1955 428 1994; x_wconf 86' lang='lat' dir='ltr'>predictus</span> <span class='ocrx_word' id='word_1_193' title='bbox 466 1955 643 1993; x_wconf 88' lang='lat' dir='ltr'>episcopus</span> <span class='ocrx_word' id='word_1_194' title='bbox 689 1953 873 1984; x_wconf 82' lang='lat' dir='ltr'>condiderit</span> <span class='ocrx_word' id='word_1_195' title='bbox 904 1954 1152 1989; x_wconf 85' lang='lat' dir='ltr'>testamentum,</span> <span class='ocrx_word' id='word_1_196' title='bbox 1187 1954 1228 1988; x_wconf 89' lang='lat' dir='ltr'>et,</span> <span class='ocrx_word' id='word_1_197' title='bbox 1247 1953 1275 1982; x_wconf 88' lang='lat' dir='ltr'>si</span> 
     </span>
     <span class='ocr_line' id='line_1_32' title="bbox 263 2005 1276 2046; baseline -0.002 -9"><span class='ocrx_word' id='word_1_198' title='bbox 263 2008 398 2046; x_wconf 83' lang='lat' dir='ltr'>aliquod</span> <span class='ocrx_word' id='word_1_199' title='bbox 413 2007 571 2041; x_wconf 78' lang='lat' dir='ltr'>condidit,</span> <span class='ocrx_word' id='word_1_200' title='bbox 589 2007 729 2037; x_wconf 86' lang='lat' dir='ltr'>formam</span> <span class='ocrx_word' id='word_1_201' title='bbox 745 2007 815 2044; x_wconf 88' lang='lat' dir='ltr'>ejus</span> <span class='ocrx_word' id='word_1_202' title='bbox 834 2007 865 2036; x_wconf 90' lang='lat' dir='ltr'>et</span> <span class='ocrx_word' id='word_1_203' title='bbox 881 2006 1038 2044; x_wconf 73' lang='lat' dir='ltr'>quicquid</span> <span class='ocrx_word' id='word_1_204' title='bbox 1054 2006 1094 2035; x_wconf 91' lang='lat' dir='ltr'>de</span> <span class='ocrx_word' id='word_1_205' title='bbox 1110 2005 1176 2035; x_wconf 90' lang='lat' dir='ltr'>hiis</span> <span class='ocrx_word' id='word_1_206' title='bbox 1190 2014 1276 2035; x_wconf 86' lang='lat' dir='ltr'>com-</span> 
     </span>
     <span class='ocr_line' id='line_1_33' title="bbox 263 2058 1274 2099; baseline -0.002 -9"><span class='ocrx_word' id='word_1_207' title='bbox 263 2060 389 2099; x_wconf 89' lang='lat' dir='ltr'>pereris</span> <span class='ocrx_word' id='word_1_208' title='bbox 407 2061 462 2090; x_wconf 85' lang='lat' dir='ltr'>aut</span> <span class='ocrx_word' id='word_1_209' title='bbox 478 2060 562 2089; x_wconf 88' lang='lat' dir='ltr'>scire</span> <span class='ocrx_word' id='word_1_210' title='bbox 580 2059 714 2098; x_wconf 86' lang='lat' dir='ltr'>poteris,</span> <span class='ocrx_word' id='word_1_211' title='bbox 734 2059 875 2089; x_wconf 87' lang='lat' dir='ltr'>fideliter</span> <span class='ocrx_word' id='word_1_212' title='bbox 894 2059 1128 2098; x_wconf 83' lang='lat' dir='ltr'>rescripturus.</span> <span class='ocrx_word' id='word_1_213' title='bbox 1148 2058 1274 2088; x_wconf 87' lang='lat' dir='ltr'>Datum</span> 
     </span>
     <span class='ocr_line' id='line_1_34' title="bbox 263 2111 1205 2152; baseline -0.002 -9"><span class='ocrx_word' id='word_1_214' title='bbox 263 2113 350 2152; x_wconf 87' lang='lat' dir='ltr'>apud</span> <span class='ocrx_word' id='word_1_215' title='bbox 366 2113 646 2147; x_wconf 83' lang='lat' dir='ltr'>Urbemveterem,</span> <span class='ocrx_word' id='word_1_216' title='bbox 665 2121 710 2141; x_wconf 90' lang='lat' dir='ltr'>vn</span> <span class='ocrx_word' id='word_1_217' title='bbox 728 2112 802 2142; x_wconf 85' lang='lat' dir='ltr'>idus</span> <span class='ocrx_word' id='word_1_218' title='bbox 818 2111 946 2151; x_wconf 78' lang='lat' dir='ltr'>aprilis,</span> <span class='ocrx_word' id='word_1_219' title='bbox 961 2120 1048 2142; x_wconf 86' lang='lat' dir='ltr'>auno</span> <span class='ocrx_word' id='word_1_220' title='bbox 1065 2111 1172 2142; x_wconf 89' lang='lat' dir='ltr'>tertio.</span> <span class='ocrx_word' id='word_1_221' title='bbox 1191 2124 1205 2137; x_wconf 70' lang='lat' dir='ltr'>n</span> 
     </span>
    </p>
   </div>
   <div class='ocr_carea' id='block_1_10' title="bbox 333 2302 404 2333">
    <p class='ocr_par' dir='ltr' id='par_1_10' title="bbox 333 2302 404 2333">
     <span class='ocr_line' id='line_1_35' title="bbox 333 2302 404 2333; baseline -0.028 0"><span class='ocrx_word' id='word_1_222' title='bbox 333 2303 349 2333; x_wconf 79' lang='lat'>1</span> <span class='ocrx_word' id='word_1_223' title='bbox 358 2302 404 2332; x_wconf 83' lang='lat'>70</span> 
     </span>
    </p>
   </div>
   <div class='ocr_carea' id='block_1_11' title="bbox 863 2300 1204 2333">
    <p class='ocr_par' dir='ltr' id='par_1_11' title="bbox 863 2300 1204 2333">
     <span class='ocr_line' id='line_1_36' title="bbox 863 2300 1204 2333; baseline 0 -7"><span class='ocrx_word' id='word_1_224' title='bbox 863 2300 986 2333; x_wconf 76' lang='lat' dir='ltr'>Orvieto,</span> <span class='ocrx_word' id='word_1_225' title='bbox 1007 2302 1019 2326; x_wconf 83' lang='lat'><strong>7</strong></span> <span class='ocrx_word' id='word_1_226' title='bbox 1035 2300 1108 2326; x_wconf 82' lang='lat' dir='ltr'>avril</span> <span class='ocrx_word' id='word_1_227' title='bbox 1128 2301 1204 2327; x_wconf 65' lang='lat'>1262.</span> 
     </span>
    </p>
   </div>
   <div class='ocr_carea' id='block_1_12' title="bbox 264 2382 1276 2613">
    <p class='ocr_par' dir='ltr' id='par_1_12' title="bbox 264 2382 1276 2613">
     <span class='ocr_line' id='line_1_37' title="bbox 300 2382 1276 2418; baseline 0 -8"><span class='ocrx_word' id='word_1_228' title='bbox 300 2384 437 2418; x_wconf 82' lang='lat' dir='ltr'>Episcopo</span> <span class='ocrx_word' id='word_1_229' title='bbox 453 2382 645 2418; x_wconf 63' lang='lat' dir='ltr'>Blagalonensi</span> <span class='ocrx_word' id='word_1_230' title='bbox 657 2382 691 2409; x_wconf 90' lang='lat' dir='ltr'>de</span> <span class='ocrx_word' id='word_1_231' title='bbox 707 2383 795 2417; x_wconf 87' lang='lat' dir='ltr'>priori</span> <span class='ocrx_word' id='word_1_232' title='bbox 814 2391 836 2410; x_wconf 90' lang='lat' dir='ltr'>s.</span> <span class='ocrx_word' id='word_1_233' title='bbox 851 2382 976 2409; x_wconf 82' lang='lat' dir='ltr'>Firmini</span> <span class='ocrx_word' id='word_1_234' title='bbox 993 2383 1027 2409; x_wconf 89' lang='lat' dir='ltr'>de</span> <span class='ocrx_word' id='word_1_235' title='bbox 1043 2383 1276 2417; x_wconf 75' lang='lat' dir='ltr'>Montcpesulano</span> 
     </span>
     <span class='ocr_line' id='line_1_38' title="bbox 266 2431 1275 2466; baseline 0 -7"><span class='ocrx_word' id='word_1_236' title='bbox 266 2433 385 2460; x_wconf 82' lang='lat' dir='ltr'>mundat</span> <span class='ocrx_word' id='word_1_237' title='bbox 403 2434 431 2458; x_wconf 94' lang='lat' dir='ltr'>ut</span> <span class='ocrx_word' id='word_1_238' title='bbox 449 2431 656 2458; x_wconf 76' lang='lat' dir='ltr'>mercatoribus</span> <span class='ocrx_word' id='word_1_239' title='bbox 675 2431 847 2458; x_wconf 77' lang='lat' dir='ltr'>Florentinis</span> <span class='ocrx_word' id='word_1_240' title='bbox 866 2433 893 2457; x_wconf 88' lang='lat' dir='ltr'>et</span> <span class='ocrx_word' id='word_1_241' title='bbox 911 2432 1094 2465; x_wconf 73' lang='lat' dir='ltr'>senensibus,</span> <span class='ocrx_word' id='word_1_242' title='bbox 1113 2432 1188 2466; x_wconf 79' lang='lat' dir='ltr'>apud</span> <span class='ocrx_word' id='word_1_243' title='bbox 1207 2441 1275 2466; x_wconf 85' lang='lat' dir='ltr'>quos</span> 
     </span>
     <span class='ocr_line' id='line_1_39' title="bbox 264 2479 1276 2516; baseline 0 -9"><span class='ocrx_word' id='word_1_244' title='bbox 264 2481 406 2516; x_wconf 82' lang='lat' dir='ltr'>quondam</span> <span class='ocrx_word' id='word_1_245' title='bbox 433 2480 611 2514; x_wconf 70' lang='lat' dir='ltr'>Agennensis</span> <span class='ocrx_word' id='word_1_246' title='bbox 636 2479 787 2514; x_wconf 87' lang='lat' dir='ltr'>episcopus</span> <span class='ocrx_word' id='word_1_247' title='bbox 814 2482 893 2506; x_wconf 68' lang='lat' dir='ltr'>certa</span> <span class='ocrx_word' id='word_1_248' title='bbox 918 2480 992 2507; x_wconf 82' lang='lat' dir='ltr'>bona</span> <span class='ocrx_word' id='word_1_249' title='bbox 1018 2488 1070 2507; x_wconf 80' lang='lat' dir='ltr'>sua</span> <span class='ocrx_word' id='word_1_250' title='bbox 1093 2480 1276 2515; x_wconf 72' lang='lat' dir='ltr'>deposuerat,</span> 
     </span>
     <span class='ocr_line' id='line_1_40' title="bbox 265 2527 1276 2564; baseline 0 -8"><span class='ocrx_word' id='word_1_251' title='bbox 265 2529 388 2556; x_wconf 86' lang='lat' dir='ltr'>inhiberi</span> <span class='ocrx_word' id='word_1_252' title='bbox 413 2529 497 2555; x_wconf 83' lang='lat' dir='ltr'>saciat</span> <span class='ocrx_word' id='word_1_253' title='bbox 522 2536 556 2555; x_wconf 89' lang='lat' dir='ltr'>nc</span> <span class='ocrx_word' id='word_1_254' title='bbox 580 2528 613 2554; x_wconf 88' lang='lat' dir='ltr'>de</span> <span class='ocrx_word' id='word_1_255' title='bbox 639 2527 683 2555; x_wconf 87' lang='lat' dir='ltr'>his</span> <span class='ocrx_word' id='word_1_256' title='bbox 708 2528 769 2554; x_wconf 87' lang='lat' dir='ltr'>sine</span> <span class='ocrx_word' id='word_1_257' title='bbox 791 2528 926 2555; x_wconf 78' lang='lat' dir='ltr'>mandato</span> <span class='ocrx_word' id='word_1_258' title='bbox 946 2528 1102 2563; x_wconf 80' lang='lat' dir='ltr'>apostolico</span> <span class='ocrx_word' id='word_1_259' title='bbox 1126 2529 1276 2564; x_wconf 81' lang='lat' dir='ltr'>disponere</span> 
     </span>
     <span class='ocr_line' id='line_1_41' title="bbox 267 2576 857 2613; baseline -0.003 -9"><span class='ocrx_word' id='word_1_260' title='bbox 267 2580 463 2613; x_wconf 81' lang='lat' dir='ltr'>praesumant.</span> <span class='ocrx_word' id='word_1_261' title='bbox 481 2577 560 2611; x_wconf 68' lang='lat' dir='ltr'>(Rae.</span> <span class='ocrx_word' id='word_1_262' title='bbox 578 2578 621 2608; x_wconf 70' lang='lat'>27,</span> <span class='ocrx_word' id='word_1_263' title='bbox 641 2576 690 2603; x_wconf 89' lang='lat' dir='ltr'>sol.</span> <span class='ocrx_word' id='word_1_264' title='bbox 707 2577 752 2608; x_wconf 47' lang='lat'>⁴22,</span> <span class='ocrx_word' id='word_1_265' title='bbox 769 2584 801 2602; x_wconf 81' lang='lat' dir='ltr'>no</span> <span class='ocrx_word' id='word_1_266' title='bbox 818 2577 857 2611; x_wconf 85' lang='lat' dir='ltr'>-i·.)</span> 
     </span>
    </p>
   </div>
   <div class='ocr_carea' id='block_1_13' title="bbox 267 2650 1278 2953">
    <p class='ocr_par' dir='ltr' id='par_1_13' title="bbox 267 2650 1278 2953">
     <span class='ocr_line' id='line_1_42' title="bbox 307 2650 1277 2692; baseline -0.002 -9"><span class='ocrx_word' id='word_1_267' title='bbox 307 2665 321 2680; x_wconf 78' lang='grc' dir='ltr'><strong>(ι</strong></span> <span class='ocrx_word' id='word_1_268' title='bbox 344 2677 364 2683; x_wconf 89' lang='grc'>..</span> <span class='ocrx_word' id='word_1_269' title='bbox 377 2653 514 2692; x_wconf 82' lang='lat' dir='ltr'>episcopo</span> <span class='ocrx_word' id='word_1_270' title='bbox 528 2650 737 2691; x_wconf 71' lang='lat' dir='ltr'>Mayalonensi</span> <span class='ocrx_word' id='word_1_271' title='bbox 751 2657 777 2680; x_wconf 78' lang='lat' dir='ltr'>ee</span> <span class='ocrx_word' id='word_1_272' title='bbox 794 2674 812 2681; x_wconf 89' lang='lat'>..</span> <span class='ocrx_word' id='word_1_273' title='bbox 830 2651 968 2690; x_wconf 70' lang='lat' dir='ltr'>prioris.</span> <span class='ocrx_word' id='word_1_274' title='bbox 988 2651 1119 2681; x_wconf 53' lang='lat' dir='ltr'>Firmum?</span> <span class='ocrx_word' id='word_1_275' title='bbox 1130 2651 1164 2681; x_wconf 77' lang='lat' dir='ltr'>dc</span> <span class='ocrx_word' id='word_1_276' title='bbox 1176 2652 1277 2682; x_wconf 75' lang='grc' dir='ltr'><strong>,11011Ιο</strong></span> 
     </span>
     <span class='ocr_line' id='line_1_43' title="bbox 268 2703 1276 2743; baseline 0 -8"><span class='ocrx_word' id='word_1_277' title='bbox 268 2705 427 2740; x_wconf 48' lang='lat' dir='ltr'>Pes-alano,</span> <span class='ocrx_word' id='word_1_278' title='bbox 445 2705 560 2734; x_wconf 75' lang='lat' dir='ltr'>ordinis</span> <span class='ocrx_word' id='word_1_279' title='bbox 571 2715 596 2733; x_wconf 90' lang='lat' dir='ltr'>s.</span> <span class='ocrx_word' id='word_1_280' title='bbox 608 2704 785 2743; x_wconf 71' lang='lat' dir='ltr'>Auqustini,</span> <span class='ocrx_word' id='word_1_281' title='bbox 804 2704 1027 2743; x_wconf 74' lang='lat' dir='ltr'>illayalonensis</span> <span class='ocrx_word' id='word_1_282' title='bbox 1041 2703 1179 2734; x_wconf 71' lang='lat' dir='ltr'>diocesis.</span> <span class='ocrx_word' id='word_1_283' title='bbox 1193 2704 1276 2735; x_wconf 81' lang='lat' dir='ltr'>Cum</span> 
     </span>
     <span class='ocr_line' id='line_1_44' title="bbox 267 2755 1277 2796; baseline -0.003 -7"><span class='ocrx_word' id='word_1_284' title='bbox 267 2757 532 2794; x_wconf 59' lang='grc'><strong>110110111011101110,</strong></span> <span class='ocrx_word' id='word_1_285' title='bbox 547 2759 621 2791; x_wconf 88' lang='lat' dir='ltr'>etc.,</span> <span class='ocrx_word' id='word_1_286' title='bbox 638 2758 673 2787; x_wconf 90' lang='lat' dir='ltr'>ut</span> <span class='ocrx_word' id='word_1_287' title='bbox 687 2765 788 2796; x_wconf 87' lang='lat' dir='ltr'>supra</span> <span class='ocrx_word' id='word_1_288' title='bbox 804 2765 908 2795; x_wconf 83' lang='lat' dir='ltr'>usquc</span> <span class='ocrx_word' id='word_1_289' title='bbox 925 2757 1109 2795; x_wconf 82' lang='lat' dir='ltr'>ingressus,</span> <span class='ocrx_word' id='word_1_290' title='bbox 1126 2755 1277 2794; x_wconf 80' lang='lat' dir='ltr'>idemque</span> 
     </span>
     <span class='ocr_line' id='line_1_45' title="bbox 267 2808 1278 2851; baseline -0.003 -10"><span class='ocrx_word' id='word_1_291' title='bbox 267 2811 443 2851; x_wconf 88' lang='lat' dir='ltr'>episcopus</span> <span class='ocrx_word' id='word_1_292' title='bbox 468 2818 621 2848; x_wconf 83' lang='lat' dir='ltr'>magnam</span> <span class='ocrx_word' id='word_1_293' title='bbox 646 2810 785 2848; x_wconf 87' lang='lat' dir='ltr'>pecunie</span> <span class='ocrx_word' id='word_1_294' title='bbox 811 2818 977 2840; x_wconf 89' lang='lat' dir='ltr'>summam</span> <span class='ocrx_word' id='word_1_295' title='bbox 1001 2808 1170 2847; x_wconf 86' lang='lat' dir='ltr'>multaque</span> <span class='ocrx_word' id='word_1_296' title='bbox 1191 2808 1278 2838; x_wconf 84' lang='lat' dir='ltr'>bona</span> 
     </span>
     <span class='ocr_line' id='line_1_46' title="bbox 268 2860 1275 2901; baseline -0.001 -8"><span class='ocrx_word' id='word_1_297' title='bbox 268 2863 416 2898; x_wconf 81' lang='lat' dir='ltr'>mobilia,</span> <span class='ocrx_word' id='word_1_298' title='bbox 432 2871 494 2901; x_wconf 85' lang='lat' dir='ltr'>que</span> <span class='ocrx_word' id='word_1_299' title='bbox 514 2871 578 2893; x_wconf 90' lang='lat' dir='ltr'>non</span> <span class='ocrx_word' id='word_1_300' title='bbox 597 2862 804 2893; x_wconf 87' lang='lat' dir='ltr'>obvenerunt</span> <span class='ocrx_word' id='word_1_301' title='bbox 826 2862 857 2893; x_wconf 89' lang='lat' dir='ltr'>ei</span> <span class='ocrx_word' id='word_1_302' title='bbox 877 2862 916 2892; x_wconf 88' lang='lat' dir='ltr'>de</span> <span class='ocrx_word' id='word_1_303' title='bbox 934 2861 1152 2901; x_wconf 81' lang='lat' dir='ltr'>proventibus</span> <span class='ocrx_word' id='word_1_304' title='bbox 1168 2860 1275 2899; x_wconf 77' lang='lat' dir='ltr'>Agen-</span> 
     </span>
     <span class='ocr_line' id='line_1_47' title="bbox 270 2914 1276 2953; baseline -0.003 -8"><span class='ocrx_word' id='word_1_305' title='bbox 270 2915 384 2945; x_wconf 89' lang='lat' dir='ltr'>nensis</span> <span class='ocrx_word' id='word_1_306' title='bbox 407 2915 555 2947; x_wconf 75' lang='lat' dir='ltr'>ecclesie.</span> <span class='ocrx_word' id='word_1_307' title='bbox 579 2915 664 2953; x_wconf 86' lang='lat' dir='ltr'>apud</span> <span class='ocrx_word' id='word_1_308' title='bbox 692 2914 871 2945; x_wconf 88' lang='lat' dir='ltr'>nonnullos</span> <span class='ocrx_word' id='word_1_309' title='bbox 893 2915 1093 2945; x_wconf 76' lang='lat' dir='ltr'>mercatores</span> <span class='ocrx_word' id='word_1_310' title='bbox 1111 2914 1276 2944; x_wconf 74' lang='lat' dir='ltr'>Senenses</span> 
     </span>
    </p>
   </div>
   <div class='ocr_carea' id='block_1_14' title="bbox 1301 311 1306 1406">
    <p class='ocr_par' dir='ltr' id='par_1_14' title="bbox 1301 311 1306 1406">
     <span class='ocr_line' id='line_1_48' title="bbox 1301 311 1306 1406; baseline 0 0"><span class='ocrx_word' id='word_1_311' title='bbox 1301 311 1306 1406; x_wconf 95' lang='lat' dir='ltr'> </span> 
     </span>
    </p>
   </div>
   <div class='ocr_carea' id='block_1_15' title="bbox 1333 304 2347 344">
    <p class='ocr_par' dir='ltr' id='par_1_15' title="bbox 1333 304 2347 344">
     <span class='ocr_line' id='line_1_49' title="bbox 1333 304 2347 344; baseline 0.007 -10"><span class='ocrx_word' id='word_1_312' title='bbox 1333 305 1362 334; x_wconf 90' lang='lat' dir='ltr'>et</span> <span class='ocrx_word' id='word_1_313' title='bbox 1378 304 1590 335; x_wconf 88' lang='lat' dir='ltr'>Florentinos</span> <span class='ocrx_word' id='word_1_314' title='bbox 1604 307 1636 336; x_wconf 90' lang='lat' dir='ltr'>et</span> <span class='ocrx_word' id='word_1_315' title='bbox 1650 314 1811 344; x_wconf 76' lang='lat' dir='ltr'>personas</span> <span class='ocrx_word' id='word_1_316' title='bbox 1832 306 1916 336; x_wconf 81' lang='lat' dir='ltr'>alias</span> <span class='ocrx_word' id='word_1_317' title='bbox 1936 307 1970 337; x_wconf 91' lang='lat' dir='ltr'>in</span> <span class='ocrx_word' id='word_1_318' title='bbox 1985 307 2097 338; x_wconf 79' lang='lat' dir='ltr'>Monte</span> <span class='ocrx_word' id='word_1_319' title='bbox 2119 309 2286 340; x_wconf 86' lang='lat' dir='ltr'>Pesulano</span> <span class='ocrx_word' id='word_1_320' title='bbox 2314 311 2347 340; x_wconf 85' lang='lat' dir='ltr'>et</span> 
     </span>
    </p>
   </div>
   <div class='ocr_carea' id='block_1_16' title="bbox 1301 357 2344 398">
    <p class='ocr_par' dir='ltr' id='par_1_16' title="bbox 1301 357 2344 398">
     <span class='ocr_line' id='line_1_50' title="bbox 1301 357 2344 398; baseline 0.005 -10"><span class='ocrx_word' id='word_1_321' title='bbox 1301 384 1303 396; x_wconf 89' lang='lat'><strong><em>‚</em></strong></span> <span class='ocrx_word' id='word_1_322' title='bbox 1332 357 1412 388; x_wconf 91' lang='lat' dir='ltr'>alibi</span> <span class='ocrx_word' id='word_1_323' title='bbox 1437 358 1537 388; x_wconf 87' lang='lat' dir='ltr'>etiam</span> <span class='ocrx_word' id='word_1_324' title='bbox 1559 360 1812 393; x_wconf 84' lang='lat' dir='ltr'>commorantes,</span> <span class='ocrx_word' id='word_1_325' title='bbox 1830 359 2026 398; x_wconf 74' lang='lat' dir='ltr'>deposuisse</span> <span class='ocrx_word' id='word_1_326' title='bbox 2051 360 2192 396; x_wconf 84' lang='lat' dir='ltr'>dicatur,</span> <span class='ocrx_word' id='word_1_327' title='bbox 2211 371 2272 392; x_wconf 91' lang='lat' dir='ltr'>nos</span> <span class='ocrx_word' id='word_1_328' title='bbox 2289 371 2344 393; x_wconf 91' lang='lat' dir='ltr'>no-</span> 
     </span>
    </p>
   </div>
   <div class='ocr_carea' id='block_1_17' title="bbox 1331 410 2348 980">
    <p class='ocr_par' dir='ltr' id='par_1_17' title="bbox 1331 410 2348 980">
     <span class='ocr_line' id='line_1_51' title="bbox 1332 410 2346 454; baseline 0.005 -14"><span class='ocrx_word' id='word_1_329' title='bbox 1332 410 1437 441; x_wconf 86' lang='lat' dir='ltr'>lentes</span> <span class='ocrx_word' id='word_1_330' title='bbox 1463 413 1498 441; x_wconf 87' lang='lat' dir='ltr'>ut</span> <span class='ocrx_word' id='word_1_331' title='bbox 1522 411 1664 450; x_wconf 84' lang='lat' dir='ltr'>pecunia</span> <span class='ocrx_word' id='word_1_332' title='bbox 1682 412 1713 441; x_wconf 86' lang='lat' dir='ltr'>et</span> <span class='ocrx_word' id='word_1_333' title='bbox 1730 411 1816 441; x_wconf 75' lang='lat' dir='ltr'>bona</span> <span class='ocrx_word' id='word_1_334' title='bbox 1833 411 2026 450; x_wconf 83' lang='lat' dir='ltr'>hujusmodi</span> <span class='ocrx_word' id='word_1_335' title='bbox 2042 413 2205 444; x_wconf 83' lang='lat' dir='ltr'>inutiliter</span> <span class='ocrx_word' id='word_1_336' title='bbox 2222 414 2346 454; x_wconf 86' lang='lat' dir='ltr'>disper-</span> 
     </span>
     <span class='ocr_line' id='line_1_52' title="bbox 1331 464 2345 506; baseline 0.005 -13"><span class='ocrx_word' id='word_1_337' title='bbox 1331 464 1461 501; x_wconf 60' lang='lat' dir='ltr'>gantur,</span> <span class='ocrx_word' id='word_1_338' title='bbox 1485 464 1678 495; x_wconf 86' lang='lat' dir='ltr'>discretioni</span> <span class='ocrx_word' id='word_1_339' title='bbox 1702 466 1810 495; x_wconf 74' lang='lat' dir='ltr'>vestre</span> <span class='ocrx_word' id='word_1_340' title='bbox 1826 473 1885 503; x_wconf 90' lang='lat' dir='ltr'>per</span> <span class='ocrx_word' id='word_1_341' title='bbox 1906 465 2087 504; x_wconf 85' lang='lat' dir='ltr'>apostolica</span> <span class='ocrx_word' id='word_1_342' title='bbox 2111 467 2234 506; x_wconf 88' lang='lat' dir='ltr'>scripta</span> <span class='ocrx_word' id='word_1_343' title='bbox 2253 476 2345 498; x_wconf 86' lang='lat' dir='ltr'>man-</span> 
     </span>
     <span class='ocr_line' id='line_1_53' title="bbox 1331 516 2346 558; baseline 0.005 -13"><span class='ocrx_word' id='word_1_344' title='bbox 1331 516 1450 546; x_wconf 85' lang='lat' dir='ltr'>damus</span> <span class='ocrx_word' id='word_1_345' title='bbox 1462 518 1626 555; x_wconf 83' lang='lat' dir='ltr'>quatenus</span> <span class='ocrx_word' id='word_1_346' title='bbox 1641 526 1701 547; x_wconf 91' lang='lat' dir='ltr'>vos</span> <span class='ocrx_word' id='word_1_347' title='bbox 1711 517 1762 547; x_wconf 87' lang='lat' dir='ltr'>vel</span> <span class='ocrx_word' id='word_1_348' title='bbox 1772 517 1854 547; x_wconf 88' lang='lat' dir='ltr'>alter</span> <span class='ocrx_word' id='word_1_349' title='bbox 1864 519 2010 547; x_wconf 88' lang='lat' dir='ltr'>vestrum</span> <span class='ocrx_word' id='word_1_350' title='bbox 2021 518 2177 549; x_wconf 90' lang='lat' dir='ltr'>omnibus</span> <span class='ocrx_word' id='word_1_351' title='bbox 2188 520 2346 558; x_wconf 87' lang='lat' dir='ltr'>predictis</span> 
     </span>
     <span class='ocr_line' id='line_1_54' title="bbox 1331 570 2347 611; baseline 0.005 -13"><span class='ocrx_word' id='word_1_352' title='bbox 1331 570 1571 600; x_wconf 86' lang='lat' dir='ltr'>mercatoribus</span> <span class='ocrx_word' id='word_1_353' title='bbox 1585 571 1616 600; x_wconf 90' lang='lat' dir='ltr'>et</span> <span class='ocrx_word' id='word_1_354' title='bbox 1627 570 1702 600; x_wconf 88' lang='lat' dir='ltr'>aliis</span> <span class='ocrx_word' id='word_1_355' title='bbox 1717 570 1984 609; x_wconf 81' lang='lat' dir='ltr'>quibuscumque</span> <span class='ocrx_word' id='word_1_356' title='bbox 1997 571 2150 609; x_wconf 87' lang='lat' dir='ltr'>personis</span> <span class='ocrx_word' id='word_1_357' title='bbox 2166 572 2206 602; x_wconf 89' lang='lat' dir='ltr'>de</span> <span class='ocrx_word' id='word_1_358' title='bbox 2224 572 2347 611; x_wconf 90' lang='lat' dir='ltr'>quibus</span> 
     </span>
     <span class='ocr_line' id='line_1_55' title="bbox 1331 622 2346 660; baseline 0.004 -9"><span class='ocrx_word' id='word_1_359' title='bbox 1331 622 1486 660; x_wconf 84' lang='lat' dir='ltr'>expedire</span> <span class='ocrx_word' id='word_1_360' title='bbox 1506 622 1669 658; x_wconf 76' lang='lat' dir='ltr'>videritis,</span> <span class='ocrx_word' id='word_1_361' title='bbox 1695 623 1888 653; x_wconf 83' lang='lat' dir='ltr'>auctoritate</span> <span class='ocrx_word' id='word_1_362' title='bbox 1905 625 2018 653; x_wconf 87' lang='lat' dir='ltr'>nostra</span> <span class='ocrx_word' id='word_1_363' title='bbox 2039 623 2178 654; x_wconf 78' lang='lat' dir='ltr'>firmiter</span> <span class='ocrx_word' id='word_1_364' title='bbox 2195 624 2346 656; x_wconf 86' lang='lat' dir='ltr'>inhibere</span> 
     </span>
     <span class='ocr_line' id='line_1_56' title="bbox 1331 675 2347 716; baseline 0.003 -11"><span class='ocrx_word' id='word_1_365' title='bbox 1331 675 1454 705; x_wconf 86' lang='lat' dir='ltr'>curetis</span> <span class='ocrx_word' id='word_1_366' title='bbox 1470 683 1510 705; x_wconf 88' lang='lat' dir='ltr'>ne</span> <span class='ocrx_word' id='word_1_367' title='bbox 1527 676 1566 706; x_wconf 87' lang='lat' dir='ltr'>de</span> <span class='ocrx_word' id='word_1_368' title='bbox 1582 676 1722 714; x_wconf 89' lang='lat' dir='ltr'>pecunia</span> <span class='ocrx_word' id='word_1_369' title='bbox 1733 676 1874 706; x_wconf 84' lang='lat' dir='ltr'>ethonis</span> <span class='ocrx_word' id='word_1_370' title='bbox 1886 676 2036 715; x_wconf 63' lang='lat' dir='ltr'>ejusdem</span> <span class='ocrx_word' id='word_1_371' title='bbox 2052 677 2231 716; x_wconf 86' lang='lat' dir='ltr'>quicquam</span> <span class='ocrx_word' id='word_1_372' title='bbox 2244 678 2347 708; x_wconf 89' lang='lat' dir='ltr'>alicui</span> 
     </span>
     <span class='ocr_line' id='line_1_57' title="bbox 1332 727 2347 768; baseline 0.004 -11"><span class='ocrx_word' id='word_1_373' title='bbox 1332 727 1462 758; x_wconf 87' lang='lat' dir='ltr'>solvere</span> <span class='ocrx_word' id='word_1_374' title='bbox 1477 728 1531 758; x_wconf 89' lang='lat' dir='ltr'>vel</span> <span class='ocrx_word' id='word_1_375' title='bbox 1546 729 1702 759; x_wconf 80' lang='lat' dir='ltr'>exhibere</span> <span class='ocrx_word' id='word_1_376' title='bbox 1718 731 1911 768; x_wconf 83' lang='lat' dir='ltr'>presumant</span> <span class='ocrx_word' id='word_1_377' title='bbox 1927 730 2000 760; x_wconf 90' lang='lat' dir='ltr'>sine</span> <span class='ocrx_word' id='word_1_378' title='bbox 2014 731 2126 760; x_wconf 87' lang='lat' dir='ltr'>nostro</span> <span class='ocrx_word' id='word_1_379' title='bbox 2141 730 2296 761; x_wconf 80' lang='lat' dir='ltr'>mandato</span> <span class='ocrx_word' id='word_1_380' title='bbox 2313 731 2347 761; x_wconf 85' lang='lat' dir='ltr'>et</span> 
     </span>
     <span class='ocr_line' id='line_1_58' title="bbox 1332 779 2345 821; baseline 0.004 -12"><span class='ocrx_word' id='word_1_381' title='bbox 1332 779 1467 810; x_wconf 88' lang='lat' dir='ltr'>licentia</span> <span class='ocrx_word' id='word_1_382' title='bbox 1489 781 1637 819; x_wconf 63' lang='lat' dir='ltr'>specialit</span> <span class='ocrx_word' id='word_1_383' title='bbox 1663 782 1794 820; x_wconf 89' lang='lat' dir='ltr'>plenam</span> <span class='ocrx_word' id='word_1_384' title='bbox 1820 784 1849 812; x_wconf 87' lang='lat' dir='ltr'>et</span> <span class='ocrx_word' id='word_1_385' title='bbox 1869 791 2060 821; x_wconf 81' lang='lat' dir='ltr'>expressam</span> <span class='ocrx_word' id='word_1_386' title='bbox 2080 783 2220 813; x_wconf 82' lang='lat' dir='ltr'>faciente</span> <span class='ocrx_word' id='word_1_387' title='bbox 2238 783 2278 813; x_wconf 86' lang='lat' dir='ltr'>de</span> <span class='ocrx_word' id='word_1_388' title='bbox 2296 784 2345 813; x_wconf 91' lang='lat' dir='ltr'>in-</span> 
     </span>
     <span class='ocr_line' id='line_1_59' title="bbox 1332 833 2348 874; baseline 0.004 -12"><span class='ocrx_word' id='word_1_389' title='bbox 1332 833 1493 864; x_wconf 88' lang='lat' dir='ltr'>hibitione</span> <span class='ocrx_word' id='word_1_390' title='bbox 1509 834 1700 873; x_wconf 87' lang='lat' dir='ltr'>hujusmodi</span> <span class='ocrx_word' id='word_1_391' title='bbox 1719 835 1931 869; x_wconf 83' lang='lat' dir='ltr'>mentionem,</span> <span class='ocrx_word' id='word_1_392' title='bbox 1947 836 2141 874; x_wconf 85' lang='lat' dir='ltr'>rescripturi</span> <span class='ocrx_word' id='word_1_393' title='bbox 2157 835 2254 866; x_wconf 86' lang='lat' dir='ltr'>nobis</span> <span class='ocrx_word' id='word_1_394' title='bbox 2268 836 2348 867; x_wconf 86' lang='lat' dir='ltr'>fide-</span> 
     </span>
     <span class='ocr_line' id='line_1_60' title="bbox 1333 885 2348 926; baseline 0.006 -12"><span class='ocrx_word' id='word_1_395' title='bbox 1333 885 1407 915; x_wconf 84' lang='lat' dir='ltr'>liter</span> <span class='ocrx_word' id='word_1_396' title='bbox 1430 886 1588 924; x_wconf 81' lang='lat' dir='ltr'>quicquid</span> <span class='ocrx_word' id='word_1_397' title='bbox 1614 896 1714 926; x_wconf 90' lang='lat' dir='ltr'>super</span> <span class='ocrx_word' id='word_1_398' title='bbox 1730 887 1790 917; x_wconf 77' lang='lat' dir='ltr'>hoc</span> <span class='ocrx_word' id='word_1_399' title='bbox 1815 888 1978 918; x_wconf 77' lang='lat' dir='ltr'>duxeritis</span> <span class='ocrx_word' id='word_1_400' title='bbox 2005 889 2205 918; x_wconf 85' lang='lat' dir='ltr'>faciendum.</span> <span class='ocrx_word' id='word_1_401' title='bbox 2223 887 2348 920; x_wconf 75' lang='lat' dir='ltr'>Datum</span> 
     </span>
     <span class='ocr_line' id='line_1_61' title="bbox 1333 939 2275 980; baseline 0.001 -12"><span class='ocrx_word' id='word_1_402' title='bbox 1333 939 1421 977; x_wconf 87' lang='lat' dir='ltr'>apud</span> <span class='ocrx_word' id='word_1_403' title='bbox 1437 939 1719 976; x_wconf 79' lang='lat' dir='ltr'>Urbemveterem,</span> <span class='ocrx_word' id='word_1_404' title='bbox 1737 948 1783 969; x_wconf 67' lang='lat' dir='ltr'>vu</span> <span class='ocrx_word' id='word_1_405' title='bbox 1803 940 1877 970; x_wconf 66' lang='lat' dir='ltr'>i=lus</span> <span class='ocrx_word' id='word_1_406' title='bbox 1893 941 2019 980; x_wconf 86' lang='lat' dir='ltr'>aprilis,</span> <span class='ocrx_word' id='word_1_407' title='bbox 2037 950 2123 971; x_wconf 84' lang='lat' dir='ltr'>anno</span> <span class='ocrx_word' id='word_1_408' title='bbox 2136 943 2243 972; x_wconf 87' lang='lat' dir='ltr'>tertio.</span> <span class='ocrx_word' id='word_1_409' title='bbox 2261 955 2275 969; x_wconf 83' lang='lat'>»</span> 
     </span>
    </p>
   </div>
   <div class='ocr_carea' id='block_1_18' title="bbox 1403 1111 2273 1146">
    <p class='ocr_par' dir='ltr' id='par_1_18' title="bbox 1403 1111 2273 1146">
     <span class='ocr_line' id='line_1_62' title="bbox 1403 1111 2273 1146; baseline 0.002 -9"><span class='ocrx_word' id='word_1_410' title='bbox 1403 1113 1471 1142; x_wconf 80' lang='lat'>171</span> <span class='ocrx_word' id='word_1_411' title='bbox 1894 1111 2020 1144; x_wconf 77' lang='lat' dir='ltr'>Orvicto,</span> <span class='ocrx_word' id='word_1_412' title='bbox 2036 1112 2069 1137; x_wconf 63' lang='lat'>28</span> <span class='ocrx_word' id='word_1_413' title='bbox 2082 1112 2179 1146; x_wconf 80' lang='lat' dir='ltr'>juillet</span> <span class='ocrx_word' id='word_1_414' title='bbox 2198 1113 2273 1139; x_wconf 62' lang='lat'>1363.</span> 
     </span>
    </p>
   </div>
   <div class='ocr_carea' id='block_1_19' title="bbox 1369 1194 2348 1231">
    <p class='ocr_par' dir='ltr' id='par_1_19' title="bbox 1369 1194 2348 1231">
     <span class='ocr_line' id='line_1_63' title="bbox 1369 1194 2348 1231; baseline 0.001 -10"><span class='ocrx_word' id='word_1_415' title='bbox 1369 1194 1472 1221; x_wconf 80' lang='lat' dir='ltr'>Abbati</span> <span class='ocrx_word' id='word_1_416' title='bbox 1494 1194 1663 1221; x_wconf 79' lang='lat' dir='ltr'>monasterii</span> <span class='ocrx_word' id='word_1_417' title='bbox 1688 1203 1712 1221; x_wconf 91' lang='lat' dir='ltr'>s.</span> <span class='ocrx_word' id='word_1_418' title='bbox 1736 1195 1850 1221; x_wconf 79' lang='lat' dir='ltr'>Martini</span> <span class='ocrx_word' id='word_1_419' title='bbox 1875 1195 2022 1221; x_wconf 87' lang='lat' dir='ltr'>Trecensis</span> <span class='ocrx_word' id='word_1_420' title='bbox 2045 1198 2070 1221; x_wconf 87' lang='lat' dir='ltr'>et</span> <span class='ocrx_word' id='word_1_421' title='bbox 2097 1196 2188 1229; x_wconf 83' lang='lat' dir='ltr'>priori</span> <span class='ocrx_word' id='word_1_422' title='bbox 2209 1206 2232 1222; x_wconf 91' lang='lat' dir='ltr'>s.</span> <span class='ocrx_word' id='word_1_423' title='bbox 2255 1195 2348 1231; x_wconf 74' lang='lat' dir='ltr'>ligidii</span> 
     </span>
    </p>
   </div>
   <div class='ocr_carea' id='block_1_20' title="bbox 1333 1244 2343 1376">
    <p class='ocr_par' dir='ltr' id='par_1_20' title="bbox 1333 1244 2343 1376">
     <span class='ocr_line' id='line_1_64' title="bbox 1334 1244 2343 1278; baseline 0 -7"><span class='ocrx_word' id='word_1_424' title='bbox 1334 1244 1502 1271; x_wconf 80' lang='lat' dir='ltr'>Parisiensis</span> <span class='ocrx_word' id='word_1_425' title='bbox 1516 1244 1635 1271; x_wconf 81' lang='lat' dir='ltr'>mundat</span> <span class='ocrx_word' id='word_1_426' title='bbox 1646 1246 1676 1271; x_wconf 94' lang='lat' dir='ltr'>ut</span> <span class='ocrx_word' id='word_1_427' title='bbox 1691 1244 1833 1278; x_wconf 81' lang='lat' dir='ltr'>aliquibus</span> <span class='ocrx_word' id='word_1_428' title='bbox 1850 1245 2055 1271; x_wconf 77' lang='lat' dir='ltr'>mercatoribus</span> <span class='ocrx_word' id='word_1_429' title='bbox 2071 1246 2243 1272; x_wconf 64' lang='lat' dir='ltr'>senensibus</span> <span class='ocrx_word' id='word_1_430' title='bbox 2259 1245 2343 1272; x_wconf 85' lang='lat' dir='ltr'>resti-</span> 
     </span>
     <span class='ocr_line' id='line_1_65' title="bbox 1333 1293 2343 1328; baseline 0 -8"><span class='ocrx_word' id='word_1_431' title='bbox 1333 1293 1375 1320; x_wconf 86' lang='lat' dir='ltr'>tui</span> <span class='ocrx_word' id='word_1_432' title='bbox 1390 1293 1497 1320; x_wconf 81' lang='lat' dir='ltr'>saciant</span> <span class='ocrx_word' id='word_1_433' title='bbox 1510 1296 1602 1320; x_wconf 81' lang='lat' dir='ltr'>certus</span> <span class='ocrx_word' id='word_1_434' title='bbox 1620 1293 1809 1327; x_wconf 82' lang='lat' dir='ltr'>pecuniarum</span> <span class='ocrx_word' id='word_1_435' title='bbox 1825 1301 1956 1320; x_wconf 81' lang='lat' dir='ltr'>summus</span> <span class='ocrx_word' id='word_1_436' title='bbox 1974 1293 2041 1327; x_wconf 73' lang='lat' dir='ltr'>ipsis</span> <span class='ocrx_word' id='word_1_437' title='bbox 2054 1294 2080 1319; x_wconf 85' lang='lat' dir='ltr'>iu</span> <span class='ocrx_word' id='word_1_438' title='bbox 2096 1293 2242 1328; x_wconf 79' lang='lat' dir='ltr'>provincia</span> <span class='ocrx_word' id='word_1_439' title='bbox 2257 1294 2343 1320; x_wconf 87' lang='lat' dir='ltr'>Seno-</span> 
     </span>
     <span class='ocr_line' id='line_1_66' title="bbox 1334 1341 1946 1376; baseline -0.003 -8"><span class='ocrx_word' id='word_1_440' title='bbox 1334 1342 1416 1369; x_wconf 87' lang='lat' dir='ltr'>nensi</span> <span class='ocrx_word' id='word_1_441' title='bbox 1434 1342 1555 1368; x_wconf 81' lang='lat' dir='ltr'>debitas.</span> <span class='ocrx_word' id='word_1_442' title='bbox 1573 1342 1650 1375; x_wconf 55' lang='grc'><strong>(111-0.</strong></span> <span class='ocrx_word' id='word_1_443' title='bbox 1668 1343 1712 1376; x_wconf 68' lang='lat'>27,</span> <span class='ocrx_word' id='word_1_444' title='bbox 1730 1341 1780 1368; x_wconf 83' lang='lat' dir='ltr'>fol.</span> <span class='ocrx_word' id='word_1_445' title='bbox 1797 1342 1842 1374; x_wconf 41' lang='grc' dir='ltr'>νίζ’,</span> <span class='ocrx_word' id='word_1_446' title='bbox 1859 1350 1892 1368; x_wconf 84' lang='lat' dir='ltr'>no</span> <span class='ocrx_word' id='word_1_447' title='bbox 1913 1343 1946 1368; x_wconf 60' lang='lat' dir='ltr'>i.»</span> 
     </span>
    </p>
   </div>
   <div class='ocr_carea' id='block_1_21' title="bbox 1331 1429 2351 2951">
    <p class='ocr_par' dir='ltr' id='par_1_21' title="bbox 1331 1429 2351 2951">
     <span class='ocr_line' id='line_1_67' title="bbox 1377 1429 2347 1469; baseline -0.002 -9"><span class='ocrx_word' id='word_1_448' title='bbox 1377 1443 1391 1456; x_wconf 69' lang='grc' dir='ltr'>(ε</span> <span class='ocrx_word' id='word_1_449' title='bbox 1410 1453 1430 1460; x_wconf 95' lang='grc'>..</span> <span class='ocrx_word' id='word_1_450' title='bbox 1448 1430 1549 1460; x_wconf 72' lang='lat' dir='ltr'>abboli</span> <span class='ocrx_word' id='word_1_451' title='bbox 1561 1430 1843 1459; x_wconf 71' lang='lat' dir='ltr'>monasteriz&#39;sancli</span> <span class='ocrx_word' id='word_1_452' title='bbox 1857 1430 1986 1459; x_wconf 70' lang='lat' dir='ltr'>Mai-lim·</span> <span class='ocrx_word' id='word_1_453' title='bbox 2006 1429 2158 1459; x_wconf 77' lang='lat' dir='ltr'>Trecensis</span> <span class='ocrx_word' id='word_1_454' title='bbox 2169 1435 2196 1459; x_wconf 78' lang='lat' dir='ltr'>et</span> <span class='ocrx_word' id='word_1_455' title='bbox 2212 1454 2232 1460; x_wconf 92' lang='lat'>..</span> <span class='ocrx_word' id='word_1_456' title='bbox 2247 1430 2347 1469; x_wconf 80' lang='lat' dir='ltr'>priori</span> 
     </span>
     <span class='ocr_line' id='line_1_68' title="bbox 1334 1482 2347 1522; baseline -0.001 -9"><span class='ocrx_word' id='word_1_457' title='bbox 1334 1484 1432 1513; x_wconf 75' lang='lat' dir='ltr'>sancti</span> <span class='ocrx_word' id='word_1_458' title='bbox 1457 1482 1558 1522; x_wconf 68' lang='lat' dir='ltr'>Eligfii</span> <span class='ocrx_word' id='word_1_459' title='bbox 1574 1483 1764 1512; x_wconf 69' lang='lat' dir='ltr'>parisiensis.</span> <span class='ocrx_word' id='word_1_460' title='bbox 1783 1482 2021 1521; x_wconf 73' lang='lat' dir='ltr'>Signitiearunt</span> <span class='ocrx_word' id='word_1_461' title='bbox 2038 1482 2134 1513; x_wconf 86' lang='lat' dir='ltr'>nobis</span> <span class='ocrx_word' id='word_1_462' title='bbox 2149 1483 2259 1513; x_wconf 85' lang='lat' dir='ltr'>dilecti</span> <span class='ocrx_word' id='word_1_463' title='bbox 2284 1483 2347 1513; x_wconf 89' lang='lat' dir='ltr'>filii</span> 
     </span>
     <span class='ocr_line' id='line_1_69' title="bbox 1335 1535 2348 1575; baseline -0.001 -8"><span class='ocrx_word' id='word_1_464' title='bbox 1335 1537 1510 1575; x_wconf 82' lang='lat' dir='ltr'>Arrigolus</span> <span class='ocrx_word' id='word_1_465' title='bbox 1537 1535 1715 1570; x_wconf 75' lang='lat' dir='ltr'>AchariSii‚</span> <span class='ocrx_word' id='word_1_466' title='bbox 1747 1536 1900 1565; x_wconf 89' lang='lat' dir='ltr'>Parisius</span> <span class='ocrx_word' id='word_1_467' title='bbox 1925 1535 2067 1566; x_wconf 81' lang='lat' dir='ltr'>Ranuzii</span> <span class='ocrx_word' id='word_1_468' title='bbox 2095 1537 2125 1565; x_wconf 91' lang='lat' dir='ltr'>et</span> <span class='ocrx_word' id='word_1_469' title='bbox 2150 1535 2348 1566; x_wconf 77' lang='lat' dir='ltr'>Acharisius</span> 
     </span>
     <span class='ocr_line' id='line_1_70' title="bbox 1335 1588 2347 1628; baseline -0.002 -8"><span class='ocrx_word' id='word_1_470' title='bbox 1335 1589 1480 1628; x_wconf 73' lang='lat' dir='ltr'>Ari-igoli</span> <span class='ocrx_word' id='word_1_471' title='bbox 1504 1597 1540 1619; x_wconf 85' lang='lat' dir='ltr'>ac</span> <span class='ocrx_word' id='word_1_472' title='bbox 1556 1597 1670 1619; x_wconf 89' lang='lat' dir='ltr'>eornm</span> <span class='ocrx_word' id='word_1_473' title='bbox 1687 1588 1781 1623; x_wconf 83' lang='lat' dir='ltr'>socii,</span> <span class='ocrx_word' id='word_1_474' title='bbox 1799 1588 1889 1618; x_wconf 78' lang='lat' dir='ltr'>cives</span> <span class='ocrx_word' id='word_1_475' title='bbox 1907 1589 1937 1618; x_wconf 90' lang='lat' dir='ltr'>et</span> <span class='ocrx_word' id='word_1_476' title='bbox 1953 1590 2152 1619; x_wconf 83' lang='lat' dir='ltr'>mercatores</span> <span class='ocrx_word' id='word_1_477' title='bbox 2170 1589 2347 1623; x_wconf 88' lang='lat' dir='ltr'>Senenses,</span> 
     </span>
     <span class='ocr_line' id='line_1_71' title="bbox 1335 1641 2347 1680; baseline -0.002 -7"><span class='ocrx_word' id='word_1_478' title='bbox 1335 1643 1439 1673; x_wconf 88' lang='lat' dir='ltr'>nostri</span> <span class='ocrx_word' id='word_1_479' title='bbox 1455 1644 1484 1673; x_wconf 91' lang='lat' dir='ltr'>et</span> <span class='ocrx_word' id='word_1_480' title='bbox 1502 1641 1640 1672; x_wconf 85' lang='lat' dir='ltr'>ecclesie</span> <span class='ocrx_word' id='word_1_481' title='bbox 1656 1642 1806 1672; x_wconf 84' lang='lat' dir='ltr'>Romane</span> <span class='ocrx_word' id='word_1_482' title='bbox 1822 1642 1942 1677; x_wconf 82' lang='lat' dir='ltr'>devoti,</span> <span class='ocrx_word' id='word_1_483' title='bbox 1962 1642 2049 1680; x_wconf 86' lang='lat' dir='ltr'>quod</span> <span class='ocrx_word' id='word_1_484' title='bbox 2066 1641 2142 1671; x_wconf 88' lang='lat' dir='ltr'>licet</span> <span class='ocrx_word' id='word_1_485' title='bbox 2158 1641 2222 1680; x_wconf 86' lang='lat' dir='ltr'>ipsi</span> <span class='ocrx_word' id='word_1_486' title='bbox 2235 1649 2295 1672; x_wconf 91' lang='lat' dir='ltr'>suo</span> <span class='ocrx_word' id='word_1_487' title='bbox 2311 1649 2347 1671; x_wconf 86' lang='lat' dir='ltr'>ac</span> 
     </span>
     <span class='ocr_line' id='line_1_72' title="bbox 1335 1694 2349 1735; baseline -0.002 -9"><span class='ocrx_word' id='word_1_488' title='bbox 1335 1696 1470 1735; x_wconf 87' lang='lat' dir='ltr'>quidam</span> <span class='ocrx_word' id='word_1_489' title='bbox 1489 1704 1531 1726; x_wconf 73' lang='lat' dir='ltr'>ex</span> <span class='ocrx_word' id='word_1_490' title='bbox 1544 1695 1592 1725; x_wconf 86' lang='lat' dir='ltr'>cis</span> <span class='ocrx_word' id='word_1_491' title='bbox 1618 1703 1678 1725; x_wconf 90' lang='lat' dir='ltr'>suo</span> <span class='ocrx_word' id='word_1_492' title='bbox 1695 1703 1732 1725; x_wconf 85' lang='lat' dir='ltr'>ac</span> <span class='ocrx_word' id='word_1_493' title='bbox 1750 1694 1917 1724; x_wconf 86' lang='lat' dir='ltr'>sociorum</span> <span class='ocrx_word' id='word_1_494' title='bbox 1933 1703 2071 1725; x_wconf 87' lang='lat' dir='ltr'>suorum</span> <span class='ocrx_word' id='word_1_495' title='bbox 2088 1695 2233 1730; x_wconf 89' lang='lat' dir='ltr'>nomine,</span> <span class='ocrx_word' id='word_1_496' title='bbox 2252 1703 2349 1724; x_wconf 81' lang='lat' dir='ltr'>vene-</span> 
     </span>
     <span class='ocr_line' id='line_1_73' title="bbox 1335 1747 2350 1786; baseline -0.002 -6"><span class='ocrx_word' id='word_1_497' title='bbox 1335 1749 1432 1780; x_wconf 85' lang='lat' dir='ltr'>rabili</span> <span class='ocrx_word' id='word_1_498' title='bbox 1448 1749 1543 1779; x_wconf 83' lang='lat' dir='ltr'>fratri</span> <span class='ocrx_word' id='word_1_499' title='bbox 1565 1750 1676 1778; x_wconf 88' lang='lat' dir='ltr'>nostro</span> <span class='ocrx_word' id='word_1_500' title='bbox 1693 1771 1713 1778; x_wconf 93' lang='lat'>..</span> <span class='ocrx_word' id='word_1_501' title='bbox 1735 1748 1984 1786; x_wconf 72' lang='lat' dir='ltr'>archiepiscopo</span> <span class='ocrx_word' id='word_1_502' title='bbox 2001 1747 2199 1782; x_wconf 85' lang='lat' dir='ltr'>Senonensi,</span> <span class='ocrx_word' id='word_1_503' title='bbox 2219 1749 2248 1778; x_wconf 89' lang='lat' dir='ltr'>et</span> <span class='ocrx_word' id='word_1_504' title='bbox 2268 1756 2350 1778; x_wconf 88' lang='lat' dir='ltr'>non-</span> 
     </span>
     <span class='ocr_line' id='line_1_74' title="bbox 1336 1800 2348 1840; baseline -0.002 -8"><span class='ocrx_word' id='word_1_505' title='bbox 1336 1802 1438 1832; x_wconf 89' lang='lat' dir='ltr'>nullis</span> <span class='ocrx_word' id='word_1_506' title='bbox 1463 1801 1534 1840; x_wconf 89' lang='lat' dir='ltr'>ejus</span> <span class='ocrx_word' id='word_1_507' title='bbox 1559 1801 1777 1839; x_wconf 79' lang='lat' dir='ltr'>suffraganeis</span> <span class='ocrx_word' id='word_1_508' title='bbox 1802 1808 1839 1830; x_wconf 88' lang='lat' dir='ltr'>ac</span> <span class='ocrx_word' id='word_1_509' title='bbox 1862 1800 2049 1835; x_wconf 85' lang='lat' dir='ltr'>abbatibus,</span> <span class='ocrx_word' id='word_1_510' title='bbox 2079 1800 2245 1839; x_wconf 86' lang='lat' dir='ltr'>capitulis,</span> <span class='ocrx_word' id='word_1_511' title='bbox 2271 1809 2348 1830; x_wconf 89' lang='lat' dir='ltr'>con-</span> 
     </span>
     <span class='ocr_line' id='line_1_75' title="bbox 1335 1853 2349 1890; baseline -0.003 -4"><span class='ocrx_word' id='word_1_512' title='bbox 1335 1855 1502 1890; x_wconf 75' lang='lat' dir='ltr'>ventibus,</span> <span class='ocrx_word' id='word_1_513' title='bbox 1525 1854 1714 1889; x_wconf 85' lang='lat' dir='ltr'>comitibus,</span> <span class='ocrx_word' id='word_1_514' title='bbox 1738 1853 1922 1883; x_wconf 73' lang='lat' dir='ltr'>baronibus</span> <span class='ocrx_word' id='word_1_515' title='bbox 1944 1854 1975 1883; x_wconf 92' lang='lat' dir='ltr'>et</span> <span class='ocrx_word' id='word_1_516' title='bbox 1992 1853 2289 1884; x_wconf 86' lang='lat' dir='ltr'>communitatibus</span> <span class='ocrx_word' id='word_1_517' title='bbox 2311 1862 2349 1884; x_wconf 88' lang='lat' dir='ltr'>ac</span> 
     </span>
     <span class='ocr_line' id='line_1_76' title="bbox 1335 1905 2350 1947; baseline -0.001 -10"><span class='ocrx_word' id='word_1_518' title='bbox 1335 1908 1534 1947; x_wconf 82' lang='lat' dir='ltr'>quibusdam</span> <span class='ocrx_word' id='word_1_519' title='bbox 1551 1907 1627 1936; x_wconf 89' lang='lat' dir='ltr'>aliis</span> <span class='ocrx_word' id='word_1_520' title='bbox 1650 1906 1781 1936; x_wconf 87' lang='lat' dir='ltr'>clericis</span> <span class='ocrx_word' id='word_1_521' title='bbox 1805 1907 1836 1936; x_wconf 86' lang='lat' dir='ltr'>et</span> <span class='ocrx_word' id='word_1_522' title='bbox 1860 1905 1954 1936; x_wconf 86' lang='lat' dir='ltr'>laicis</span> <span class='ocrx_word' id='word_1_523' title='bbox 1972 1906 2178 1937; x_wconf 85' lang='lat' dir='ltr'>Senonensis</span> <span class='ocrx_word' id='word_1_524' title='bbox 2203 1906 2350 1937; x_wconf 78' lang='lat' dir='ltr'>civitatis</span> 
     </span>
     <span class='ocr_line' id='line_1_77' title="bbox 1335 1959 2349 1998; baseline -0.003 -6"><span class='ocrx_word' id='word_1_525' title='bbox 1335 1963 1366 1992; x_wconf 89' lang='lat' dir='ltr'>et</span> <span class='ocrx_word' id='word_1_526' title='bbox 1393 1960 1536 1991; x_wconf 89' lang='lat' dir='ltr'>diocesis</span> <span class='ocrx_word' id='word_1_527' title='bbox 1565 1968 1600 1990; x_wconf 90' lang='lat' dir='ltr'>ac</span> <span class='ocrx_word' id='word_1_528' title='bbox 1627 1959 1807 1997; x_wconf 65' lang='lat' dir='ltr'>provincie,</span> <span class='ocrx_word' id='word_1_529' title='bbox 1841 1959 2002 1997; x_wconf 87' lang='lat' dir='ltr'>quasdam</span> <span class='ocrx_word' id='word_1_530' title='bbox 2029 1967 2178 1989; x_wconf 86' lang='lat' dir='ltr'>summas</span> <span class='ocrx_word' id='word_1_531' title='bbox 2209 1960 2349 1998; x_wconf 89' lang='lat' dir='ltr'>pecunie</span> 
     </span>
     <span class='ocr_line' id='line_1_78' title="bbox 1335 2011 2348 2050; baseline -0.002 -6"><span class='ocrx_word' id='word_1_532' title='bbox 1335 2013 1517 2044; x_wconf 88' lang='lat' dir='ltr'>mutuarint</span> <span class='ocrx_word' id='word_1_533' title='bbox 1548 2013 1648 2043; x_wconf 80' lang='lat' dir='ltr'>certis</span> <span class='ocrx_word' id='word_1_534' title='bbox 1677 2012 1726 2042; x_wconf 90' lang='lat' dir='ltr'>eis</span> <span class='ocrx_word' id='word_1_535' title='bbox 1758 2011 1840 2042; x_wconf 88' lang='lat' dir='ltr'>locis</span> <span class='ocrx_word' id='word_1_536' title='bbox 1873 2014 1903 2042; x_wconf 91' lang='lat' dir='ltr'>et</span> <span class='ocrx_word' id='word_1_537' title='bbox 1920 2011 2073 2042; x_wconf 84' lang='lat' dir='ltr'>terminis</span> <span class='ocrx_word' id='word_1_538' title='bbox 2096 2012 2348 2050; x_wconf 78' lang='lat' dir='ltr'>persolvendas,</span> 
     </span>
     <span class='ocr_line' id='line_1_79' title="bbox 1335 2064 2348 2099; baseline -0.002 -2"><span class='ocrx_word' id='word_1_539' title='bbox 1335 2065 1604 2097; x_wconf 77' lang='lat' dir='ltr'>remintiantilms</span> <span class='ocrx_word' id='word_1_540' title='bbox 1617 2065 1743 2095; x_wconf 83' lang='lat' dir='ltr'>eisdem</span> <span class='ocrx_word' id='word_1_541' title='bbox 1757 2064 1948 2099; x_wconf 85' lang='lat' dir='ltr'>comitibus,</span> <span class='ocrx_word' id='word_1_542' title='bbox 1960 2064 2144 2095; x_wconf 83' lang='lat' dir='ltr'>baronibus</span> <span class='ocrx_word' id='word_1_543' title='bbox 2157 2066 2188 2095; x_wconf 86' lang='lat' dir='ltr'>et</span> <span class='ocrx_word' id='word_1_544' title='bbox 2199 2073 2348 2095; x_wconf 88' lang='lat' dir='ltr'>commu-</span> 
     </span>
     <span class='ocr_line' id='line_1_80' title="bbox 1337 2117 2350 2157; baseline -0.002 -7"><span class='ocrx_word' id='word_1_545' title='bbox 1337 2120 1496 2151; x_wconf 84' lang='lat' dir='ltr'>nitatibus</span> <span class='ocrx_word' id='word_1_546' title='bbox 1512 2127 1547 2149; x_wconf 84' lang='lat' dir='ltr'>ac</span> <span class='ocrx_word' id='word_1_547' title='bbox 1567 2118 1661 2148; x_wconf 86' lang='lat' dir='ltr'>laicis</span> <span class='ocrx_word' id='word_1_548' title='bbox 1674 2118 1860 2157; x_wconf 76' lang='lat' dir='ltr'>exceptioni</span> <span class='ocrx_word' id='word_1_549' title='bbox 1880 2117 1954 2153; x_wconf 83' lang='lat' dir='ltr'>fori,</span> <span class='ocrx_word' id='word_1_550' title='bbox 1973 2119 2002 2147; x_wconf 87' lang='lat' dir='ltr'>et</span> <span class='ocrx_word' id='word_1_551' title='bbox 2020 2126 2056 2147; x_wconf 90' lang='lat' dir='ltr'>se</span> <span class='ocrx_word' id='word_1_552' title='bbox 2075 2118 2350 2148; x_wconf 84' lang='lat' dir='ltr'>submittentibus</span> 
     </span>
     <span class='ocr_line' id='line_1_81' title="bbox 1331 2170 2350 2212; baseline -0.001 -9"><span class='ocrx_word' id='word_1_553' title='bbox 1331 2172 1561 2212; x_wconf 88' lang='lat' dir='ltr'>jurisdictioni</span> <span class='ocrx_word' id='word_1_554' title='bbox 1586 2180 1685 2210; x_wconf 89' lang='lat' dir='ltr'>super</span> <span class='ocrx_word' id='word_1_555' title='bbox 1702 2171 1762 2201; x_wconf 91' lang='lat' dir='ltr'>hoc</span> <span class='ocrx_word' id='word_1_556' title='bbox 1785 2170 2001 2201; x_wconf 76' lang='lat' dir='ltr'>ecclesiastici</span> <span class='ocrx_word' id='word_1_557' title='bbox 2018 2170 2140 2209; x_wconf 65' lang='grc' dir='ltr'>ι1111111315</span> <span class='ocrx_word' id='word_1_558' title='bbox 2159 2179 2218 2201; x_wconf 87' lang='lat' dir='ltr'>nec</span> <span class='ocrx_word' id='word_1_559' title='bbox 2237 2180 2301 2201; x_wconf 91' lang='lat' dir='ltr'>non</span> <span class='ocrx_word' id='word_1_560' title='bbox 2319 2173 2350 2202; x_wconf 88' lang='lat' dir='ltr'>et</span> 
     </span>
     <span class='ocr_line' id='line_1_82' title="bbox 1335 2223 2348 2265; baseline -0.002 -9"><span class='ocrx_word' id='word_1_561' title='bbox 1335 2226 1419 2265; x_wconf 90' lang='lat' dir='ltr'>ipsis</span> <span class='ocrx_word' id='word_1_562' title='bbox 1430 2227 1460 2256; x_wconf 90' lang='lat' dir='ltr'>et</span> <span class='ocrx_word' id='word_1_563' title='bbox 1470 2223 1628 2264; x_wconf 82' lang='lat' dir='ltr'>predictis</span> <span class='ocrx_word' id='word_1_564' title='bbox 1641 2223 1900 2262; x_wconf 84' lang='lat' dir='ltr'>archiepiscopo,</span> <span class='ocrx_word' id='word_1_565' title='bbox 1915 2223 2145 2262; x_wconf 77' lang='lat' dir='ltr'>suffraganeis,</span> <span class='ocrx_word' id='word_1_566' title='bbox 2159 2223 2348 2259; x_wconf 85' lang='lat' dir='ltr'>abbatibus.</span> 
     </span>
     <span class='ocr_line' id='line_1_83' title="bbox 1336 2277 2350 2318; baseline -0.002 -9"><span class='ocrx_word' id='word_1_567' title='bbox 1336 2279 1490 2318; x_wconf 83' lang='lat' dir='ltr'>capitulis</span> <span class='ocrx_word' id='word_1_568' title='bbox 1517 2279 1547 2308; x_wconf 88' lang='lat' dir='ltr'>et</span> <span class='ocrx_word' id='word_1_569' title='bbox 1571 2277 1792 2308; x_wconf 78' lang='lat' dir='ltr'>conventibus</span> <span class='ocrx_word' id='word_1_570' title='bbox 1821 2278 1853 2308; x_wconf 87' lang='lat' dir='ltr'>et</span> <span class='ocrx_word' id='word_1_571' title='bbox 1879 2277 2021 2312; x_wconf 77' lang='lat' dir='ltr'>clericis,</span> <span class='ocrx_word' id='word_1_572' title='bbox 2053 2277 2284 2308; x_wconf 86' lang='lat' dir='ltr'>constitutioni</span> <span class='ocrx_word' id='word_1_573' title='bbox 2310 2277 2350 2308; x_wconf 83' lang='lat' dir='ltr'>de</span> 
     </span>
     <span class='ocr_line' id='line_1_84' title="bbox 1335 2330 2351 2368; baseline -0.002 -6"><span class='ocrx_word' id='word_1_574' title='bbox 1335 2332 1466 2362; x_wconf 87' lang='lat' dir='ltr'>duabus</span> <span class='ocrx_word' id='word_1_575' title='bbox 1494 2331 1593 2361; x_wconf 90' lang='lat' dir='ltr'>dietis</span> <span class='ocrx_word' id='word_1_576' title='bbox 1621 2331 1706 2361; x_wconf 85' lang='lat' dir='ltr'>edite</span> <span class='ocrx_word' id='word_1_577' title='bbox 1736 2331 1769 2360; x_wconf 89' lang='grc'>111</span> <span class='ocrx_word' id='word_1_578' title='bbox 1795 2330 1935 2360; x_wconf 77' lang='lat' dir='ltr'>concilio</span> <span class='ocrx_word' id='word_1_579' title='bbox 1964 2330 2109 2368; x_wconf 68' lang='lat' dir='ltr'>generali</span> <span class='ocrx_word' id='word_1_580' title='bbox 2136 2332 2167 2361; x_wconf 85' lang='lat' dir='ltr'>et</span> <span class='ocrx_word' id='word_1_581' title='bbox 2194 2330 2351 2361; x_wconf 88' lang='lat' dir='ltr'>omnibus</span> 
     </span>
     <span class='ocr_line' id='line_1_85' title="bbox 1336 2383 2350 2424; baseline -0.002 -9"><span class='ocrx_word' id='word_1_582' title='bbox 1336 2385 1527 2424; x_wconf 85' lang='lat' dir='ltr'>apostolicis</span> <span class='ocrx_word' id='word_1_583' title='bbox 1545 2383 1762 2422; x_wconf 80' lang='lat' dir='ltr'>indulgentiis</span> <span class='ocrx_word' id='word_1_584' title='bbox 1781 2385 1811 2413; x_wconf 92' lang='lat' dir='ltr'>et</span> <span class='ocrx_word' id='word_1_585' title='bbox 1829 2383 1949 2413; x_wconf 77' lang='lat' dir='ltr'>litteris</span> <span class='ocrx_word' id='word_1_586' title='bbox 1973 2384 2158 2422; x_wconf 64' lang='lat' dir='ltr'>imp-*tratis</span> <span class='ocrx_word' id='word_1_587' title='bbox 2173 2391 2232 2414; x_wconf 87' lang='lat' dir='ltr'>seu</span> <span class='ocrx_word' id='word_1_588' title='bbox 2250 2383 2350 2414; x_wconf 83' lang='lat' dir='ltr'>etiam</span> 
     </span>
     <span class='ocr_line' id='line_1_86' title="bbox 1337 2435 2351 2477; baseline -0.003 -9"><span class='ocrx_word' id='word_1_589' title='bbox 1337 2437 1565 2477; x_wconf 79' lang='lat' dir='ltr'>impetrandis,</span> <span class='ocrx_word' id='word_1_590' title='bbox 1581 2438 1677 2476; x_wconf 90' lang='lat' dir='ltr'>prout</span> <span class='ocrx_word' id='word_1_591' title='bbox 1696 2436 1729 2466; x_wconf 87' lang='lat' dir='ltr'>in</span> <span class='ocrx_word' id='word_1_592' title='bbox 1747 2437 1977 2466; x_wconf 85' lang='lat' dir='ltr'>instrumentis</span> <span class='ocrx_word' id='word_1_593' title='bbox 1993 2436 2137 2475; x_wconf 67' lang='lat' dir='ltr'>publicis</span> <span class='ocrx_word' id='word_1_594' title='bbox 2156 2445 2214 2467; x_wconf 87' lang='lat' dir='ltr'>seu</span> <span class='ocrx_word' id='word_1_595' title='bbox 2231 2435 2351 2466; x_wconf 84' lang='lat' dir='ltr'>litteris</span> 
     </span>
     <span class='ocr_line' id='line_1_87' title="bbox 1338 2489 2350 2527; baseline -0.003 -6"><span class='ocrx_word' id='word_1_596' title='bbox 1338 2491 1413 2521; x_wconf 86' lang='lat' dir='ltr'>inde</span> <span class='ocrx_word' id='word_1_597' title='bbox 1427 2490 1586 2520; x_wconf 77' lang='lat' dir='ltr'>consectis</span> <span class='ocrx_word' id='word_1_598' title='bbox 1598 2489 1732 2527; x_wconf 84' lang='lat' dir='ltr'>plenius</span> <span class='ocrx_word' id='word_1_599' title='bbox 1746 2489 1867 2520; x_wconf 87' lang='lat' dir='ltr'>dicitur</span> <span class='ocrx_word' id='word_1_600' title='bbox 1891 2489 2063 2525; x_wconf 73' lang='lat' dir='ltr'>contineri,</span> <span class='ocrx_word' id='word_1_601' title='bbox 2081 2489 2228 2519; x_wconf 86' lang='lat' dir='ltr'>nondum</span> <span class='ocrx_word' id='word_1_602' title='bbox 2240 2490 2350 2520; x_wconf 84' lang='lat' dir='ltr'>tamen</span> 
     </span>
     <span class='ocr_line' id='line_1_88' title="bbox 1337 2541 2349 2581; baseline -0.003 -7"><span class='ocrx_word' id='word_1_603' title='bbox 1337 2545 1386 2574; x_wconf 86' lang='lat' dir='ltr'>est</span> <span class='ocrx_word' id='word_1_604' title='bbox 1403 2544 1500 2573; x_wconf 89' lang='lat' dir='ltr'>dictis</span> <span class='ocrx_word' id='word_1_605' title='bbox 1524 2542 1763 2573; x_wconf 81' lang='lat' dir='ltr'>mercatoribus</span> <span class='ocrx_word' id='word_1_606' title='bbox 1780 2542 1819 2572; x_wconf 86' lang='lat' dir='ltr'>de</span> <span class='ocrx_word' id='word_1_607' title='bbox 1838 2542 2032 2580; x_wconf 80' lang='lat' dir='ltr'>hujusmodi</span> <span class='ocrx_word' id='word_1_608' title='bbox 2049 2542 2193 2572; x_wconf 90' lang='lat' dir='ltr'>summis</span> <span class='ocrx_word' id='word_1_609' title='bbox 2208 2541 2349 2581; x_wconf 83' lang='lat' dir='ltr'>pecunie</span> 
     </span>
     <span class='ocr_line' id='line_1_89' title="bbox 1337 2594 2348 2634; baseline -0.002 -8"><span class='ocrx_word' id='word_1_610' title='bbox 1337 2595 1555 2630; x_wconf 82' lang='lat' dir='ltr'>satisfactum,</span> <span class='ocrx_word' id='word_1_611' title='bbox 1570 2603 1772 2634; x_wconf 83' lang='lat' dir='ltr'>quamquam</span> <span class='ocrx_word' id='word_1_612' title='bbox 1785 2595 1989 2625; x_wconf 87' lang='lat' dir='ltr'>solutionum</span> <span class='ocrx_word' id='word_1_613' title='bbox 2001 2595 2135 2625; x_wconf 81' lang='lat' dir='ltr'>termini</span> <span class='ocrx_word' id='word_1_614' title='bbox 2151 2595 2219 2625; x_wconf 87' lang='lat' dir='ltr'>sint</span> <span class='ocrx_word' id='word_1_615' title='bbox 2230 2594 2348 2634; x_wconf 86' lang='lat' dir='ltr'>elapsi,</span> 
     </span>
     <span class='ocr_line' id='line_1_90' title="bbox 1336 2648 2350 2688; baseline 0 -11"><span class='ocrx_word' id='word_1_616' title='bbox 1336 2651 1470 2688; x_wconf 87' lang='lat' dir='ltr'>propter</span> <span class='ocrx_word' id='word_1_617' title='bbox 1489 2648 1576 2687; x_wconf 86' lang='lat' dir='ltr'>quod</span> <span class='ocrx_word' id='word_1_618' title='bbox 1598 2648 1741 2686; x_wconf 85' lang='lat' dir='ltr'>dampna</span> <span class='ocrx_word' id='word_1_619' title='bbox 1763 2649 1878 2686; x_wconf 77' lang='lat' dir='ltr'>gravia</span> <span class='ocrx_word' id='word_1_620' title='bbox 1898 2650 1926 2678; x_wconf 88' lang='grc'>01</span> <span class='ocrx_word' id='word_1_621' title='bbox 1954 2657 2118 2688; x_wconf 82' lang='lat' dir='ltr'>expensas</span> <span class='ocrx_word' id='word_1_622' title='bbox 2141 2656 2176 2678; x_wconf 91' lang='lat' dir='ltr'>se</span> <span class='ocrx_word' id='word_1_623' title='bbox 2197 2649 2350 2677; x_wconf 83' lang='lat' dir='ltr'>asserunt</span> 
     </span>
     <span class='ocr_line' id='line_1_91' title="bbox 1338 2699 2351 2739; baseline -0.003 -7"><span class='ocrx_word' id='word_1_624' title='bbox 1338 2701 1529 2732; x_wconf 67' lang='lat' dir='ltr'>incurrisse,</span> <span class='ocrx_word' id='word_1_625' title='bbox 1557 2701 1719 2736; x_wconf 81' lang='lat' dir='ltr'>Quocirca</span> <span class='ocrx_word' id='word_1_626' title='bbox 1743 2701 1935 2731; x_wconf 81' lang='lat' dir='ltr'>discretioni</span> <span class='ocrx_word' id='word_1_627' title='bbox 1959 2703 2067 2731; x_wconf 72' lang='lat' dir='ltr'>vestre</span> <span class='ocrx_word' id='word_1_628' title='bbox 2088 2709 2146 2739; x_wconf 86' lang='lat' dir='ltr'>per</span> <span class='ocrx_word' id='word_1_629' title='bbox 2170 2699 2351 2739; x_wconf 79' lang='lat' dir='ltr'>apostolica</span> 
     </span>
     <span class='ocr_line' id='line_1_92' title="bbox 1337 2751 2348 2793; baseline -0.002 -10"><span class='ocrx_word' id='word_1_630' title='bbox 1337 2755 1460 2793; x_wconf 82' lang='lat' dir='ltr'>scripta</span> <span class='ocrx_word' id='word_1_631' title='bbox 1476 2753 1673 2784; x_wconf 82' lang='lat' dir='ltr'>mandamus</span> <span class='ocrx_word' id='word_1_632' title='bbox 1695 2754 1853 2792; x_wconf 85' lang='lat' dir='ltr'>quatinus</span> <span class='ocrx_word' id='word_1_633' title='bbox 1882 2754 1970 2788; x_wconf 89' lang='lat' dir='ltr'>illos,</span> <span class='ocrx_word' id='word_1_634' title='bbox 1985 2762 2069 2792; x_wconf 82' lang='lat' dir='ltr'>quos</span> <span class='ocrx_word' id='word_1_635' title='bbox 2092 2753 2132 2783; x_wconf 85' lang='lat' dir='ltr'>de</span> <span class='ocrx_word' id='word_1_636' title='bbox 2157 2751 2348 2791; x_wconf 83' lang='lat' dir='ltr'>hujusmodi</span> 
     </span>
     <span class='ocr_line' id='line_1_93' title="bbox 1337 2804 2350 2845; baseline -0.004 -8"><span class='ocrx_word' id='word_1_637' title='bbox 1337 2806 1554 2842; x_wconf 84' lang='lat' dir='ltr'>debitoribus,</span> <span class='ocrx_word' id='word_1_638' title='bbox 1579 2806 1717 2837; x_wconf 77' lang='lat' dir='ltr'>veritate</span> <span class='ocrx_word' id='word_1_639' title='bbox 1744 2807 1894 2845; x_wconf 84' lang='lat' dir='ltr'>cognita,</span> <span class='ocrx_word' id='word_1_640' title='bbox 1929 2806 2023 2836; x_wconf 75' lang='lat' dir='ltr'>vobis</span> <span class='ocrx_word' id='word_1_641' title='bbox 2057 2805 2238 2836; x_wconf 78' lang='lat' dir='ltr'>constiterit</span> <span class='ocrx_word' id='word_1_642' title='bbox 2266 2804 2350 2843; x_wconf 89' lang='lat' dir='ltr'>ipsis</span> 
     </span>
     <span class='ocr_line' id='line_1_94' title="bbox 1338 2857 2349 2898; baseline -0.003 -9"><span class='ocrx_word' id='word_1_643' title='bbox 1338 2859 1578 2889; x_wconf 83' lang='lat' dir='ltr'>mercatoribus</span> <span class='ocrx_word' id='word_1_644' title='bbox 1595 2859 1629 2888; x_wconf 90' lang='lat' dir='ltr'>iu</span> <span class='ocrx_word' id='word_1_645' title='bbox 1652 2859 1810 2898; x_wconf 84' lang='lat' dir='ltr'>predictis</span> <span class='ocrx_word' id='word_1_646' title='bbox 1829 2859 1968 2898; x_wconf 86' lang='lat' dir='ltr'>pecunie</span> <span class='ocrx_word' id='word_1_647' title='bbox 1983 2857 2126 2888; x_wconf 86' lang='lat' dir='ltr'>summis</span> <span class='ocrx_word' id='word_1_648' title='bbox 2143 2857 2259 2890; x_wconf 84' lang='lat' dir='ltr'>teneri.</span> <span class='ocrx_word' id='word_1_649' title='bbox 2283 2864 2349 2886; x_wconf 91' lang='lat' dir='ltr'>mo-</span> 
     </span>
     <span class='ocr_line' id='line_1_95' title="bbox 1338 2909 2350 2951; baseline -0.004 -8"><span class='ocrx_word' id='word_1_650' title='bbox 1338 2921 1415 2943; x_wconf 87' lang='lat' dir='ltr'>nere</span> <span class='ocrx_word' id='word_1_651' title='bbox 1430 2912 1623 2951; x_wconf 80' lang='lat' dir='ltr'>diligentius</span> <span class='ocrx_word' id='word_1_652' title='bbox 1639 2915 1668 2943; x_wconf 84' lang='lat' dir='ltr'>et</span> <span class='ocrx_word' id='word_1_653' title='bbox 1685 2913 1840 2943; x_wconf 79' lang='lat' dir='ltr'>inducere</span> <span class='ocrx_word' id='word_1_654' title='bbox 1856 2911 2040 2951; x_wconf 79' lang='lat' dir='ltr'>procuretis</span> <span class='ocrx_word' id='word_1_655' title='bbox 2055 2911 2091 2940; x_wconf 91' lang='lat' dir='ltr'>ut</span> <span class='ocrx_word' id='word_1_656' title='bbox 2108 2909 2193 2940; x_wconf 82' lang='lat' dir='ltr'>infra</span> <span class='ocrx_word' id='word_1_657' title='bbox 2206 2911 2350 2948; x_wconf 79' lang='lat' dir='ltr'>quatuor</span> 
     </span>
    </p>
   </div>
  </div>
 </body>
</html>
