2547 3289
1116 249 1328 282 D'URBAIN
1352 252 1409 283 IV.
2261 266 2296 296 7¹

226 321 352 358 clinati,
378 324 589 361 presentium
615 325 711 356 vobis
737 327 934 358 auctoritate
951 329 1165 359 concedimus
1182 332 1229 367 ut,

227 374 367 404 ecclesie
386 377 497 406 vestre
517 377 679 408 decanatu
694 381 842 415 vacante,
860 388 924 409 non
945 380 1157 411 obstantibus
1174 382 1232 412 hu-

222 426 371 465 jusmodi
390 428 514 458 litteris
530 431 727 468 apostolicis
748 435 803 461 aut
828 432 1040 462 inhibitionis
1058 433 1109 463 vel
1126 443 1232 464 reser-

225 479 371 509 vationis
390 489 449 510 seu
474 482 600 512 decreti
619 484 847 521 processibus,
868 492 927 522 per
953 485 1087 515 easdem
1108 485 1233 516 habitis

225 530 277 560 vel
290 531 464 569 habendis,
479 542 659 572 personam
672 536 813 573 possitis
828 536 995 573 idoneam,
1008 539 1105 575 prout
1121 538 1161 567 ad
1174 547 1233 568 vos

225 585 364 621 spectat,
383 593 443 623 per
468 586 667 617 electionem
685 589 879 618 canonicam
898 598 1071 619 assumere
1089 590 1123 619 in
1139 590 1233 620 deca-

224 644 315 666 num.
340 637 435 667 Nulli
456 640 517 669 ete.
542 641 656 670 nostre
679 641 908 670 concessionis
932 642 993 671 ete.
1015 641 1049 671 Si
1072 643 1148 680 quis
1169 644 1230 673 etc.

222 688 347 719 Datum
380 691 467 728 apud
498 692 787 730 Urbemveterem,
820 703 877 723 x111
908 694 1070 724 kalendas
1101 695 1230 733 aprilis,

223 750 309 772 anno
328 744 486 774 secundo.
509 756 522 771 >³

312 939 384 969 280

797 939 921 972 Orvieto,
938 942 967 966 ‘21
989 950 1066 968 mars
1084 943 1160 969 1263.

260 1017 362 1043 Abbati
381 1017 548 1044 monasterii
565 1018 591 1045 S.
614 1018 759 1045 Michaelis
776 1020 809 1046 (16
827 1020 990 1048 Tornodoro
1006 1022 1123 1048 mandat
1138 1024 1234 1056 quate-

218 1074 271 1093 nus
296 1065 411 1092 Jot'redo
430 1066 463 1092 dc
484 1066 641 1099 Seleniaco,
662 1067 756 1102 nepoti
772 1068 897 1103 episcopi
916 1069 1115 1104 Lingonensis,
1137 1071 1170 1097 dc
1187 1079 1234 1097 ca-

218 1115 354 1142 nonicatu
372 1116 401 1141 et
420 1115 571 1148 praebeuda
588 1115 746 1150 provideat.
769 1117 847 1151 (Rae.
867 1120 911 1145 27,
928 1117 975 1145 t'ol.
998 1119 1041 1150 70,
1062 1125 1091 1145 11θ
1109 1120 1144 1153 l.)

260 1224 275 1241 «
304 1238 323 1244 ..
348 1212 462 1242 Abbati
484 1213 658 1242 monasterii
679 1212 789 1242 Sancti
809 1213 966 1242 Michaelis
988 1213 1023 1243 de
1046 1214 1230 1252 Tornotloro,

220 1264 336 1295 ordinis
359 1265 467 1294 Sancti.
493 1264 662 1301 Benedicti,
686 1265 886 1304 Linyonensis
910 1266 1044 1297 diocesis.
1064 1268 1232 1306 Ascriptis

219 1318 341 1349 militie
359 1318 570 1348 clericali—.
585 1318 668 1348 Cum
687 1318 790 1356 igitur
806 1319 950 1349 dilectus
969 1320 1060 1349 silius
1073 1320 1232 1351 Jofredus

218 1371 258 1401 de
268 1371 454 1407 Saleniaco,
466 1371 620 1407 clericus,
633 1379 738 1410 nepos
751 1371 956 1402 venerabilis
967 1372 1083 1402 fratris
1098 1374 1229 1404 nostri..

218 1424 368 1462 episcopi
393 1423 632 1462 Lingonensis,
665 1424 798 1454 nullum
828 1425 945 1458 adhuc.
977 1426 1063 1455 sicut
1096 1427 1230 1463 asserit,

218 1477 486 1507 ecclesiasticum
501 1476 702 1507 beneficium
713 1477 755 1507 sit
769 1477 922 1516 adeptus,
938 1487 999 1508 nos
1012 1479 1136 1516 ipsum,
1157 1488 1232 1509 con-

219 1529 423 1559 sideratione
442 1529 543 1559 etiam
560 1529 669 1567 ipsius
688 1530 969 1568 episcopi,gratia
988 1531 1141 1561 volentes
1158 1541 1231 1570 pro-

218 1582 315 1620 sequi
342 1581 493 1620 speciali,
513 1582 714 1612 mandamus
734 1583 893 1620 quatinus
913 1583 1025 1621 ipsum
1042 1584 1095 1613 vel
1112 1593 1229 1622 procu-

217 1636 365 1664 ratorem
390 1643 489 1664 suum
519 1635 575 1664 aut
607 1634 723 1671 alium,
751 1635 823 1673 ejus
851 1636 997 1671 nomine,
1024 1636 1057 1665 in
1090 1637 1231 1666 ecclesia

215 1687 538 1726 Lingonensirecipi
557 1687 683 1717 faciens
701 1696 760 1726 per
775 1690 806 1718 te
825 1689 944 1727 velper
962 1688 1066 1718 alium
1085 1689 1118 1718 in
1136 1698 1231 1719 cano-

217 1740 329 1770 nicum
349 1741 378 1769 et
396 1740 428 1769 in
445 1740 594 1776 fratrem,
615 1740 833 1778 prebendam,
854 1741 881 1770 si
905 1741 1109 1779 1111111111116111
1135 1743 1230 1772 vacat

217 1793 258 1823 ad
276 1801 427 1831 presens,
454 1792 507 1822 vel
527 1793 779 1831 quamprimum
807 1793 847 1823 ad
867 1793 901 1823 id
920 1802 954 1823 se
978 1793 1121 1823 facultas
1138 1794 1230 1824 obtu-

216 1845 306 1879 lerit,
327 1845 436 1875 eidem
457 1845 509 1874 vel
525 1845 736 1883 procuratori
751 1854 811 1875 suo
831 1847 886 1875 aut
905 1846 975 1881 alii,
992 1846 1064 1884 ejus
1081 1847 1227 1883 nomine,

217 1906 292 1928 cum
313 1897 524 1936 plenitudine
546 1897 634 1935 juris
657 1898 807 1927 canonici
831 1898 984 1927 conferas
1011 1900 1042 1928 et
1063 1899 1227 1937 assignes,

216 1959 359 1989 eumque
392 1950 498 1979 facias
525 1950 625 1988 plena
652 1951 683 1980 et
708 1950 847 1988 pacifica
879 1951 1030 1989 ejusdem
1061 1951 1229 1990 prebendo

214 2003 430 2042 possessione
448 2003 603 2042 gaudere,
624 2011 691 2033 non
710 2003 925 2033 obstantibus
938 2005 1065 2034 statuto
1083 2005 1122 2034 de
1140 2006 1228 2034 certo

216 2056 454 2087 canonicorum
472 2065 624 2092 numero,
642 2056 845 2093 juramento,
866 2058 1120 2088 confirmatione
1138 2059 1229 2088 sedis

215 2109 400 2148 apostolice
417 2109 471 2138 vel
488 2109 554 2139 alia
571 2109 721 2147 qualibet
740 2110 899 2140 firmitate
918 2111 1052 2146 vallato,
1072 2113 1125 2141 aut
1148 2111 1177 2141 si
1196 2111 1228 2140 111

215 2162 358 2192 ecclesia
382 2162 456 2200 ipsa
481 2163 559 2192 sunt
583 2162 689 2201 aliqui
716 2163 904 2201 apostolica
927 2163 980 2193 vel
1010 2164 1130 2202 quavis
1163 2164 1229 2193 alia

214 2215 414 2245 auctoritate
434 2215 625 2253 receptivel
640 2216 673 2245 ut
689 2215 897 2254 recipiantur
917 2216 1086 2253 insistant,
1105 2217 1228 2255 quibus

215 2267 466 2304 insistentibus,
484 2269 624 2306 excepto
643 2268 763 2298 dilecto
790 2269 953 2307 magistro
966 2269 1130 2305 Johanne,
1150 2270 1228 2299 Tre-

215 2320 307 2350 censi
323 2320 571 2356 archidiacono,
589 2321 750 2351 clericum
763 2323 873 2360 ipsum
886 2322 920 2351 111
940 2322 1136 2360 hujusmodi
1155 2331 1229 2360 pre-

215 2372 322 2403 bende
339 2373 552 2403 assecutione
571 2373 715 2412 preferri
733 2374 902 2410 volumus,
916 2375 975 2404 sed
989 2374 1059 2413 jam
1083 2375 1228 2413 receptis

214 2426 347 2455 nullum
368 2434 427 2463 per
447 2425 508 2455 hoc
534 2426 761 2464 prejudicium
778 2427 944 2465 generari,
965 2436 1025 2457 seu
1047 2427 1076 2457 si
1097 2428 1228 2466 prefato

216 2477 374 2516 episcopo
393 2479 424 2507 et
448 2478 583 2508 dilectis
604 2478 686 2508 filiis
705 2479 830 2510 decano
857 2482 888 2509 et
910 2480 1057 2518 capitulo
1087 2480 1228 2510 ecclesie

215 2532 400 2560 memorate
427 2531 615 2561 comuniter
636 2532 689 2562 vel
712 2532 850 2562 divisim
871 2532 912 2562 ab
936 2533 1052 2563 eadem
1073 2533 1152 2563 sede
1180 2533 1229 2563 in-

216 2584 349 2614 dultum
366 2583 501 2618 existat,
520 2584 608 2622 quod
624 2584 666 2614 ad
682 2586 907 2623 receptionem
926 2594 986 2615 seu
998 2585 1228 2623 provisionem

216 2636 360 2675 alicujus
379 2636 519 2667 minime
534 2637 700 2674 teneatur,
718 2638 873 2676 quodque
888 2638 928 2668 ad
941 2638 973 2667 id
991 2638 1149 2677 compelli
1169 2647 1228 2669 seu

216 2689 479 2726 excommun-ari,
505 2690 668 2728 suspendi
686 2690 739 2720 vel
762 2690 919 2720 interdici
936 2699 996 2729 per
1021 2691 1154 2721 litteras
1173 2700 1226 2721 116-

217 2743 341 2781 queant
355 2742 446 2773 sedis
462 2742 625 2781 ejusdem,
644 2751 710 2772 non
728 2743 1033 2782 facientesplenam
1051 2745 1082 2774 et
1092 2752 1229 2782 expres-

217 2803 290 2825 sam
314 2795 352 2824 de
380 2795 510 2825 indulto
536 2795 730 2833 hujusmodi
754 2796 971 2832 mentionem,
996 2798 1052 2826 aut
1077 2796 1228 2835 qualibet

218 2847 285 2877 alia
303 2848 452 2886 predicte
481 2847 574 2878 sedis
593 2847 813 2886 indulgentia,
833 2848 1075 2887 cujuscumque
1098 2849 1227 2879 tenoris

218 2900 354 2937 existat,
376 2909 436 2939 per
457 2909 558 2939 quam
576 2900 725 2931 mandati
743 2901 850 2931 nostri
870 2910 971 2940 super
990 2901 1052 2932 hoc
1068 2901 1227 2940 impediri

1293 334 1403 370 possit
1417 337 1570 366 executio
1586 338 1639 367 vel
1658 339 1796 370 differri.
1816 341 2087 373 Contradictores
2101 346 2298 378 auctoritate

1294 387 1420 422 nostra,
1451 389 1511 417 etc.
1546 398 1652 428 usqne
1677 394 1929 430 csnnpescernlo.
1966 395 2088 425 Datum
2122 399 2209 435 apud
2242 400 2300 430 L'r-

1293 436 1531 477 bmnveterem,
1552 451 1593 471 xn
1612 443 1773 473 kalendas
1789 446 1918 483 aprilis,
1939 456 2024 478 anno
2042 450 2197 480 secundo.
2217 464 2230 478 >1

1429 614 1496 644 261

1861 620 1982 651 Ori-icto,
2004 623 2033 648 21
2057 626 2225 652 inars12t33.

1329 689 1439 716 Decano
1452 691 1588 718 ecclcsiae
1606 692 1632 719 S.
1647 694 1780 728 Stephani
1795 696 1941 724 Trecensis
1959 701 2073 727 mandat
2090 705 2114 728 01
2134 704 2297 738 episc-opum

1293 736 1504 771 Lingonensem
1521 748 1536 766 a
1554 740 1787 769 molestatoribus
1803 744 1882 771 laicis
1898 749 1923 772 et
1941 747 2052 773 clericis
2064 750 2206 782 defendat,
2222 761 2300 786 prac-

1293 786 1421 813 sentibus
1442 789 1506 821 post
1530 788 1686 816 triennium
1710 790 1828 818 minime
1855 794 1993 822 valituris.
2015 797 2092 829 1111111.
2121 800 2163 829 27,
2192 800 2238 827 tol.
2266 803 2299 828 70

1293 839 1320 859 νῦ
1336 838 1387 869 οο.)

1335 937 1348 953 11
1369 926 1490 957 Deeano
1502 928 1622 959 ecclesie
1631 931 1665 960 S.
1682 932 1837 971 Stephani
1856 933 2016 965 Trecensis.
2037 936 2182 967 Prclatis
2199 940 2300 970 eccle-

1295 979 1421 1010 siarum
1439 982 1470 1011 et
1498 1000 1548 1011 ——.
1568 983 1691 1013 Datum
1708 985 1796 1023 apud
1815 985 2100 1023 Urbemveterem,
2122 1000 2165 1020 xn
2188 991 2301 1022 kalen-

1295 1032 1354 1061 das
1377 1033 1507 1070 aprilis,
1526 1044 1612 1065 anno
1629 1038 1786 1068 secundo.
1808 1050 1823 1066 »

1383 1208 1456 1239 282
1877 1213 2000 1244 Orrieto,
2022 1216 2049 1241 13
2066 1215 2136 1241 avril
2154 1216 2229 1243 1263.

1330 1286 1402 1312 Duas
1432 1288 1608 1321 provisiones
1627 1293 1739 1317 revocat
1760 1292 1793 1317 de
1823 1292 2011 1326 dignitatibus
2030 1296 2057 1320 et
2082 1296 2242 1329 111-1111601115
2274 1297 2302 1324 iu

1294 1334 1415 1362 ecclesia
1428 1335 1600 1371 Lingonensi
1615 1338 1812 1366 existentibus.
1831 1341 1908 1375 (11011.
1925 1343 1968 1371 Ἦ,
1992 1342 2039 1369 sol.
2059 1344 2091 1369 ΤΟ
2111 1350 2146 1374 w,
2166 1350 2196 1370 11ο
2214 1346 2253 1379 2.)

1336 1438 1351 1453 «
1370 1451 1389 1457 ..
1410 1428 1568 1468 Episcopo
1587 1429 1784 1469 Lingsonensi.
1807 1432 1909 1462 Lecta
1929 1442 2040 1463 coram
2060 1434 2158 1464 nobis
2184 1436 2300 1466 frater-

1294 1480 1411 1510 nitatis
1429 1483 1484 1511 tnc
1513 1483 1632 1520 petitio
1653 1483 1845 1514 continebat
1866 1486 1965 1523 1111011,
1994 1487 2071 1516 licet
2099 1488 2233 1517 collatio
2254 1489 2301 1519 ‹li—

1293 1533 1459 1571 gnitatum
1477 1535 1509 1564 et
1529 1538 1771 1572 personatuum
1789 1537 1930 1567 ecclesie
1947 1538 2183 1577 Lingonensis,
2205 1542 2299 1572 deca-

1292 1587 1372 1615 natu
1407 1588 1558 1625 excepto,
1581 1588 1621 1617 ad
1644 1590 1675 1618 te
1695 1589 1805 1619 solnm
1829 1591 1997 1628 pertinere
2022 1595 2190 1629 noscatur,
2220 1595 2299 1632 1111111

1292 1639 1403 1668 tamen
1423 1647 1483 1677 pro
1510 1639 1619 1669 tribus
1650 1641 1703 1671 vel
1724 1643 1867 1680 quatuor
1894 1644 2048 1681 personis
2077 1646 2117 1675 ad
2146 1646 2298 1677 diversos

1293 1693 1490 1721 executores
1510 1692 1571 1721 sub
1594 1695 1683 1723 certa
1704 1694 1812 1724 forma
1829 1695 1940 1725 littere
1959 1705 1976 1725 a
2000 1697 2097 1727 nobis
2116 1699 2297 1736 apostolice

1293 1745 1371 1773 sunt
1393 1744 1536 1781 obtcnte,
1555 1754 1614 1783 per
1632 1755 1715 1784 quas
1733 1747 1781 1777 eis
1797 1748 1835 1777 de
1852 1748 2073 1786 dignitatibus
2092 1752 2121 1780 et
2140 1760 2296 1789 persona-

1293 1797 1385 1827 tibus
1413 1798 1562 1836 eiusdem
1587 1799 1726 1829 ecclesie
1747 1801 1918 1838 111-01111611
1939 1803 2208 1840 lmandaviinus,
2226 1814 2297 1843 per-

1292 1851 1385 1879 sonis
1401 1850 1478 1880 aliis
1500 1851 1561 1880 tibi
1580 1853 1611 1881 ot
1630 1853 1770 1882 ecclesie
1795 1855 1849 1883 tue
1867 1854 2141 1893 obsfflpientibus,
2161 1866 2226 1887 11011
2243 1866 2297 1896 po—

1291 1904 1353 1939 tes,
1373 1905 1409 1932 ut
1430 1904 1596 1938 convenit,
1611 1905 1800 1942 providere,
1815 1909 1951 1945 propter
1964 1909 2051 1945 1111011
2063 1917 2205 1946 persone
2224 1910 2296 1948 ipse

1291 1964 1309 1985 a
1325 1956 1393 1985 tuis
1414 1958 1445 1985 et
1463 1956 1572 1993 ipsius
1589 1957 1728 1987 ecclesie
1744 1958 1916 1997 obsequiis
1934 1960 2160 1991 retrahuntur.
2174 1962 2295 1997 Quare,

1291 2017 1377 2044 60111,
1398 2008 1620 2046 dignitatibus
1638 2018 1697 2039 seu
1719 2012 1956 2049 personatibus
1973 2012 2164 2049 hujusmodi
2180 2015 2297 2052 paucis

1290 2061 1521 2091 existensibus
1547 2071 1698 2097 numero,
1731 2072 1790 2101 per
1815 2065 1863 2094 tot
1888 2073 2109 2102 personarum
2132 2068 2296 2105 provisio-

1290 2123 1350 2144 nes
1368 2114 1511 2144 nimium
1530 2115 1578 2144 sis
1597 2117 1768 2153 gravatus,
1787 2116 1884 2146 nobis
1908 2107 2082 2148 humiliter
2098 2120 2297 2158 supplicasti

1290 2168 1325 2197 ut
1344 2176 1445 2206 super
1460 2167 1521 2197 hoc
1540 2167 1602 2197 tibi
1626 2170 1657 2198 et
1678 2169 1744 2207 ipsi
1764 2170 1906 2199 ecclesie
1926 2170 2104 2201 subvenire
2127 2173 2166 2202 de
2188 2173 2297 2211 provi-

1289 2221 1402 2250 dentia
1421 2220 1511 2251 sedis
1532 2221 1716 2259 apostolice
1732 2231 1937 2253 curaremus.
1965 2224 2035 2253 Nos
2056 2225 2158 2263 igitur
2182 2235 2296 2264 grava-

1290 2282 1367 2304 men
1389 2275 1484 2303 tuum
1501 2275 1531 2303 et
1551 2274 1699 2312 predicte
1713 2274 1722 2292 2
1739 2275 1878 2305 ecclesie
1894 2276 1926 2305 in
1946 2276 2003 2306 hac
2024 2279 2117 2314 parto
2136 2278 2295 2310 alleviare

1289 2326 1454 2361 volentes,
1481 2327 1549 2356 tuis
1583 2327 1888 2365 supplicationi]»us
1920 2329 2085 2365 inclinati,
2115 2330 2245 2360 litteras
2278 2341 2296 2362 a

1290 2379 1412 2409 dilecto
1428 2379 1498 2409 filio
1517 2380 1679 2418 magistro
1695 2384 1704 2401 3
1721 2380 1857 2416 Garine,
1877 2381 2001 2411 decano
2021 2382 2294 2418 (flathalaunensh

1290 2440 1391 2470 super
1411 2432 1605 2471 provisione
1623 2432 1686 2462 sibi
1700 2433 1739 2463 de
1754 2433 1915 2472 dignitate
1926 2434 1977 2464 vel
1993 2437 2176 2472 personatu
2195 2436 2228 2465 in
2246 2445 2295 2466 ec-

1290 2485 1393 2514 clesia
1416 2485 1622 2524 Lingonensi
1644 2486 1696 2515 vel
1721 2486 1980 2516 Cathalaunensi
1999 2487 2162 2524 facienda,
2182 2488 2296 2518 obten—

1290 2538 1352 2572 tas,
1371 2546 1435 2576 quo
1465 2538 1506 2567 ad
1524 2538 1701 2568 ecclesiam
1728 2539 1987 2577 Lingonensem,
2006 2548 2134 2570 necnon
2164 2541 2295 2571 litteras

1290 2590 1374 2620 alias
1387 2599 1447 2628 per
1463 2600 1546 2629 quas
1556 2591 1677 2621 dilecto
1692 2591 1760 2621 filio
1774 2592 1915 2622 Girardo
1933 2592 1972 2622 de
1984 2592 2149 2628 Granoon,
2160 2593 2292 2630 clerico,

1289 2643 1328 2673 de
1344 2642 1514 2681 prebenda
1532 2652 1606 2674 cum
1624 2646 1807 2682 personatu
1830 2644 1863 2674 in
1890 2645 2005 2675 eadem
2024 2645 2229 2684 Lingonensi
2245 2655 2294 2676 ec-

1289 2696 1392 2726 clesia
1409 2697 1579 2734 provideri
1604 2697 1850 2733 mandavimus,
1869 2697 1978 2736 quoad
2005 2700 2221 2736 personatum
2246 2699 2294 2737 ip—

1289 2757 1364 2778 sum
1381 2749 1554 2783 duntaxat,
1566 2758 1606 2780 ex
1623 2751 1712 2780 certa
1726 2750 2084 2787 seientiarevocamus,
2096 2751 2294 2782 auctoritate

1288 2801 1350 2831 tibi
1367 2802 1576 2840 presentium
1594 2802 1812 2832 concedentes
1830 2806 1865 2832 ut
1885 2803 1994 2832 neutri
2010 2804 2238 2842 predictorum
2254 2804 2294 2835 (16

1322 2910 1342 2932 1.
1360 2909 1396 2934 Co
1413 2911 1469 2933 mot
1486 2911 1527 2933 ost
1544 2916 1577 2933 cn
1594 2909 1759 2939 sut-charge.
1778 2922 1807 2925 —
1822 2910 1846 2934 2.
1864 2909 1902 2933 Id.
1916 2924 1946 2928 —
1962 2910 2040 2934 3.1d.
