<?xml version="1.0" encoding="UTF-8"?>
<!DOCTYPE html PUBLIC "-//W3C//DTD XHTML 1.0 Transitional//EN"
    "http://www.w3.org/TR/xhtml1/DTD/xhtml1-transitional.dtd">
<html xmlns="http://www.w3.org/1999/xhtml" xml:lang="en" lang="en">
 <head>
  <title>
</title>
<meta http-equiv="Content-Type" content="text/html;charset=utf-8" />
  <meta name='ocr-system' content='tesseract 3.04.00' />
  <meta name='ocr-capabilities' content='ocr_page ocr_carea ocr_par ocr_line ocrx_word'/>
</head>
<body>
  <div class='ocr_page' id='page_1' title='image "./lesregistresdurb12cath/lesregistresdurb12cath_0403.png"; bbox 0 0 2547 3289; ppageno 0'>
   <div class='ocr_carea' id='block_1_1' title="bbox 1068 270 2325 316">
    <p class='ocr_par' dir='ltr' id='par_1_1' title="bbox 1068 270 2325 316">
     <span class='ocr_line' id='line_1_1' title="bbox 1068 270 2325 316; baseline -0.002 -9"><span class='ocrx_word' id='word_1_1' title='bbox 1068 270 1306 308; x_wconf 62' lang='lat' dir='ltr'>DissuerME</span> <span class='ocrx_word' id='word_1_2' title='bbox 1332 272 1496 308; x_wconf 73' lang='grc' dir='ltr'><strong>ΑΝΝΕΕ.</strong></span> <span class='ocrx_word' id='word_1_3' title='bbox 2271 287 2325 316; x_wconf 65' lang='lat'>14,</span> 
     </span>
    </p>
   </div>
   <div class='ocr_carea' id='block_1_2' title="bbox 242 360 2332 2940">
    <p class='ocr_par' dir='ltr' id='par_1_2' title="bbox 247 360 2332 1512">
     <span class='ocr_line' id='line_1_2' title="bbox 247 360 1258 402; baseline -0.006 -7"><span class='ocrx_word' id='word_1_4' title='bbox 247 373 282 395; x_wconf 90' lang='lat' dir='ltr'>se</span> <span class='ocrx_word' id='word_1_5' title='bbox 299 363 446 395; x_wconf 88' lang='lat' dir='ltr'>extendit</span> <span class='ocrx_word' id='word_1_6' title='bbox 460 363 618 402; x_wconf 87' lang='lat' dir='ltr'>potentia,</span> <span class='ocrx_word' id='word_1_7' title='bbox 643 361 894 393; x_wconf 84' lang='lat' dir='ltr'>crudelissimas</span> <span class='ocrx_word' id='word_1_8' title='bbox 919 370 1033 391; x_wconf 85' lang='lat' dir='ltr'>eorum</span> <span class='ocrx_word' id='word_1_9' title='bbox 1056 360 1258 399; x_wconf 83' lang='lat' dir='ltr'>persenserit</span> 
     </span>
     <span class='ocr_line' id='line_1_3' title="bbox 247 413 1257 457; baseline -0.006 -10"><span class='ocrx_word' id='word_1_10' title='bbox 247 417 454 457; x_wconf 75' lang='lat' dir='ltr'>punctiones,</span> <span class='ocrx_word' id='word_1_11' title='bbox 476 417 509 446; x_wconf 92' lang='lat' dir='ltr'>in</span> <span class='ocrx_word' id='word_1_12' title='bbox 525 424 626 455; x_wconf 82' lang='lat' dir='ltr'>regno</span> <span class='ocrx_word' id='word_1_13' title='bbox 644 416 754 445; x_wconf 85' lang='lat' dir='ltr'>tamen</span> <span class='ocrx_word' id='word_1_14' title='bbox 774 414 898 449; x_wconf 80' lang='lat' dir='ltr'>Sicilie,</span> <span class='ocrx_word' id='word_1_15' title='bbox 917 414 1005 452; x_wconf 74' lang='lat' dir='ltr'>quod</span> <span class='ocrx_word' id='word_1_16' title='bbox 1022 414 1062 443; x_wconf 84' lang='lat' dir='ltr'>ad</span> <span class='ocrx_word' id='word_1_17' title='bbox 1084 413 1191 451; x_wconf 64' lang='lat' dir='ltr'>ipsam</span> <span class='ocrx_word' id='word_1_18' title='bbox 1208 421 1257 442; x_wconf 89' lang='lat' dir='ltr'>ec-</span> 
     </span>
     <span class='ocr_line' id='line_1_4' title="bbox 247 466 1257 508; baseline -0.005 -8"><span class='ocrx_word' id='word_1_19' title='bbox 247 470 383 501; x_wconf 85' lang='lat' dir='ltr'>clesiam</span> <span class='ocrx_word' id='word_1_20' title='bbox 406 469 549 508; x_wconf 89' lang='lat' dir='ltr'>pertinet</span> <span class='ocrx_word' id='word_1_21' title='bbox 569 469 766 508; x_wconf 85' lang='lat' dir='ltr'>plenojure,</span> <span class='ocrx_word' id='word_1_22' title='bbox 786 469 876 498; x_wconf 87' lang='lat' dir='ltr'>tanto</span> <span class='ocrx_word' id='word_1_23' title='bbox 897 467 1048 497; x_wconf 69' lang='lat' dir='ltr'>duriores</span> <span class='ocrx_word' id='word_1_24' title='bbox 1066 468 1096 496; x_wconf 89' lang='lat' dir='ltr'>et</span> <span class='ocrx_word' id='word_1_25' title='bbox 1115 466 1257 504; x_wconf 81' lang='lat' dir='ltr'>asperio-</span> 
     </span>
     <span class='ocr_line' id='line_1_5' title="bbox 248 519 2328 562; baseline 0.001 -10"><span class='ocrx_word' id='word_1_26' title='bbox 248 531 301 553; x_wconf 87' lang='lat' dir='ltr'>res</span> <span class='ocrx_word' id='word_1_27' title='bbox 323 522 570 561; x_wconf 65' lang='lat' dir='ltr'>persecutiones</span> <span class='ocrx_word' id='word_1_28' title='bbox 596 522 731 561; x_wconf 87' lang='lat' dir='ltr'>pertulit</span> <span class='ocrx_word' id='word_1_29' title='bbox 753 521 794 551; x_wconf 89' lang='lat' dir='ltr'>ab</span> <span class='ocrx_word' id='word_1_30' title='bbox 819 521 958 554; x_wconf 85' lang='lat' dir='ltr'>eisdem,</span> <span class='ocrx_word' id='word_1_31' title='bbox 979 521 1100 557; x_wconf 76' lang='lat' dir='ltr'>quanto</span> <span class='ocrx_word' id='word_1_32' title='bbox 1122 520 1259 549; x_wconf 86' lang='lat' dir='ltr'>liberius</span> <span class='ocrx_word' id='word_1_33' title='bbox 1319 519 1358 548; x_wconf 89' lang='lat' dir='ltr'>ad</span> <span class='ocrx_word' id='word_1_34' title='bbox 1376 519 1685 551; x_wconf 86' lang='lat' dir='ltr'>ferendumtantum</span> <span class='ocrx_word' id='word_1_35' title='bbox 1706 523 1977 561; x_wconf 77' lang='lat' dir='ltr'>ponduspenitus</span> <span class='ocrx_word' id='word_1_36' title='bbox 1990 524 2154 562; x_wconf 84' lang='lat' dir='ltr'>impotens</span> <span class='ocrx_word' id='word_1_37' title='bbox 2168 534 2203 555; x_wconf 85' lang='lat' dir='ltr'>ac</span> <span class='ocrx_word' id='word_1_38' title='bbox 2215 526 2328 555; x_wconf 84' lang='lat' dir='ltr'>multis</span> 
     </span>
     <span class='ocr_line' id='line_1_6' title="bbox 247 573 2326 614; baseline 0.001 -10"><span class='ocrx_word' id='word_1_39' title='bbox 247 575 347 606; x_wconf 89' lang='lat' dir='ltr'>iidem</span> <span class='ocrx_word' id='word_1_40' title='bbox 372 576 601 614; x_wconf 70' lang='lat' dir='ltr'>persecutores</span> <span class='ocrx_word' id='word_1_41' title='bbox 625 575 702 605; x_wconf 90' lang='lat' dir='ltr'>sunt</span> <span class='ocrx_word' id='word_1_42' title='bbox 730 574 763 604; x_wconf 91' lang='lat' dir='ltr'>in</span> <span class='ocrx_word' id='word_1_43' title='bbox 790 582 828 603; x_wconf 90' lang='lat' dir='ltr'>eo</span> <span class='ocrx_word' id='word_1_44' title='bbox 852 573 960 611; x_wconf 84' lang='lat' dir='ltr'>longis</span> <span class='ocrx_word' id='word_1_45' title='bbox 985 573 1189 610; x_wconf 71' lang='lat' dir='ltr'>temporibus</span> <span class='ocrx_word' id='word_1_46' title='bbox 1205 573 1258 601; x_wconf 87' lang='lat' dir='ltr'>de-</span> <span class='ocrx_word' id='word_1_47' title='bbox 1320 574 1349 601; x_wconf 91' lang='lat' dir='ltr'>et</span> <span class='ocrx_word' id='word_1_48' title='bbox 1366 573 1524 610; x_wconf 81' lang='lat' dir='ltr'>gravibus</span> <span class='ocrx_word' id='word_1_49' title='bbox 1540 574 1660 603; x_wconf 69' lang='lat' dir='ltr'>debitis</span> <span class='ocrx_word' id='word_1_50' title='bbox 1676 575 1830 613; x_wconf 78' lang='lat' dir='ltr'>obligata,</span> <span class='ocrx_word' id='word_1_51' title='bbox 1849 585 2044 606; x_wconf 66' lang='lat' dir='ltr'>succursum</span> <span class='ocrx_word' id='word_1_52' title='bbox 2063 586 2137 607; x_wconf 87' lang='lat' dir='ltr'>cum</span> <span class='ocrx_word' id='word_1_53' title='bbox 2161 579 2326 608; x_wconf 62' lang='grc'>0111111105-</span> 
     </span>
     <span class='ocr_line' id='line_1_7' title="bbox 247 625 2328 666; baseline 0.001 -8"><span class='ocrx_word' id='word_1_54' title='bbox 247 628 423 666; x_wconf 48' lang='lat' dir='ltr'>basclcliati</span> <span class='ocrx_word' id='word_1_55' title='bbox 442 628 631 666; x_wconf 83' lang='lat' dir='ltr'>quantoque</span> <span class='ocrx_word' id='word_1_56' title='bbox 661 627 811 657; x_wconf 86' lang='lat' dir='ltr'>severius</span> <span class='ocrx_word' id='word_1_57' title='bbox 846 628 877 655; x_wconf 93' lang='lat' dir='ltr'>et</span> <span class='ocrx_word' id='word_1_58' title='bbox 903 625 1047 655; x_wconf 84' lang='lat' dir='ltr'>atrocius</span> <span class='ocrx_word' id='word_1_59' title='bbox 1066 625 1160 654; x_wconf 88' lang='lat' dir='ltr'>inibi.</span> <span class='ocrx_word' id='word_1_60' title='bbox 1185 626 1258 654; x_wconf 83' lang='lat' dir='ltr'>autc</span> <span class='ocrx_word' id='word_1_61' title='bbox 1320 626 1459 655; x_wconf 81' lang='lat' dir='ltr'>tinantia</span> <span class='ocrx_word' id='word_1_62' title='bbox 1484 635 1688 665; x_wconf 82' lang='lat' dir='ltr'>preparares,</span> <span class='ocrx_word' id='word_1_63' title='bbox 1710 627 1753 657; x_wconf 86' lang='lat' dir='ltr'>ita</span> <span class='ocrx_word' id='word_1_64' title='bbox 1772 629 1870 666; x_wconf 79' lang='lat' dir='ltr'>quod,</span> <span class='ocrx_word' id='word_1_65' title='bbox 1889 630 1979 659; x_wconf 86' lang='lat' dir='ltr'>omni</span> <span class='ocrx_word' id='word_1_66' title='bbox 1997 630 2190 660; x_wconf 80' lang='lat' dir='ltr'>difficultate</span> <span class='ocrx_word' id='word_1_67' title='bbox 2215 641 2250 661; x_wconf 82' lang='lat' dir='ltr'>ac</span> <span class='ocrx_word' id='word_1_68' title='bbox 2267 634 2328 661; x_wconf 67' lang='lat' dir='ltr'>tar-</span> 
     </span>
     <span class='ocr_line' id='line_1_8' title="bbox 247 678 2328 721; baseline 0.001 -10"><span class='ocrx_word' id='word_1_69' title='bbox 247 682 355 720; x_wconf 90' lang='lat' dir='ltr'>ipsius</span> <span class='ocrx_word' id='word_1_70' title='bbox 379 680 517 710; x_wconf 77' lang='lat' dir='ltr'>ecclesie</span> <span class='ocrx_word' id='word_1_71' title='bbox 543 680 667 713; x_wconf 74' lang='lat' dir='ltr'>oculos,</span> <span class='ocrx_word' id='word_1_72' title='bbox 698 679 782 709; x_wconf 87' lang='lat' dir='ltr'>uteri</span> <span class='ocrx_word' id='word_1_73' title='bbox 814 678 866 708; x_wconf 87' lang='lat' dir='ltr'>sui</span> <span class='ocrx_word' id='word_1_74' title='bbox 895 678 982 707; x_wconf 86' lang='lat' dir='ltr'>filios</span> <span class='ocrx_word' id='word_1_75' title='bbox 1010 679 1258 716; x_wconf 78' lang='lat' dir='ltr'>oppresserunt,</span> <span class='ocrx_word' id='word_1_76' title='bbox 1290 680 1291 686; x_wconf 65' lang='lat'>¹</span> <span class='ocrx_word' id='word_1_77' title='bbox 1320 678 1419 708; x_wconf 85' lang='lat' dir='ltr'>dilate</span> <span class='ocrx_word' id='word_1_78' title='bbox 1445 681 1579 712; x_wconf 78' lang='lat' dir='ltr'>remota,</span> <span class='ocrx_word' id='word_1_79' title='bbox 1605 680 1739 718; x_wconf 70' lang='lat' dir='ltr'>copiosa</span> <span class='ocrx_word' id='word_1_80' title='bbox 1764 683 1794 711; x_wconf 83' lang='lat' dir='ltr'>et</span> <span class='ocrx_word' id='word_1_81' title='bbox 1811 683 1946 711; x_wconf 85' lang='lat' dir='ltr'>strenua</span> <span class='ocrx_word' id='word_1_82' title='bbox 1969 683 2089 712; x_wconf 88' lang='lat' dir='ltr'>militia</span> <span class='ocrx_word' id='word_1_83' title='bbox 2107 692 2180 713; x_wconf 79' lang='lat' dir='ltr'>cum</span> <span class='ocrx_word' id='word_1_84' title='bbox 2200 685 2328 721; x_wconf 64' lang='lat' dir='ltr'>ydoneo</span> 
     </span>
     <span class='ocr_line' id='line_1_9' title="bbox 247 713 2327 774; baseline 0 -10"><span class='ocrx_word' id='word_1_85' title='bbox 247 734 326 773; x_wconf 87' lang='lat' dir='ltr'>quia</span> <span class='ocrx_word' id='word_1_86' title='bbox 355 743 414 764; x_wconf 92' lang='lat' dir='ltr'>nec</span> <span class='ocrx_word' id='word_1_87' title='bbox 440 734 540 763; x_wconf 88' lang='lat' dir='ltr'>etiam</span> <span class='ocrx_word' id='word_1_88' title='bbox 567 732 724 763; x_wconf 80' lang='lat' dir='ltr'>ecclesias</span> <span class='ocrx_word' id='word_1_89' title='bbox 748 741 806 762; x_wconf 90' lang='lat' dir='ltr'>nec</span> <span class='ocrx_word' id='word_1_90' title='bbox 834 740 992 769; x_wconf 78' lang='lat' dir='ltr'>personas</span> <span class='ocrx_word' id='word_1_91' title='bbox 1019 731 1259 760; x_wconf 55' lang='lat' dir='ltr'>ecclesiasticas·</span> <span class='ocrx_word' id='word_1_92' title='bbox 1290 713 1291 757; x_wconf 65' lang='lat' dir='ltr'>l</span> <span class='ocrx_word' id='word_1_93' title='bbox 1321 731 1490 769; x_wconf 57' lang='lat' dir='ltr'>capitaneo</span> <span class='ocrx_word' id='word_1_94' title='bbox 1531 732 1715 762; x_wconf 70' lang='lat' dir='ltr'>mitteretur</span> <span class='ocrx_word' id='word_1_95' title='bbox 1745 742 1803 771; x_wconf 85' lang='lat' dir='ltr'>pro</span> <span class='ocrx_word' id='word_1_96' title='bbox 1829 735 2080 765; x_wconf 68' lang='lat' dir='ltr'>conservatione</span> <span class='ocrx_word' id='word_1_97' title='bbox 2110 738 2327 774; x_wconf 82' lang='lat' dir='ltr'>quarmndam</span> 
     </span>
     <span class='ocr_line' id='line_1_10' title="bbox 248 775 2330 828; baseline 0 -11"><span class='ocrx_word' id='word_1_98' title='bbox 248 787 355 826; x_wconf 90' lang='lat' dir='ltr'>ipsius</span> <span class='ocrx_word' id='word_1_99' title='bbox 377 787 470 825; x_wconf 86' lang='lat' dir='ltr'>regni</span> <span class='ocrx_word' id='word_1_100' title='bbox 488 794 669 824; x_wconf 84' lang='lat' dir='ltr'>earumque</span> <span class='ocrx_word' id='word_1_101' title='bbox 690 786 778 824; x_wconf 85' lang='lat' dir='ltr'>jura,</span> <span class='ocrx_word' id='word_1_102' title='bbox 802 785 972 814; x_wconf 71' lang='lat' dir='ltr'>libertates</span> <span class='ocrx_word' id='word_1_103' title='bbox 998 786 1028 813; x_wconf 87' lang='lat' dir='ltr'>et</span> <span class='ocrx_word' id='word_1_104' title='bbox 1049 784 1135 813; x_wconf 84' lang='lat' dir='ltr'>bona</span> <span class='ocrx_word' id='word_1_105' title='bbox 1150 784 1260 812; x_wconf 87' lang='lat' dir='ltr'>draco·</span> <span class='ocrx_word' id='word_1_106' title='bbox 1290 775 1291 811; x_wconf 68' lang='grc' dir='ltr'>Ῐ</span> <span class='ocrx_word' id='word_1_107' title='bbox 1321 785 1482 813; x_wconf 82' lang='lat' dir='ltr'>terrarum</span> <span class='ocrx_word' id='word_1_108' title='bbox 1499 785 1605 822; x_wconf 87' lang='lat' dir='ltr'>ipsius</span> <span class='ocrx_word' id='word_1_109' title='bbox 1631 785 1735 823; x_wconf 87' lang='lat' dir='ltr'>regni,</span> <span class='ocrx_word' id='word_1_110' title='bbox 1753 794 1815 823; x_wconf 70' lang='lat' dir='ltr'>que</span> <span class='ocrx_word' id='word_1_111' title='bbox 1842 787 1948 816; x_wconf 86' lang='lat' dir='ltr'>adhuc</span> <span class='ocrx_word' id='word_1_112' title='bbox 1975 788 2008 817; x_wconf 92' lang='lat' dir='ltr'>in</span> <span class='ocrx_word' id='word_1_113' title='bbox 2033 788 2206 818; x_wconf 86' lang='lat' dir='ltr'>devotione</span> <span class='ocrx_word' id='word_1_114' title='bbox 2224 790 2330 828; x_wconf 76' lang='lat' dir='ltr'>ipsius</span> 
     </span>
     <span class='ocr_line' id='line_1_11' title="bbox 248 835 2329 879; baseline 0.001 -10"><span class='ocrx_word' id='word_1_115' title='bbox 248 848 328 869; x_wconf 87' lang='lat' dir='ltr'>num</span> <span class='ocrx_word' id='word_1_116' title='bbox 347 839 482 869; x_wconf 89' lang='lat' dir='ltr'>illorum</span> <span class='ocrx_word' id='word_1_117' title='bbox 497 838 676 876; x_wconf 89' lang='lat' dir='ltr'>preteriere</span> <span class='ocrx_word' id='word_1_118' title='bbox 694 837 834 871; x_wconf 86' lang='lat' dir='ltr'>furores,</span> <span class='ocrx_word' id='word_1_119' title='bbox 854 836 911 865; x_wconf 88' lang='lat' dir='ltr'>sed</span> <span class='ocrx_word' id='word_1_120' title='bbox 930 836 964 865; x_wconf 93' lang='lat' dir='ltr'>in</span> <span class='ocrx_word' id='word_1_121' title='bbox 983 835 1041 865; x_wconf 72' lang='lat' dir='ltr'>hec</span> <span class='ocrx_word' id='word_1_122' title='bbox 1065 844 1102 865; x_wconf 92' lang='lat' dir='ltr'>eo</span> <span class='ocrx_word' id='word_1_123' title='bbox 1122 844 1258 864; x_wconf 65' lang='lat' dir='ltr'>exsran-</span> <span class='ocrx_word' id='word_1_124' title='bbox 1290 859 1291 873; x_wconf 30' lang='lat'>¹</span> <span class='ocrx_word' id='word_1_125' title='bbox 1320 836 1457 865; x_wconf 54' lang='lat' dir='ltr'>eci‘lesie</span> <span class='ocrx_word' id='word_1_126' title='bbox 1472 837 1693 874; x_wconf 68' lang='lat' dir='ltr'>persistebant</span> <span class='ocrx_word' id='word_1_127' title='bbox 1713 840 1743 867; x_wconf 90' lang='lat' dir='ltr'>et</span> <span class='ocrx_word' id='word_1_128' title='bbox 1758 847 1816 876; x_wconf 87' lang='lat' dir='ltr'>per</span> <span class='ocrx_word' id='word_1_129' title='bbox 1840 848 1921 876; x_wconf 79' lang='lat' dir='ltr'>quas</span> <span class='ocrx_word' id='word_1_130' title='bbox 1937 840 1975 869; x_wconf 87' lang='lat' dir='ltr'>ad</span> <span class='ocrx_word' id='word_1_131' title='bbox 2000 841 2082 869; x_wconf 83' lang='lat' dir='ltr'>alias</span> <span class='ocrx_word' id='word_1_132' title='bbox 2109 841 2255 879; x_wconf 80' lang='lat' dir='ltr'>ejusdem</span> <span class='ocrx_word' id='word_1_133' title='bbox 2284 852 2329 872; x_wconf 85' lang='lat' dir='ltr'>re-</span> 
     </span>
     <span class='ocr_line' id='line_1_12' title="bbox 248 887 2326 932; baseline 0.001 -11"><span class='ocrx_word' id='word_1_134' title='bbox 248 892 348 921; x_wconf 88' lang='lat' dir='ltr'>duere</span> <span class='ocrx_word' id='word_1_135' title='bbox 366 891 431 929; x_wconf 74' lang='lat' dir='ltr'>(sic)</span> <span class='ocrx_word' id='word_1_136' title='bbox 458 890 613 924; x_wconf 84' lang='lat' dir='ltr'>ferocius,</span> <span class='ocrx_word' id='word_1_137' title='bbox 630 898 695 928; x_wconf 82' lang='lat' dir='ltr'>quo</span> <span class='ocrx_word' id='word_1_138' title='bbox 716 888 876 927; x_wconf 80' lang='lat' dir='ltr'>quicquid</span> <span class='ocrx_word' id='word_1_139' title='bbox 897 887 1119 917; x_wconf 83' lang='lat' dir='ltr'>ecclesiastico</span> <span class='ocrx_word' id='word_1_140' title='bbox 1139 887 1259 916; x_wconf 77' lang='lat' dir='ltr'>discer-</span> <span class='ocrx_word' id='word_1_141' title='bbox 1321 889 1375 926; x_wconf 83' lang='lat' dir='ltr'>gni</span> <span class='ocrx_word' id='word_1_142' title='bbox 1392 890 1501 926; x_wconf 82' lang='lat' dir='ltr'>partes</span> <span class='ocrx_word' id='word_1_143' title='bbox 1518 889 1601 918; x_wconf 78' lang='lat' dir='ltr'>liber</span> <span class='ocrx_word' id='word_1_144' title='bbox 1618 890 1731 919; x_wconf 88' lang='lat' dir='ltr'>haberi</span> <span class='ocrx_word' id='word_1_145' title='bbox 1754 892 1881 928; x_wconf 85' lang='lat' dir='ltr'>poterat</span> <span class='ocrx_word' id='word_1_146' title='bbox 1900 893 2059 922; x_wconf 79' lang='lat' dir='ltr'>transitus</span> <span class='ocrx_word' id='word_1_147' title='bbox 2083 895 2112 922; x_wconf 90' lang='lat' dir='ltr'>et</span> <span class='ocrx_word' id='word_1_148' title='bbox 2138 903 2326 932; x_wconf 45' lang='lat' dir='ltr'>provvssus.</span> 
     </span>
     <span class='ocr_line' id='line_1_13' title="bbox 248 940 2330 985; baseline 0.001 -11"><span class='ocrx_word' id='word_1_149' title='bbox 248 945 338 974; x_wconf 88' lang='lat' dir='ltr'>nitur</span> <span class='ocrx_word' id='word_1_150' title='bbox 369 943 502 973; x_wconf 83' lang='grc'>1101111110</span> <span class='ocrx_word' id='word_1_151' title='bbox 527 942 795 980; x_wconf 68' lang='lat' dir='ltr'>ab[hlorruerunt</span> <span class='ocrx_word' id='word_1_152' title='bbox 825 941 901 971; x_wconf 90' lang='lat' dir='ltr'>odio</span> <span class='ocrx_word' id='word_1_153' title='bbox 932 941 1086 978; x_wconf 68' lang='lat' dir='ltr'>graviori.</span> <span class='ocrx_word' id='word_1_154' title='bbox 1117 941 1157 969; x_wconf 62' lang='lat' dir='ltr'>iet.</span> <span class='ocrx_word' id='word_1_155' title='bbox 1187 940 1259 969; x_wconf 89' lang='lat' dir='ltr'>ideo</span> <span class='ocrx_word' id='word_1_156' title='bbox 1321 941 1385 971; x_wconf 76' lang='lat' dir='ltr'>Sed</span> <span class='ocrx_word' id='word_1_157' title='bbox 1408 941 1550 979; x_wconf 72' lang='lat' dir='ltr'>qualiter</span> <span class='ocrx_word' id='word_1_158' title='bbox 1567 942 1635 977; x_wconf 78' lang='grc'>1100,</span> <span class='ocrx_word' id='word_1_159' title='bbox 1658 952 1720 980; x_wconf 72' lang='lat' dir='ltr'>que</span> <span class='ocrx_word' id='word_1_160' title='bbox 1743 946 1944 973; x_wconf 87' lang='lat' dir='ltr'>memoratus</span> <span class='ocrx_word' id='word_1_161' title='bbox 1962 945 2178 982; x_wconf 62' lang='lat' dir='ltr'>predecessor</span> <span class='ocrx_word' id='word_1_162' title='bbox 2194 947 2250 976; x_wconf 82' lang='lat' dir='ltr'>tibi</span> <span class='ocrx_word' id='word_1_163' title='bbox 2271 957 2330 985; x_wconf 82' lang='lat' dir='ltr'>pro</span> 
     </span>
     <span class='ocr_line' id='line_1_14' title="bbox 247 993 2331 1038; baseline 0.001 -11"><span class='ocrx_word' id='word_1_164' title='bbox 247 997 394 1036; x_wconf 87' lang='lat' dir='ltr'>predicta</span> <span class='ocrx_word' id='word_1_165' title='bbox 417 995 567 1029; x_wconf 85' lang='lat' dir='ltr'>ecclesia,</span> <span class='ocrx_word' id='word_1_166' title='bbox 592 995 771 1024; x_wconf 77' lang='lat' dir='ltr'>memorato</span> <span class='ocrx_word' id='word_1_167' title='bbox 789 993 961 1023; x_wconf 73' lang='lat' dir='ltr'>Friderico</span> <span class='ocrx_word' id='word_1_168' title='bbox 979 994 1009 1022; x_wconf 93' lang='lat' dir='ltr'>et</span> <span class='ocrx_word' id='word_1_169' title='bbox 1030 993 1194 1026; x_wconf 67' lang='lat' dir='ltr'>Conrado,</span> <span class='ocrx_word' id='word_1_170' title='bbox 1215 993 1260 1031; x_wconf 89' lang='lat' dir='ltr'>ip·</span> <span class='ocrx_word' id='word_1_171' title='bbox 1290 1005 1292 1038; x_wconf 66' lang='lat'><em>3</em></span> <span class='ocrx_word' id='word_1_172' title='bbox 1321 995 1468 1032; x_wconf 82' lang='lat' dir='ltr'>ejusdem</span> <span class='ocrx_word' id='word_1_173' title='bbox 1493 995 1614 1032; x_wconf 89' lang='lat' dir='ltr'>negotii</span> <span class='ocrx_word' id='word_1_174' title='bbox 1643 996 1881 1025; x_wconf 81' lang='lat' dir='ltr'>sustentatione</span> <span class='ocrx_word' id='word_1_175' title='bbox 1910 1005 1946 1026; x_wconf 64' lang='lat' dir='ltr'>av</span> <span class='ocrx_word' id='word_1_176' title='bbox 1974 999 2181 1035; x_wconf 79' lang='lat' dir='ltr'>promotione</span> <span class='ocrx_word' id='word_1_177' title='bbox 2200 1009 2331 1037; x_wconf 68' lang='lat' dir='ltr'>persua-</span> 
     </span>
     <span class='ocr_line' id='line_1_15' title="bbox 249 1046 2328 1088; baseline 0.001 -9"><span class='ocrx_word' id='word_1_178' title='bbox 249 1050 320 1080; x_wconf 87' lang='lat' dir='ltr'>sius</span> <span class='ocrx_word' id='word_1_179' title='bbox 335 1050 421 1085; x_wconf 85' lang='lat' dir='ltr'>nato,</span> <span class='ocrx_word' id='word_1_180' title='bbox 440 1048 580 1078; x_wconf 88' lang='lat' dir='ltr'>sublatis</span> <span class='ocrx_word' id='word_1_181' title='bbox 597 1048 635 1077; x_wconf 90' lang='lat' dir='ltr'>de</span> <span class='ocrx_word' id='word_1_182' title='bbox 653 1047 773 1082; x_wconf 86' lang='lat' dir='ltr'>medio,</span> <span class='ocrx_word' id='word_1_183' title='bbox 793 1047 834 1076; x_wconf 88' lang='lat' dir='ltr'>ad</span> <span class='ocrx_word' id='word_1_184' title='bbox 851 1055 989 1085; x_wconf 84' lang='lat' dir='ltr'>regnum</span> <span class='ocrx_word' id='word_1_185' title='bbox 1006 1046 1115 1084; x_wconf 78' lang='lat' dir='ltr'>ipsum</span> <span class='ocrx_word' id='word_1_186' title='bbox 1133 1046 1260 1075; x_wconf 71' lang='lat' dir='ltr'>halsiens</span> <span class='ocrx_word' id='word_1_187' title='bbox 1321 1048 1405 1077; x_wconf 77' lang='lat' dir='ltr'>sisse</span> <span class='ocrx_word' id='word_1_188' title='bbox 1434 1047 1629 1082; x_wconf 85' lang='lat' dir='ltr'>dinoscitur,</span> <span class='ocrx_word' id='word_1_189' title='bbox 1650 1048 1779 1083; x_wconf 81' lang='lat' dir='ltr'>feceris,</span> <span class='ocrx_word' id='word_1_190' title='bbox 1806 1057 1870 1078; x_wconf 88' lang='lat' dir='ltr'>non</span> <span class='ocrx_word' id='word_1_191' title='bbox 1899 1049 2049 1088; x_wconf 65' lang='lat' dir='ltr'>ignoras2</span> <span class='ocrx_word' id='word_1_192' title='bbox 2075 1051 2216 1088; x_wconf 74' lang='lat' dir='ltr'>qualiter</span> <span class='ocrx_word' id='word_1_193' title='bbox 2231 1053 2328 1082; x_wconf 82' lang='lat' dir='ltr'>etiam</span> 
     </span>
     <span class='ocr_line' id='line_1_16' title="bbox 247 1099 2328 1141; baseline 0 -9"><span class='ocrx_word' id='word_1_194' title='bbox 247 1104 396 1132; x_wconf 77' lang='lat' dir='ltr'>materne</span> <span class='ocrx_word' id='word_1_195' title='bbox 428 1100 671 1139; x_wconf 75' lang='lat' dir='ltr'>compassionis</span> <span class='ocrx_word' id='word_1_196' title='bbox 694 1100 859 1136; x_wconf 76' lang='lat' dir='ltr'>affectum,</span> <span class='ocrx_word' id='word_1_197' title='bbox 883 1099 961 1138; x_wconf 74' lang='lat' dir='ltr'>quia</span> <span class='ocrx_word' id='word_1_198' title='bbox 981 1100 1074 1129; x_wconf 89' lang='lat' dir='ltr'>erant</span> <span class='ocrx_word' id='word_1_199' title='bbox 1093 1099 1199 1128; x_wconf 85' lang='lat' dir='ltr'>adhuc</span> <span class='ocrx_word' id='word_1_200' title='bbox 1215 1099 1259 1128; x_wconf 86' lang='lat' dir='ltr'>la·</span> <span class='ocrx_word' id='word_1_201' title='bbox 1321 1099 1489 1137; x_wconf 78' lang='lat' dir='ltr'>negotium</span> <span class='ocrx_word' id='word_1_202' title='bbox 1520 1099 1631 1137; x_wconf 79' lang='lat' dir='ltr'>ipsum</span> <span class='ocrx_word' id='word_1_203' title='bbox 1661 1099 1830 1138; x_wconf 83' lang='lat' dir='ltr'>adjuveris</span> <span class='ocrx_word' id='word_1_204' title='bbox 1856 1110 1893 1130; x_wconf 89' lang='lat' dir='ltr'>ac</span> <span class='ocrx_word' id='word_1_205' title='bbox 1920 1110 2020 1139; x_wconf 87' lang='lat' dir='ltr'>super</span> <span class='ocrx_word' id='word_1_206' title='bbox 2047 1102 2103 1131; x_wconf 92' lang='lat' dir='ltr'>illo</span> <span class='ocrx_word' id='word_1_207' title='bbox 2130 1103 2328 1141; x_wconf 70' lang='lat' dir='ltr'>provideris,</span> 
     </span>
     <span class='ocr_line' id='line_1_17' title="bbox 249 1151 2331 1192; baseline 0 -7"><span class='ocrx_word' id='word_1_208' title='bbox 249 1156 349 1186; x_wconf 85' lang='lat' dir='ltr'>crime</span> <span class='ocrx_word' id='word_1_209' title='bbox 366 1155 400 1184; x_wconf 90' lang='lat' dir='ltr'>in</span> <span class='ocrx_word' id='word_1_210' title='bbox 416 1154 564 1184; x_wconf 77' lang='lat' dir='ltr'>maxillis</span> <span class='ocrx_word' id='word_1_211' title='bbox 579 1154 650 1192; x_wconf 86' lang='lat' dir='ltr'>ejus</span> <span class='ocrx_word' id='word_1_212' title='bbox 672 1155 702 1183; x_wconf 89' lang='lat' dir='ltr'>et</span> <span class='ocrx_word' id='word_1_213' title='bbox 724 1153 756 1183; x_wconf 90' lang='lat' dir='ltr'>in</span> <span class='ocrx_word' id='word_1_214' title='bbox 773 1153 868 1182; x_wconf 84' lang='lat' dir='ltr'>vultu</span> <span class='ocrx_word' id='word_1_215' title='bbox 888 1162 948 1182; x_wconf 84' lang='lat' dir='ltr'>suo</span> <span class='ocrx_word' id='word_1_216' title='bbox 967 1152 1145 1191; x_wconf 72' lang='lat' dir='ltr'>apparebat</span> <span class='ocrx_word' id='word_1_217' title='bbox 1162 1161 1259 1190; x_wconf 66' lang='lat' dir='ltr'>squa-</span> <span class='ocrx_word' id='word_1_218' title='bbox 1290 1158 1291 1161; x_wconf 75' lang='grc'>’</span> <span class='ocrx_word' id='word_1_219' title='bbox 1322 1151 1448 1181; x_wconf 80' lang='lat' dir='ltr'>cunctis</span> <span class='ocrx_word' id='word_1_220' title='bbox 1464 1152 1537 1182; x_wconf 82' lang='lat' dir='ltr'>luce</span> <span class='ocrx_word' id='word_1_221' title='bbox 1554 1152 1676 1182; x_wconf 66' lang='lat' dir='ltr'>clarius</span> <span class='ocrx_word' id='word_1_222' title='bbox 1699 1153 1888 1190; x_wconf 70' lang='lat' dir='ltr'>innotescit,</span> <span class='ocrx_word' id='word_1_223' title='bbox 1907 1163 1981 1183; x_wconf 90' lang='lat' dir='ltr'>cum</span> <span class='ocrx_word' id='word_1_224' title='bbox 2008 1163 2067 1184; x_wconf 87' lang='lat' dir='ltr'>nec</span> <span class='ocrx_word' id='word_1_225' title='bbox 2088 1156 2161 1185; x_wconf 86' lang='lat' dir='ltr'>tuas</span> <span class='ocrx_word' id='word_1_226' title='bbox 2180 1165 2238 1185; x_wconf 90' lang='grc'>1100</span> <span class='ocrx_word' id='word_1_227' title='bbox 2254 1157 2331 1186; x_wconf 84' lang='lat' dir='ltr'>alio-</span> 
     </span>
     <span class='ocr_line' id='line_1_18' title="bbox 247 1193 2330 1246; baseline 0 -8"><span class='ocrx_word' id='word_1_228' title='bbox 247 1209 298 1238; x_wconf 91' lang='lat' dir='ltr'>lor</span> <span class='ocrx_word' id='word_1_229' title='bbox 320 1207 446 1237; x_wconf 89' lang='lat' dir='ltr'>diutine</span> <span class='ocrx_word' id='word_1_230' title='bbox 462 1206 643 1246; x_wconf 74' lang='lat' dir='ltr'>passionis,</span> <span class='ocrx_word' id='word_1_231' title='bbox 661 1206 790 1236; x_wconf 83' lang='lat' dir='ltr'>ardenti</span> <span class='ocrx_word' id='word_1_232' title='bbox 805 1205 970 1235; x_wconf 87' lang='lat' dir='ltr'>desiderio</span> <span class='ocrx_word' id='word_1_233' title='bbox 989 1205 1207 1239; x_wconf 70' lang='lat' dir='ltr'>consurrexit,</span> <span class='ocrx_word' id='word_1_234' title='bbox 1226 1206 1260 1234; x_wconf 87' lang='lat' dir='ltr'>ut</span> <span class='ocrx_word' id='word_1_235' title='bbox 1289 1193 1290 1201; x_wconf 19' lang='grc'>1</span> <span class='ocrx_word' id='word_1_236' title='bbox 1321 1214 1394 1234; x_wconf 89' lang='lat' dir='ltr'>rum</span> <span class='ocrx_word' id='word_1_237' title='bbox 1411 1214 1507 1234; x_wconf 67' lang='lat' dir='ltr'>(furas</span> <span class='ocrx_word' id='word_1_238' title='bbox 1526 1207 1555 1235; x_wconf 88' lang='lat' dir='ltr'>et</span> <span class='ocrx_word' id='word_1_239' title='bbox 1574 1206 1660 1235; x_wconf 82' lang='lat' dir='ltr'>vires</span> <span class='ocrx_word' id='word_1_240' title='bbox 1678 1206 1717 1235; x_wconf 83' lang='lat' dir='ltr'>ad</span> <span class='ocrx_word' id='word_1_241' title='bbox 1734 1206 1925 1243; x_wconf 75' lang='lat' dir='ltr'>hujusmodi</span> <span class='ocrx_word' id='word_1_242' title='bbox 1938 1207 2260 1246; x_wconf 76' lang='lat' dir='ltr'>reipr‹;›secuti0n‹1=m</span> <span class='ocrx_word' id='word_1_243' title='bbox 2277 1219 2330 1239; x_wconf 78' lang='lat' dir='ltr'>cu-</span> 
     </span>
     <span class='ocr_line' id='line_1_19' title="bbox 248 1258 2332 1301; baseline 0 -10"><span class='ocrx_word' id='word_1_244' title='bbox 248 1261 463 1299; x_wconf 86' lang='lat' dir='ltr'>benignitatis</span> <span class='ocrx_word' id='word_1_245' title='bbox 493 1269 552 1290; x_wconf 89' lang='lat' dir='ltr'>sue</span> <span class='ocrx_word' id='word_1_246' title='bbox 573 1259 725 1298; x_wconf 68' lang='lat' dir='ltr'>lint(hjleo</span> <span class='ocrx_word' id='word_1_247' title='bbox 754 1259 908 1289; x_wconf 84' lang='lat' dir='ltr'>lacrimas</span> <span class='ocrx_word' id='word_1_248' title='bbox 937 1259 1028 1297; x_wconf 84' lang='lat' dir='ltr'>ipsas</span> <span class='ocrx_word' id='word_1_249' title='bbox 1059 1258 1200 1288; x_wconf 83' lang='lat' dir='ltr'>dilueret</span> <span class='ocrx_word' id='word_1_250' title='bbox 1230 1260 1260 1288; x_wconf 87' lang='lat' dir='ltr'>et</span> <span class='ocrx_word' id='word_1_251' title='bbox 1321 1258 1448 1288; x_wconf 74' lang='lat' dir='ltr'>faveris</span> <span class='ocrx_word' id='word_1_252' title='bbox 1471 1259 1642 1294; x_wconf 82' lang='lat' dir='ltr'>adliibere;</span> <span class='ocrx_word' id='word_1_253' title='bbox 1674 1259 1871 1297; x_wconf 82' lang='lat' dir='ltr'>quinimmo,</span> <span class='ocrx_word' id='word_1_254' title='bbox 1891 1260 1938 1289; x_wconf 89' lang='lat' dir='ltr'>sic</span> <span class='ocrx_word' id='word_1_255' title='bbox 1959 1260 2069 1299; x_wconf 88' lang='lat' dir='ltr'>ipsum</span> <span class='ocrx_word' id='word_1_256' title='bbox 2086 1262 2253 1299; x_wconf 77' lang='lat' dir='ltr'>negotium</span> <span class='ocrx_word' id='word_1_257' title='bbox 2274 1271 2332 1301; x_wconf 87' lang='lat' dir='ltr'>per</span> 
     </span>
     <span class='ocr_line' id='line_1_20' title="bbox 248 1311 2331 1354; baseline 0 -10"><span class='ocrx_word' id='word_1_258' title='bbox 248 1314 439 1352; x_wconf 76' lang='lat' dir='ltr'>squalorem</span> <span class='ocrx_word' id='word_1_259' title='bbox 463 1313 598 1343; x_wconf 82' lang='lat' dir='ltr'>dextera</span> <span class='ocrx_word' id='word_1_260' title='bbox 618 1312 817 1351; x_wconf 76' lang='lat' dir='ltr'>propitiante</span> <span class='ocrx_word' id='word_1_261' title='bbox 842 1312 1036 1350; x_wconf 83' lang='lat' dir='ltr'>detergeret,</span> <span class='ocrx_word' id='word_1_262' title='bbox 1068 1311 1260 1349; x_wconf 79' lang='lat' dir='ltr'>dictumque</span> <span class='ocrx_word' id='word_1_263' title='bbox 1290 1314 1291 1329; x_wconf 65' lang='lat'>¹</span> <span class='ocrx_word' id='word_1_264' title='bbox 1320 1312 1350 1341; x_wconf 87' lang='lat' dir='ltr'>te</span> <span class='ocrx_word' id='word_1_265' title='bbox 1367 1320 1403 1341; x_wconf 87' lang='lat' dir='ltr'>ac</span> <span class='ocrx_word' id='word_1_266' title='bbox 1428 1313 1503 1341; x_wconf 88' lang='lat' dir='ltr'>tuos</span> <span class='ocrx_word' id='word_1_267' title='bbox 1531 1312 1692 1342; x_wconf 65' lang='lat' dir='ltr'>omissum</span> <span class='ocrx_word' id='word_1_268' title='bbox 1721 1313 1840 1347; x_wconf 83' lang='lat' dir='ltr'>extitit,</span> <span class='ocrx_word' id='word_1_269' title='bbox 1860 1314 1960 1352; x_wconf 80' lang='lat' dir='ltr'>quod,</span> <span class='ocrx_word' id='word_1_270' title='bbox 1984 1323 2022 1344; x_wconf 88' lang='lat' dir='ltr'>eo</span> <span class='ocrx_word' id='word_1_271' title='bbox 2050 1315 2116 1344; x_wconf 83' lang='lat' dir='ltr'>tuis</span> <span class='ocrx_word' id='word_1_272' title='bbox 2144 1317 2284 1354; x_wconf 80' lang='lat' dir='ltr'>speratis</span> <span class='ocrx_word' id='word_1_273' title='bbox 2300 1318 2331 1345; x_wconf 90' lang='lat' dir='ltr'>et</span> 
     </span>
     <span class='ocr_line' id='line_1_21' title="bbox 249 1365 2332 1406; baseline 0.001 -10"><span class='ocrx_word' id='word_1_274' title='bbox 249 1376 388 1405; x_wconf 73' lang='lat' dir='ltr'>regnum</span> <span class='ocrx_word' id='word_1_275' title='bbox 405 1367 447 1396; x_wconf 86' lang='lat' dir='ltr'>ad</span> <span class='ocrx_word' id='word_1_276' title='bbox 472 1367 580 1404; x_wconf 84' lang='lat' dir='ltr'>optate</span> <span class='ocrx_word' id='word_1_277' title='bbox 606 1365 770 1401; x_wconf 88' lang='lat' dir='ltr'>salutatis,</span> <span class='ocrx_word' id='word_1_278' title='bbox 798 1365 960 1395; x_wconf 79' lang='lat' dir='ltr'>libertatis</span> <span class='ocrx_word' id='word_1_279' title='bbox 985 1365 1080 1394; x_wconf 85' lang='lat' dir='ltr'>solite</span> <span class='ocrx_word' id='word_1_280' title='bbox 1103 1365 1260 1403; x_wconf 70' lang='lat' dir='ltr'>pacisque</span> <span class='ocrx_word' id='word_1_281' title='bbox 1321 1365 1492 1403; x_wconf 72' lang='lat' dir='ltr'>oportunis</span> <span class='ocrx_word' id='word_1_282' title='bbox 1524 1365 1686 1394; x_wconf 79' lang='lat' dir='ltr'>subsidiis</span> <span class='ocrx_word' id='word_1_283' title='bbox 1713 1374 1778 1395; x_wconf 93' lang='lat' dir='ltr'>non</span> <span class='ocrx_word' id='word_1_284' title='bbox 1808 1366 1955 1401; x_wconf 83' lang='lat' dir='ltr'>suffulto,</span> <span class='ocrx_word' id='word_1_285' title='bbox 1981 1367 2126 1405; x_wconf 78' lang='lat' dir='ltr'>predicte</span> <span class='ocrx_word' id='word_1_286' title='bbox 2151 1369 2247 1398; x_wconf 83' lang='lat' dir='ltr'>terre.</span> <span class='ocrx_word' id='word_1_287' title='bbox 2275 1378 2332 1406; x_wconf 81' lang='lat' dir='ltr'>per</span> 
     </span>
     <span class='ocr_line' id='line_1_22' title="bbox 249 1417 2328 1459; baseline 0.001 -10"><span class='ocrx_word' id='word_1_288' title='bbox 249 1420 355 1450; x_wconf 88' lang='lat' dir='ltr'>solide</span> <span class='ocrx_word' id='word_1_289' title='bbox 366 1421 486 1449; x_wconf 77' lang='lat' dir='ltr'>statum</span> <span class='ocrx_word' id='word_1_290' title='bbox 501 1419 598 1457; x_wconf 87' lang='lat' dir='ltr'>plene</span> <span class='ocrx_word' id='word_1_291' title='bbox 614 1419 835 1452; x_wconf 85' lang='lat' dir='ltr'>1·educeret,et</span> <span class='ocrx_word' id='word_1_292' title='bbox 850 1418 932 1447; x_wconf 90' lang='lat' dir='ltr'>illud</span> <span class='ocrx_word' id='word_1_293' title='bbox 948 1418 981 1447; x_wconf 90' lang='lat' dir='ltr'>in</span> <span class='ocrx_word' id='word_1_294' title='bbox 998 1426 1035 1447; x_wconf 89' lang='lat' dir='ltr'>eo</span> <span class='ocrx_word' id='word_1_295' title='bbox 1050 1417 1146 1447; x_wconf 85' lang='lat' dir='ltr'>firma</span> <span class='ocrx_word' id='word_1_296' title='bbox 1163 1418 1261 1447; x_wconf 85' lang='lat' dir='ltr'>stabi-</span> <span class='ocrx_word' id='word_1_297' title='bbox 1320 1427 1403 1456; x_wconf 83' lang='lat' dir='ltr'>quas</span> <span class='ocrx_word' id='word_1_298' title='bbox 1421 1418 1591 1448; x_wconf 90' lang='lat' dir='ltr'>residuum</span> <span class='ocrx_word' id='word_1_299' title='bbox 1612 1418 1718 1456; x_wconf 89' lang='lat' dir='ltr'>ipsius</span> <span class='ocrx_word' id='word_1_300' title='bbox 1738 1419 1831 1457; x_wconf 84' lang='lat' dir='ltr'>regni</span> <span class='ocrx_word' id='word_1_301' title='bbox 1848 1421 2036 1458; x_wconf 80' lang='lat' dir='ltr'>recuperari</span> <span class='ocrx_word' id='word_1_302' title='bbox 2058 1423 2196 1459; x_wconf 80' lang='lat' dir='ltr'>poterat,</span> <span class='ocrx_word' id='word_1_303' title='bbox 2214 1422 2328 1451; x_wconf 80' lang='lat' dir='ltr'>adver-</span> 
     </span>
     <span class='ocr_line' id='line_1_23' title="bbox 250 1471 2331 1512; baseline 0 -8"><span class='ocrx_word' id='word_1_304' title='bbox 250 1474 352 1508; x_wconf 88' lang='lat' dir='ltr'>litate,</span> <span class='ocrx_word' id='word_1_305' title='bbox 369 1473 500 1503; x_wconf 84' lang='lat' dir='ltr'>favente</span> <span class='ocrx_word' id='word_1_306' title='bbox 518 1471 675 1506; x_wconf 89' lang='lat' dir='ltr'>Domino,</span> <span class='ocrx_word' id='word_1_307' title='bbox 692 1473 911 1510; x_wconf 81' lang='lat' dir='ltr'>preservaret.</span> <span class='ocrx_word' id='word_1_308' title='bbox 1291 1494 1292 1498; x_wconf 63' lang='grc'>,</span> <span class='ocrx_word' id='word_1_309' title='bbox 1320 1471 1459 1501; x_wconf 83' lang='lat' dir='ltr'>versarii</span> <span class='ocrx_word' id='word_1_310' title='bbox 1476 1471 1624 1508; x_wconf 83' lang='lat' dir='ltr'>ejuslem</span> <span class='ocrx_word' id='word_1_311' title='bbox 1639 1471 1790 1506; x_wconf 68' lang='lat' dir='ltr'>ecclesie,</span> <span class='ocrx_word' id='word_1_312' title='bbox 1805 1472 1970 1502; x_wconf 76' lang='lat' dir='ltr'>Mant‘redi</span> <span class='ocrx_word' id='word_1_313' title='bbox 1984 1473 2147 1509; x_wconf 87' lang='lat' dir='ltr'>videlicet,</span> <span class='ocrx_word' id='word_1_314' title='bbox 2163 1475 2331 1512; x_wconf 82' lang='lat' dir='ltr'>quondam</span> 
     </span>
    </p>

    <p class='ocr_par' dir='ltr' id='par_1_3' title="bbox 242 1524 2332 2940">
     <span class='ocr_line' id='line_1_24' title="bbox 285 1524 2330 1565; baseline -0 -7"><span class='ocrx_word' id='word_1_315' title='bbox 285 1526 653 1564; x_wconf 68' lang='lat' dir='ltr'>Veramquiaregnum</span> <span class='ocrx_word' id='word_1_316' title='bbox 669 1525 865 1563; x_wconf 85' lang='lat' dir='ltr'>ipsumcum</span> <span class='ocrx_word' id='word_1_317' title='bbox 879 1524 1037 1554; x_wconf 88' lang='lat' dir='ltr'>omnibus</span> <span class='ocrx_word' id='word_1_318' title='bbox 1051 1524 1259 1554; x_wconf 74' lang='lat' dir='ltr'>districtibus</span> <span class='ocrx_word' id='word_1_319' title='bbox 1290 1542 1291 1546; x_wconf 64' lang='lat'><em>=</em></span> <span class='ocrx_word' id='word_1_320' title='bbox 1319 1524 1480 1563; x_wconf 64' lang='lat' dir='ltr'>principis</span> <span class='ocrx_word' id='word_1_321' title='bbox 1496 1524 1680 1559; x_wconf 72' lang='lat' dir='ltr'>Tarentini,</span> <span class='ocrx_word' id='word_1_322' title='bbox 1706 1525 1918 1563; x_wconf 81' lang='lat' dir='ltr'>aggressibus</span> <span class='ocrx_word' id='word_1_323' title='bbox 1940 1527 2131 1564; x_wconf 70' lang='lat' dir='ltr'>patuerunt3</span> <span class='ocrx_word' id='word_1_324' title='bbox 2149 1528 2217 1565; x_wconf 85' lang='lat' dir='ltr'>qui,</span> <span class='ocrx_word' id='word_1_325' title='bbox 2247 1530 2330 1565; x_wconf 44' lang='lat' dir='ltr'>lost*</span> 
     </span>
     <span class='ocr_line' id='line_1_25' title="bbox 242 1577 2330 1619; baseline 0 -9"><span class='ocrx_word' id='word_1_326' title='bbox 242 1582 274 1611; x_wconf 91' lang='lat' dir='ltr'>et</span> <span class='ocrx_word' id='word_1_327' title='bbox 295 1578 504 1619; x_wconf 79' lang='lat' dir='ltr'>pertinentiis</span> <span class='ocrx_word' id='word_1_328' title='bbox 521 1579 593 1608; x_wconf 79' lang='lat' dir='ltr'>suis</span> <span class='ocrx_word' id='word_1_329' title='bbox 617 1579 686 1608; x_wconf 86' lang='lat' dir='ltr'>erat</span> <span class='ocrx_word' id='word_1_330' title='bbox 702 1578 741 1608; x_wconf 88' lang='lat' dir='ltr'>ad</span> <span class='ocrx_word' id='word_1_331' title='bbox 766 1577 905 1607; x_wconf 86' lang='lat' dir='ltr'>eandem</span> <span class='ocrx_word' id='word_1_332' title='bbox 924 1578 1099 1607; x_wconf 85' lang='lat' dir='ltr'>ecclesiam</span> <span class='ocrx_word' id='word_1_333' title='bbox 1117 1577 1257 1615; x_wconf 66' lang='lat' dir='ltr'>eiusque</span> <span class='ocrx_word' id='word_1_334' title='bbox 1319 1586 1419 1615; x_wconf 81' lang='lat' dir='ltr'>quam</span> <span class='ocrx_word' id='word_1_335' title='bbox 1440 1585 1579 1615; x_wconf 85' lang='lat' dir='ltr'>regnum</span> <span class='ocrx_word' id='word_1_336' title='bbox 1602 1577 1713 1615; x_wconf 87' lang='lat' dir='ltr'>ipsum</span> <span class='ocrx_word' id='word_1_337' title='bbox 1730 1577 1875 1607; x_wconf 82' lang='lat' dir='ltr'>totaliter</span> <span class='ocrx_word' id='word_1_338' title='bbox 1900 1579 2084 1617; x_wconf 77' lang='lat' dir='ltr'>occupavit,</span> <span class='ocrx_word' id='word_1_339' title='bbox 2105 1580 2152 1609; x_wconf 85' lang='lat' dir='ltr'>sie</span> <span class='ocrx_word' id='word_1_340' title='bbox 2174 1579 2330 1618; x_wconf 88' lang='lat' dir='ltr'>protinus</span> 
     </span>
     <span class='ocr_line' id='line_1_26' title="bbox 245 1630 2330 1672; baseline -0 -9"><span class='ocrx_word' id='word_1_341' title='bbox 245 1633 499 1672; x_wconf 82' lang='lat' dir='ltr'>dispositionem</span> <span class='ocrx_word' id='word_1_342' title='bbox 512 1631 656 1661; x_wconf 86' lang='lat' dir='ltr'>totaliter</span> <span class='ocrx_word' id='word_1_343' title='bbox 671 1631 877 1665; x_wconf 87' lang='lat' dir='ltr'>devolutum,</span> <span class='ocrx_word' id='word_1_344' title='bbox 895 1630 1004 1660; x_wconf 83' lang='lat' dir='ltr'>felicis</span> <span class='ocrx_word' id='word_1_345' title='bbox 1021 1631 1258 1660; x_wconf 83' lang='lat' dir='ltr'>recordationis</span> <span class='ocrx_word' id='word_1_346' title='bbox 1319 1631 1353 1659; x_wconf 94' lang='lat' dir='ltr'>in</span> <span class='ocrx_word' id='word_1_347' title='bbox 1372 1630 1527 1669; x_wconf 74' lang='lat' dir='ltr'>superbie</span> <span class='ocrx_word' id='word_1_348' title='bbox 1548 1630 1757 1660; x_wconf 74' lang='lat' dir='ltr'>altitudinem</span> <span class='ocrx_word' id='word_1_349' title='bbox 1784 1632 1833 1660; x_wconf 76' lang='lat' dir='ltr'>est</span> <span class='ocrx_word' id='word_1_350' title='bbox 1851 1631 1956 1660; x_wconf 89' lang='lat' dir='ltr'>elatus</span> <span class='ocrx_word' id='word_1_351' title='bbox 1973 1634 2003 1661; x_wconf 89' lang='lat' dir='ltr'>et</span> <span class='ocrx_word' id='word_1_352' title='bbox 2020 1631 2053 1661; x_wconf 91' lang='lat' dir='ltr'>in</span> <span class='ocrx_word' id='word_1_353' title='bbox 2071 1632 2187 1662; x_wconf 84' lang='lat' dir='ltr'>sevitie</span> <span class='ocrx_word' id='word_1_354' title='bbox 2208 1634 2330 1663; x_wconf 80' lang='lat' dir='ltr'>acerbi-</span> 
     </span>
     <span class='ocr_line' id='line_1_27' title="bbox 247 1683 2330 1723; baseline -0 -7"><span class='ocrx_word' id='word_1_355' title='bbox 247 1686 436 1716; x_wconf 77' lang='lat' dir='ltr'>Alexander</span> <span class='ocrx_word' id='word_1_356' title='bbox 460 1693 556 1723; x_wconf 84' lang='lat' dir='ltr'>papa,</span> <span class='ocrx_word' id='word_1_357' title='bbox 576 1684 792 1722; x_wconf 87' lang='lat' dir='ltr'>predecessor</span> <span class='ocrx_word' id='word_1_358' title='bbox 810 1684 931 1719; x_wconf 85' lang='lat' dir='ltr'>noster,</span> <span class='ocrx_word' id='word_1_359' title='bbox 958 1683 1082 1713; x_wconf 90' lang='lat' dir='ltr'>dictum</span> <span class='ocrx_word' id='word_1_360' title='bbox 1106 1692 1256 1722; x_wconf 82' lang='lat' dir='ltr'>regnum,</span> <span class='ocrx_word' id='word_1_361' title='bbox 1318 1684 1416 1713; x_wconf 88' lang='lat' dir='ltr'>tatem</span> <span class='ocrx_word' id='word_1_362' title='bbox 1435 1683 1589 1721; x_wconf 79' lang='lat' dir='ltr'>obriguit,</span> <span class='ocrx_word' id='word_1_363' title='bbox 1605 1683 1692 1721; x_wconf 81' lang='lat' dir='ltr'>quod</span> <span class='ocrx_word' id='word_1_364' title='bbox 1713 1683 1752 1712; x_wconf 89' lang='lat' dir='ltr'>de</span> <span class='ocrx_word' id='word_1_365' title='bbox 1769 1683 1890 1713; x_wconf 83' lang='lat' dir='ltr'>virtute</span> <span class='ocrx_word' id='word_1_366' title='bbox 1908 1684 2023 1714; x_wconf 84' lang='lat' dir='ltr'>divina</span> <span class='ocrx_word' id='word_1_367' title='bbox 2038 1694 2103 1715; x_wconf 91' lang='lat' dir='ltr'>non</span> <span class='ocrx_word' id='word_1_368' title='bbox 2120 1686 2251 1715; x_wconf 89' lang='lat' dir='ltr'>tremuit</span> <span class='ocrx_word' id='word_1_369' title='bbox 2270 1686 2330 1716; x_wconf 89' lang='lat' dir='ltr'>hu-</span> 
     </span>
     <span class='ocr_line' id='line_1_28' title="bbox 245 1736 2328 1779; baseline 0 -11"><span class='ocrx_word' id='word_1_370' title='bbox 245 1749 304 1779; x_wconf 86' lang='lat' dir='ltr'>pro</span> <span class='ocrx_word' id='word_1_371' title='bbox 329 1739 424 1778; x_wconf 90' lang='lat' dir='ltr'>cujus</span> <span class='ocrx_word' id='word_1_372' title='bbox 450 1737 696 1776; x_wconf 83' lang='lat' dir='ltr'>recuperatione</span> <span class='ocrx_word' id='word_1_373' title='bbox 723 1737 795 1775; x_wconf 85' lang='lat' dir='ltr'>ipsa</span> <span class='ocrx_word' id='word_1_374' title='bbox 810 1736 960 1770; x_wconf 87' lang='lat' dir='ltr'>ecclesia,</span> <span class='ocrx_word' id='word_1_375' title='bbox 990 1736 1259 1775; x_wconf 85' lang='lat' dir='ltr'>importabilibus</span> <span class='ocrx_word' id='word_1_376' title='bbox 1318 1745 1517 1774; x_wconf 76' lang='lat' dir='ltr'>manamque</span> <span class='ocrx_word' id='word_1_377' title='bbox 1536 1736 1753 1774; x_wconf 81' lang='lat' dir='ltr'>parvipendit</span> <span class='ocrx_word' id='word_1_378' title='bbox 1769 1737 1949 1774; x_wconf 83' lang='lat' dir='ltr'>potentiam</span> <span class='ocrx_word' id='word_1_379' title='bbox 1968 1739 1999 1767; x_wconf 87' lang='lat' dir='ltr'>et</span> <span class='ocrx_word' id='word_1_380' title='bbox 2014 1737 2173 1768; x_wconf 77' lang='lat' dir='ltr'>honorem</span> <span class='ocrx_word' id='word_1_381' title='bbox 2190 1739 2328 1768; x_wconf 72' lang='lat' dir='ltr'>ecclesie</span> 
     </span>
     <span class='ocr_line' id='line_1_29' title="bbox 247 1789 2327 1830; baseline -0 -8"><span class='ocrx_word' id='word_1_382' title='bbox 247 1801 313 1823; x_wconf 90' lang='lat' dir='ltr'>non</span> <span class='ocrx_word' id='word_1_383' title='bbox 326 1791 492 1830; x_wconf 87' lang='lat' dir='ltr'>parcendo</span> <span class='ocrx_word' id='word_1_384' title='bbox 509 1790 676 1820; x_wconf 85' lang='lat' dir='ltr'>sumtibus</span> <span class='ocrx_word' id='word_1_385' title='bbox 696 1798 732 1819; x_wconf 88' lang='lat' dir='ltr'>ac</span> <span class='ocrx_word' id='word_1_386' title='bbox 754 1790 935 1819; x_wconf 87' lang='lat' dir='ltr'>multorum</span> <span class='ocrx_word' id='word_1_387' title='bbox 952 1789 1104 1819; x_wconf 81' lang='lat' dir='ltr'>laborum</span> <span class='ocrx_word' id='word_1_388' title='bbox 1120 1789 1258 1819; x_wconf 89' lang='lat' dir='ltr'>minime</span> <span class='ocrx_word' id='word_1_389' title='bbox 1319 1798 1355 1819; x_wconf 81' lang='lat' dir='ltr'>ae</span> <span class='ocrx_word' id='word_1_390' title='bbox 1385 1789 1570 1819; x_wconf 85' lang='lat' dir='ltr'>libertatem</span> <span class='ocrx_word' id='word_1_391' title='bbox 1600 1789 1774 1819; x_wconf 89' lang='lat' dir='ltr'>hominum</span> <span class='ocrx_word' id='word_1_392' title='bbox 1799 1789 1877 1819; x_wconf 90' lang='lat' dir='ltr'>dicti</span> <span class='ocrx_word' id='word_1_393' title='bbox 1904 1790 1996 1828; x_wconf 83' lang='lat' dir='ltr'>regni</span> <span class='ocrx_word' id='word_1_394' title='bbox 2018 1791 2228 1829; x_wconf 65' lang='lat' dir='ltr'>tyrampnide</span> <span class='ocrx_word' id='word_1_395' title='bbox 2250 1792 2327 1821; x_wconf 76' lang='lat' dir='ltr'>t‘uri-</span> 
     </span>
     <span class='ocr_line' id='line_1_30' title="bbox 247 1842 2330 1881; baseline -0 -6"><span class='ocrx_word' id='word_1_396' title='bbox 247 1844 425 1875; x_wconf 85' lang='lat' dir='ltr'>devitando</span> <span class='ocrx_word' id='word_1_397' title='bbox 450 1844 549 1877; x_wconf 79' lang='lat' dir='ltr'>tedia,</span> <span class='ocrx_word' id='word_1_398' title='bbox 571 1843 697 1873; x_wconf 87' lang='lat' dir='ltr'>diutius</span> <span class='ocrx_word' id='word_1_399' title='bbox 714 1843 889 1877; x_wconf 83' lang='lat' dir='ltr'>laboravit,</span> <span class='ocrx_word' id='word_1_400' title='bbox 908 1843 1106 1881; x_wconf 66' lang='lat' dir='ltr'>remittique</span> <span class='ocrx_word' id='word_1_401' title='bbox 1128 1842 1192 1881; x_wconf 83' lang='lat' dir='ltr'>ipsi</span> <span class='ocrx_word' id='word_1_402' title='bbox 1210 1851 1259 1872; x_wconf 94' lang='lat' dir='ltr'>ec-</span> <span class='ocrx_word' id='word_1_403' title='bbox 1318 1842 1430 1871; x_wconf 88' lang='lat' dir='ltr'>bunda</span> <span class='ocrx_word' id='word_1_404' title='bbox 1459 1842 1633 1880; x_wconf 79' lang='lat' dir='ltr'>depressit.</span> <span class='ocrx_word' id='word_1_405' title='bbox 1668 1844 1708 1871; x_wconf 85' lang='lat' dir='ltr'>lle</span> <span class='ocrx_word' id='word_1_406' title='bbox 1737 1842 1934 1880; x_wconf 83' lang='lat' dir='ltr'>multiplicis</span> <span class='ocrx_word' id='word_1_407' title='bbox 1964 1843 2088 1873; x_wconf 89' lang='lat' dir='ltr'>etenim</span> <span class='ocrx_word' id='word_1_408' title='bbox 2122 1844 2330 1874; x_wconf 74' lang='lat' dir='ltr'>necessitatis</span> 
     </span>
     <span class='ocr_line' id='line_1_31' title="bbox 246 1895 2328 1936; baseline -0 -8"><span class='ocrx_word' id='word_1_409' title='bbox 246 1897 346 1928; x_wconf 88' lang='lat' dir='ltr'>clesie</span> <span class='ocrx_word' id='word_1_410' title='bbox 382 1898 466 1927; x_wconf 88' lang='lat' dir='ltr'>inter</span> <span class='ocrx_word' id='word_1_411' title='bbox 490 1897 598 1926; x_wconf 85' lang='lat' dir='ltr'>cetera</span> <span class='ocrx_word' id='word_1_412' title='bbox 619 1895 814 1933; x_wconf 81' lang='lat' dir='ltr'>temporalia</span> <span class='ocrx_word' id='word_1_413' title='bbox 841 1903 901 1925; x_wconf 91' lang='lat' dir='ltr'>sua</span> <span class='ocrx_word' id='word_1_414' title='bbox 928 1895 1015 1924; x_wconf 85' lang='lat' dir='ltr'>bona</span> <span class='ocrx_word' id='word_1_415' title='bbox 1036 1895 1256 1931; x_wconf 83' lang='lat' dir='ltr'>carissimam,</span> <span class='ocrx_word' id='word_1_416' title='bbox 1319 1895 1470 1933; x_wconf 85' lang='lat' dir='ltr'>angusto,</span> <span class='ocrx_word' id='word_1_417' title='bbox 1487 1895 1521 1924; x_wconf 90' lang='lat' dir='ltr'>in</span> <span class='ocrx_word' id='word_1_418' title='bbox 1535 1903 1600 1932; x_wconf 73' lang='lat' dir='ltr'>quo</span> <span class='ocrx_word' id='word_1_419' title='bbox 1619 1903 1755 1932; x_wconf 85' lang='lat' dir='ltr'>serpens</span> <span class='ocrx_word' id='word_1_420' title='bbox 1771 1895 1830 1924; x_wconf 82' lang='lat' dir='ltr'>iste</span> <span class='ocrx_word' id='word_1_421' title='bbox 1843 1895 1994 1929; x_wconf 72' lang='lat' dir='ltr'>latuerat,</span> <span class='ocrx_word' id='word_1_422' title='bbox 2011 1896 2051 1925; x_wconf 89' lang='lat' dir='ltr'>ad</span> <span class='ocrx_word' id='word_1_423' title='bbox 2068 1896 2234 1927; x_wconf 83' lang='lat' dir='ltr'>affluentis</span> <span class='ocrx_word' id='word_1_424' title='bbox 2249 1907 2328 1936; x_wconf 82' lang='lat' dir='ltr'>opu-</span> 
     </span>
     <span class='ocr_line' id='line_1_32' title="bbox 247 1947 2327 1988; baseline 0 -7"><span class='ocrx_word' id='word_1_425' title='bbox 247 1951 320 1987; x_wconf 81' lang='lat' dir='ltr'>tibi,</span> <span class='ocrx_word' id='word_1_426' title='bbox 336 1950 384 1980; x_wconf 87' lang='lat' dir='ltr'>fili</span> <span class='ocrx_word' id='word_1_427' title='bbox 400 1951 452 1985; x_wconf 65' lang='lat' dir='ltr'>E„</span> <span class='ocrx_word' id='word_1_428' title='bbox 469 1948 665 1988; x_wconf 84' lang='lat' dir='ltr'>preferendo</span> <span class='ocrx_word' id='word_1_429' title='bbox 680 1950 710 1978; x_wconf 91' lang='lat' dir='ltr'>te</span> <span class='ocrx_word' id='word_1_430' title='bbox 721 1949 754 1978; x_wconf 91' lang='lat' dir='ltr'>in</span> <span class='ocrx_word' id='word_1_431' title='bbox 767 1949 827 1978; x_wconf 89' lang='lat' dir='ltr'>hoc</span> <span class='ocrx_word' id='word_1_432' title='bbox 841 1947 1010 1978; x_wconf 85' lang='lat' dir='ltr'>universis</span> <span class='ocrx_word' id='word_1_433' title='bbox 1021 1948 1192 1978; x_wconf 73' lang='lat' dir='ltr'>catholicis</span> <span class='ocrx_word' id='word_1_434' title='bbox 1211 1957 1260 1978; x_wconf 87' lang='lat' dir='ltr'>or-</span> <span class='ocrx_word' id='word_1_435' title='bbox 1320 1948 1418 1978; x_wconf 89' lang='lat' dir='ltr'>lentie</span> <span class='ocrx_word' id='word_1_436' title='bbox 1444 1948 1697 1986; x_wconf 86' lang='lat' dir='ltr'>amplitudinem</span> <span class='ocrx_word' id='word_1_437' title='bbox 1715 1948 1887 1978; x_wconf 86' lang='lat' dir='ltr'>famelicus</span> <span class='ocrx_word' id='word_1_438' title='bbox 1906 1950 1936 1978; x_wconf 89' lang='lat' dir='ltr'>et</span> <span class='ocrx_word' id='word_1_439' title='bbox 1964 1949 2156 1979; x_wconf 86' lang='lat' dir='ltr'>sitibundus</span> <span class='ocrx_word' id='word_1_440' title='bbox 2174 1951 2327 1982; x_wconf 77' lang='lat' dir='ltr'>exiliens.</span> 
     </span>
     <span class='ocr_line' id='line_1_33' title="bbox 249 2000 2329 2041; baseline -0 -7"><span class='ocrx_word' id='word_1_441' title='bbox 249 2004 302 2034; x_wconf 86' lang='lat' dir='ltr'>bis</span> <span class='ocrx_word' id='word_1_442' title='bbox 333 2005 416 2033; x_wconf 89' lang='lat' dir='ltr'>terre</span> <span class='ocrx_word' id='word_1_443' title='bbox 444 2001 664 2040; x_wconf 80' lang='lat' dir='ltr'>principibus,</span> <span class='ocrx_word' id='word_1_444' title='bbox 695 2000 876 2031; x_wconf 87' lang='lat' dir='ltr'>liberaliter</span> <span class='ocrx_word' id='word_1_445' title='bbox 903 2001 1042 2031; x_wconf 88' lang='lat' dir='ltr'>contulit</span> <span class='ocrx_word' id='word_1_446' title='bbox 1067 2001 1129 2030; x_wconf 87' lang='lat' dir='ltr'>sub</span> <span class='ocrx_word' id='word_1_447' title='bbox 1161 2002 1259 2031; x_wconf 88' lang='lat' dir='ltr'>certis</span> <span class='ocrx_word' id='word_1_448' title='bbox 1320 2000 1435 2030; x_wconf 90' lang='lat' dir='ltr'>rabido</span> <span class='ocrx_word' id='word_1_449' title='bbox 1465 2000 1549 2038; x_wconf 89' lang='lat' dir='ltr'>cepit</span> <span class='ocrx_word' id='word_1_450' title='bbox 1566 2008 1621 2029; x_wconf 87' lang='lat' dir='ltr'>ore</span> <span class='ocrx_word' id='word_1_451' title='bbox 1646 2008 1782 2038; x_wconf 84' lang='lat' dir='ltr'>regnum</span> <span class='ocrx_word' id='word_1_452' title='bbox 1800 2000 1926 2030; x_wconf 68' lang='lat' dir='ltr'>laniare</span> <span class='ocrx_word' id='word_1_453' title='bbox 1953 2001 2118 2039; x_wconf 81' lang='lat' dir='ltr'>prefatum</span> <span class='ocrx_word' id='word_1_454' title='bbox 2145 2003 2258 2041; x_wconf 78' lang='lat' dir='ltr'>sicque</span> <span class='ocrx_word' id='word_1_455' title='bbox 2296 2004 2329 2033; x_wconf 90' lang='lat' dir='ltr'>in</span> 
     </span>
     <span class='ocr_line' id='line_1_34' title="bbox 250 2053 2328 2095; baseline -0 -8"><span class='ocrx_word' id='word_1_456' title='bbox 250 2055 505 2087; x_wconf 66' lang='lat' dir='ltr'>condicionibus</span> <span class='ocrx_word' id='word_1_457' title='bbox 521 2056 618 2093; x_wconf 82' lang='lat' dir='ltr'>atque</span> <span class='ocrx_word' id='word_1_458' title='bbox 635 2054 858 2093; x_wconf 83' lang='lat' dir='ltr'>pactis,prout</span> <span class='ocrx_word' id='word_1_459' title='bbox 874 2053 907 2084; x_wconf 89' lang='lat' dir='ltr'>in</span> <span class='ocrx_word' id='word_1_460' title='bbox 926 2054 1107 2092; x_wconf 84' lang='lat' dir='ltr'>apostolico</span> <span class='ocrx_word' id='word_1_461' title='bbox 1126 2054 1258 2093; x_wconf 90' lang='lat' dir='ltr'>privile·</span> <span class='ocrx_word' id='word_1_462' title='bbox 1318 2053 1406 2083; x_wconf 84' lang='lat' dir='ltr'>bona</span> <span class='ocrx_word' id='word_1_463' title='bbox 1423 2054 1455 2082; x_wconf 90' lang='lat' dir='ltr'>et</span> <span class='ocrx_word' id='word_1_464' title='bbox 1471 2061 1630 2091; x_wconf 83' lang='lat' dir='ltr'>personas</span> <span class='ocrx_word' id='word_1_465' title='bbox 1646 2053 1754 2090; x_wconf 72' lang='lat' dir='ltr'>ipsius</span> <span class='ocrx_word' id='word_1_466' title='bbox 1771 2053 1889 2083; x_wconf 79' lang='lat' dir='ltr'>ancxia</span> <span class='ocrx_word' id='word_1_467' title='bbox 1911 2054 2035 2084; x_wconf 75' lang='lat' dir='ltr'>exarsit</span> <span class='ocrx_word' id='word_1_468' title='bbox 2060 2055 2220 2093; x_wconf 79' lang='lat' dir='ltr'>ingluvie,</span> <span class='ocrx_word' id='word_1_469' title='bbox 2241 2057 2328 2095; x_wconf 80' lang='lat' dir='ltr'>quod</span> 
     </span>
     <span class='ocr_line' id='line_1_35' title="bbox 249 2106 2329 2148; baseline 0 -9"><span class='ocrx_word' id='word_1_470' title='bbox 249 2109 419 2148; x_wconf 81' lang='lat' dir='ltr'>giosuper</span> <span class='ocrx_word' id='word_1_471' title='bbox 435 2109 495 2138; x_wconf 86' lang='lat' dir='ltr'>hoc</span> <span class='ocrx_word' id='word_1_472' title='bbox 517 2108 649 2137; x_wconf 88' lang='lat' dir='ltr'>obtento</span> <span class='ocrx_word' id='word_1_473' title='bbox 668 2107 801 2146; x_wconf 82' lang='lat' dir='ltr'>plenius</span> <span class='ocrx_word' id='word_1_474' title='bbox 819 2107 1015 2136; x_wconf 86' lang='lat' dir='ltr'>continetur.</span> <span class='ocrx_word' id='word_1_475' title='bbox 1036 2107 1076 2136; x_wconf 79' lang='lat' dir='ltr'>Et</span> <span class='ocrx_word' id='word_1_476' title='bbox 1097 2107 1175 2145; x_wconf 77' lang='lat' dir='ltr'>quia</span> <span class='ocrx_word' id='word_1_477' title='bbox 1192 2107 1260 2137; x_wconf 90' lang='lat' dir='ltr'>sin-</span> <span class='ocrx_word' id='word_1_478' title='bbox 1290 2125 1291 2136; x_wconf 55' lang='grc'>1</span> <span class='ocrx_word' id='word_1_479' title='bbox 1320 2106 1378 2136; x_wconf 88' lang='grc'>1100</span> <span class='ocrx_word' id='word_1_480' title='bbox 1394 2106 1578 2136; x_wconf 79' lang='lat' dir='ltr'>insatiabili</span> <span class='ocrx_word' id='word_1_481' title='bbox 1596 2106 1772 2144; x_wconf 80' lang='lat' dir='ltr'>rapacitate</span> <span class='ocrx_word' id='word_1_482' title='bbox 1783 2106 1990 2145; x_wconf 66' lang='lat' dir='ltr'>discerpens,</span> <span class='ocrx_word' id='word_1_483' title='bbox 2008 2107 2194 2146; x_wconf 63' lang='lat' dir='ltr'>illudljproh</span> <span class='ocrx_word' id='word_1_484' title='bbox 2209 2109 2329 2148; x_wconf 64' lang='lat' dir='ltr'>dolori)</span> 
     </span>
     <span class='ocr_line' id='line_1_36' title="bbox 249 2159 2328 2200; baseline -0 -7"><span class='ocrx_word' id='word_1_485' title='bbox 249 2171 325 2193; x_wconf 86' lang='lat' dir='ltr'>cera</span> <span class='ocrx_word' id='word_1_486' title='bbox 341 2164 371 2192; x_wconf 91' lang='lat' dir='ltr'>et</span> <span class='ocrx_word' id='word_1_487' title='bbox 390 2162 487 2191; x_wconf 82' lang='lat' dir='ltr'>firma</span> <span class='ocrx_word' id='word_1_488' title='bbox 502 2161 657 2190; x_wconf 80' lang='lat' dir='ltr'>voluntas</span> <span class='ocrx_word' id='word_1_489' title='bbox 675 2160 708 2190; x_wconf 89' lang='lat' dir='ltr'>in</span> <span class='ocrx_word' id='word_1_490' title='bbox 731 2160 919 2189; x_wconf 74' lang='lat' dir='ltr'>dilectionis·</span> <span class='ocrx_word' id='word_1_491' title='bbox 936 2162 967 2190; x_wconf 86' lang='lat' dir='ltr'>et</span> <span class='ocrx_word' id='word_1_492' title='bbox 983 2160 1092 2198; x_wconf 83' lang='lat' dir='ltr'>operis</span> <span class='ocrx_word' id='word_1_493' title='bbox 1108 2169 1261 2198; x_wconf 65' lang='grc'>111050011-</span> <span class='ocrx_word' id='word_1_494' title='bbox 1290 2180 1291 2200; x_wconf 50' lang='lat'>3</span> <span class='ocrx_word' id='word_1_495' title='bbox 1320 2159 1409 2189; x_wconf 84' lang='lat' dir='ltr'>ferus</span> <span class='ocrx_word' id='word_1_496' title='bbox 1425 2159 1501 2197; x_wconf 87' lang='lat' dir='ltr'>plus</span> <span class='ocrx_word' id='word_1_497' title='bbox 1517 2159 1588 2188; x_wconf 86' lang='lat' dir='ltr'>fera</span> <span class='ocrx_word' id='word_1_498' title='bbox 1604 2159 1752 2197; x_wconf 80' lang='lat' dir='ltr'>qualibet</span> <span class='ocrx_word' id='word_1_499' title='bbox 1768 2160 1835 2189; x_wconf 85' lang='lat' dir='ltr'>fere</span> <span class='ocrx_word' id='word_1_500' title='bbox 1851 2160 1985 2198; x_wconf 88' lang='lat' dir='ltr'>penitus</span> <span class='ocrx_word' id='word_1_501' title='bbox 1996 2160 2168 2191; x_wconf 87' lang='lat' dir='ltr'>absorbuit</span> <span class='ocrx_word' id='word_1_502' title='bbox 2184 2162 2217 2191; x_wconf 95' lang='lat' dir='ltr'>in</span> <span class='ocrx_word' id='word_1_503' title='bbox 2234 2162 2328 2192; x_wconf 89' lang='lat' dir='ltr'>utris-</span> 
     </span>
     <span class='ocr_line' id='line_1_37' title="bbox 248 2213 2329 2253; baseline -0 -7"><span class='ocrx_word' id='word_1_504' title='bbox 248 2216 338 2246; x_wconf 87' lang='lat' dir='ltr'>tione</span> <span class='ocrx_word' id='word_1_505' title='bbox 364 2214 584 2253; x_wconf 82' lang='lat' dir='ltr'>cognoscitur,</span> <span class='ocrx_word' id='word_1_506' title='bbox 610 2222 684 2243; x_wconf 87' lang='lat' dir='ltr'>cum</span> <span class='ocrx_word' id='word_1_507' title='bbox 704 2213 897 2252; x_wconf 78' lang='lat' dir='ltr'>hujusmodi</span> <span class='ocrx_word' id='word_1_508' title='bbox 922 2214 1102 2251; x_wconf 80' lang='lat' dir='ltr'>negotium,</span> <span class='ocrx_word' id='word_1_509' title='bbox 1128 2214 1261 2252; x_wconf 87' lang='lat' dir='ltr'>propter</span> <span class='ocrx_word' id='word_1_510' title='bbox 1290 2247 1291 2251; x_wconf 13' lang='grc' dir='ltr'><strong>Ἰ</strong></span> <span class='ocrx_word' id='word_1_511' title='bbox 1320 2221 1395 2251; x_wconf 73' lang='lat' dir='ltr'>que,</span> <span class='ocrx_word' id='word_1_512' title='bbox 1415 2221 1474 2242; x_wconf 69' lang='lat' dir='ltr'>nerr</span> <span class='ocrx_word' id='word_1_513' title='bbox 1491 2221 1608 2242; x_wconf 87' lang='lat' dir='ltr'>sexum</span> <span class='ocrx_word' id='word_1_514' title='bbox 1631 2221 1689 2242; x_wconf 87' lang='lat' dir='ltr'>nec</span> <span class='ocrx_word' id='word_1_515' title='bbox 1712 2213 1830 2242; x_wconf 77' lang='lat' dir='ltr'>etatem</span> <span class='ocrx_word' id='word_1_516' title='bbox 1855 2221 1962 2250; x_wconf 81' lang='lat' dir='ltr'>neque</span> <span class='ocrx_word' id='word_1_517' title='bbox 1979 2214 2129 2244; x_wconf 88' lang='lat' dir='ltr'>ordinem</span> <span class='ocrx_word' id='word_1_518' title='bbox 2146 2215 2329 2252; x_wconf 85' lang='lat' dir='ltr'>pretermit-</span> 
     </span>
     <span class='ocr_line' id='line_1_38' title="bbox 248 2265 2332 2308; baseline -0.001 -9"><span class='ocrx_word' id='word_1_519' title='bbox 248 2269 356 2308; x_wconf 87' lang='lat' dir='ltr'>ipsius</span> <span class='ocrx_word' id='word_1_520' title='bbox 382 2267 476 2307; x_wconf 85' lang='lat' dir='ltr'>regni</span> <span class='ocrx_word' id='word_1_521' title='bbox 493 2268 614 2297; x_wconf 85' lang='lat' dir='ltr'>statum</span> <span class='ocrx_word' id='word_1_522' title='bbox 632 2267 780 2296; x_wconf 86' lang='lat' dir='ltr'>nondum</span> <span class='ocrx_word' id='word_1_523' title='bbox 793 2267 870 2296; x_wconf 89' lang='lat' dir='ltr'>tunc</span> <span class='ocrx_word' id='word_1_524' title='bbox 887 2267 921 2296; x_wconf 93' lang='lat' dir='ltr'>in</span> <span class='ocrx_word' id='word_1_525' title='bbox 937 2268 1002 2296; x_wconf 90' lang='lat' dir='ltr'>toto</span> <span class='ocrx_word' id='word_1_526' title='bbox 1026 2266 1257 2305; x_wconf 80' lang='lat' dir='ltr'>tranquillum,</span> <span class='ocrx_word' id='word_1_527' title='bbox 1290 2278 1291 2291; x_wconf 82' lang='grc'>1</span> <span class='ocrx_word' id='word_1_528' title='bbox 1319 2266 1408 2297; x_wconf 74' lang='lat' dir='ltr'>tens:</span> <span class='ocrx_word' id='word_1_529' title='bbox 1427 2266 1561 2304; x_wconf 86' lang='lat' dir='ltr'>propter</span> <span class='ocrx_word' id='word_1_530' title='bbox 1584 2265 1671 2303; x_wconf 76' lang='lat' dir='ltr'>quod</span> <span class='ocrx_word' id='word_1_531' title='bbox 1696 2265 1889 2295; x_wconf 88' lang='lat' dir='ltr'>multotiens</span> <span class='ocrx_word' id='word_1_532' title='bbox 1912 2265 2064 2296; x_wconf 86' lang='lat' dir='ltr'>dolorose</span> <span class='ocrx_word' id='word_1_533' title='bbox 2082 2267 2227 2305; x_wconf 84' lang='lat' dir='ltr'>suspirat</span> <span class='ocrx_word' id='word_1_534' title='bbox 2242 2269 2272 2297; x_wconf 87' lang='lat' dir='ltr'>et</span> <span class='ocrx_word' id='word_1_535' title='bbox 2288 2268 2332 2297; x_wconf 89' lang='lat' dir='ltr'>la-</span> 
     </span>
     <span class='ocr_line' id='line_1_39' title="bbox 249 2318 2330 2359; baseline -0 -8"><span class='ocrx_word' id='word_1_536' title='bbox 249 2321 353 2351; x_wconf 89' lang='lat' dir='ltr'>multo</span> <span class='ocrx_word' id='word_1_537' title='bbox 372 2320 534 2359; x_wconf 84' lang='lat' dir='ltr'>indigeret</span> <span class='ocrx_word' id='word_1_538' title='bbox 549 2319 688 2350; x_wconf 86' lang='lat' dir='ltr'>consilio</span> <span class='ocrx_word' id='word_1_539' title='bbox 704 2321 735 2349; x_wconf 91' lang='lat' dir='ltr'>et</span> <span class='ocrx_word' id='word_1_540' title='bbox 750 2319 863 2349; x_wconf 85' lang='lat' dir='ltr'>favore</span> <span class='ocrx_word' id='word_1_541' title='bbox 876 2327 1097 2358; x_wconf 80' lang='lat' dir='ltr'>magnamque</span> <span class='ocrx_word' id='word_1_542' title='bbox 1115 2320 1259 2358; x_wconf 68' lang='lat' dir='ltr'>require-</span> <span class='ocrx_word' id='word_1_543' title='bbox 1319 2318 1479 2348; x_wconf 84' lang='lat' dir='ltr'>crimatur</span> <span class='ocrx_word' id='word_1_544' title='bbox 1495 2326 1605 2347; x_wconf 86' lang='lat' dir='ltr'>amare</span> <span class='ocrx_word' id='word_1_545' title='bbox 1620 2318 1801 2356; x_wconf 54' lang='lat' dir='ltr'>apustolica</span> <span class='ocrx_word' id='word_1_546' title='bbox 1815 2318 1923 2353; x_wconf 84' lang='lat' dir='ltr'>sedes,</span> <span class='ocrx_word' id='word_1_547' title='bbox 1942 2319 2030 2356; x_wconf 79' lang='lat' dir='ltr'>quod</span> <span class='ocrx_word' id='word_1_548' title='bbox 2048 2327 2186 2357; x_wconf 85' lang='lat' dir='ltr'>regnum</span> <span class='ocrx_word' id='word_1_549' title='bbox 2200 2320 2286 2357; x_wconf 75' lang='lat' dir='ltr'>juris</span> <span class='ocrx_word' id='word_1_550' title='bbox 2300 2323 2330 2350; x_wconf 84' lang='lat' dir='ltr'>et</span> 
     </span>
     <span class='ocr_line' id='line_1_40' title="bbox 249 2371 2329 2411; baseline -0 -8"><span class='ocrx_word' id='word_1_551' title='bbox 249 2376 297 2404; x_wconf 90' lang='lat' dir='ltr'>ret</span> <span class='ocrx_word' id='word_1_552' title='bbox 314 2373 495 2403; x_wconf 86' lang='lat' dir='ltr'>sollertiam</span> <span class='ocrx_word' id='word_1_553' title='bbox 509 2373 539 2402; x_wconf 85' lang='lat' dir='ltr'>et</span> <span class='ocrx_word' id='word_1_554' title='bbox 554 2371 805 2402; x_wconf 86' lang='lat' dir='ltr'>sustentationis</span> <span class='ocrx_word' id='word_1_555' title='bbox 822 2371 1015 2401; x_wconf 83' lang='lat' dir='ltr'>fulcimenta</span> <span class='ocrx_word' id='word_1_556' title='bbox 1038 2381 1103 2401; x_wconf 92' lang='lat' dir='ltr'>non</span> <span class='ocrx_word' id='word_1_557' title='bbox 1118 2373 1258 2406; x_wconf 87' lang='lat' dir='ltr'>modica,</span> <span class='ocrx_word' id='word_1_558' title='bbox 1319 2372 1531 2410; x_wconf 83' lang='lat' dir='ltr'>proprietatis</span> <span class='ocrx_word' id='word_1_559' title='bbox 1551 2380 1620 2406; x_wconf 82' lang='grc'>5110,</span> <span class='ocrx_word' id='word_1_560' title='bbox 1645 2380 1758 2401; x_wconf 66' lang='lat' dir='ltr'>carum</span> <span class='ocrx_word' id='word_1_561' title='bbox 1775 2371 1895 2410; x_wconf 76' lang='lat' dir='ltr'>quippe</span> <span class='ocrx_word' id='word_1_562' title='bbox 1912 2371 1990 2405; x_wconf 79' lang='lat' dir='ltr'>sibi,</span> <span class='ocrx_word' id='word_1_563' title='bbox 2010 2372 2081 2401; x_wconf 81' lang='lat' dir='ltr'>dIra</span> <span class='ocrx_word' id='word_1_564' title='bbox 2104 2374 2133 2402; x_wconf 88' lang='lat' dir='ltr'>et</span> <span class='ocrx_word' id='word_1_565' title='bbox 2149 2373 2232 2402; x_wconf 89' lang='lat' dir='ltr'>dura</span> <span class='ocrx_word' id='word_1_566' title='bbox 2252 2373 2329 2411; x_wconf 89' lang='lat' dir='ltr'>pha-</span> 
     </span>
     <span class='ocr_line' id='line_1_41' title="bbox 250 2424 2331 2464; baseline -0 -8"><span class='ocrx_word' id='word_1_567' title='bbox 250 2427 360 2457; x_wconf 85' lang='lat' dir='ltr'>valida</span> <span class='ocrx_word' id='word_1_568' title='bbox 381 2425 586 2455; x_wconf 82' lang='lat' dir='ltr'>defensionis</span> <span class='ocrx_word' id='word_1_569' title='bbox 608 2424 796 2454; x_wconf 89' lang='lat' dir='ltr'>munimina</span> <span class='ocrx_word' id='word_1_570' title='bbox 820 2425 851 2454; x_wconf 89' lang='lat' dir='ltr'>et</span> <span class='ocrx_word' id='word_1_571' title='bbox 868 2425 1089 2455; x_wconf 77' lang='lat' dir='ltr'>indeficientis</span> <span class='ocrx_word' id='word_1_572' title='bbox 1117 2425 1260 2455; x_wconf 79' lang='lat' dir='ltr'>subsidii</span> <span class='ocrx_word' id='word_1_573' title='bbox 1320 2425 1450 2454; x_wconf 89' lang='lat' dir='ltr'>raonice</span> <span class='ocrx_word' id='word_1_574' title='bbox 1467 2425 1696 2463; x_wconf 84' lang='lat' dir='ltr'>oppressionis</span> <span class='ocrx_word' id='word_1_575' title='bbox 1717 2424 1802 2454; x_wconf 88' lang='lat' dir='ltr'>mole</span> <span class='ocrx_word' id='word_1_576' title='bbox 1819 2424 2040 2462; x_wconf 86' lang='lat' dir='ltr'>prosternitur</span> <span class='ocrx_word' id='word_1_577' title='bbox 2057 2433 2116 2454; x_wconf 75' lang='lat' dir='ltr'>ner</span> <span class='ocrx_word' id='word_1_578' title='bbox 2133 2425 2254 2455; x_wconf 90' lang='lat' dir='ltr'>sinitur</span> <span class='ocrx_word' id='word_1_579' title='bbox 2275 2426 2331 2464; x_wconf 88' lang='lat' dir='ltr'>pia</span> 
     </span>
     <span class='ocr_line' id='line_1_42' title="bbox 250 2476 2328 2516; baseline -0.001 -6"><span class='ocrx_word' id='word_1_580' title='bbox 250 2480 509 2513; x_wconf 86' lang='lat' dir='ltr'>firmamentum,</span> <span class='ocrx_word' id='word_1_581' title='bbox 545 2478 632 2508; x_wconf 86' lang='lat' dir='ltr'>idem</span> <span class='ocrx_word' id='word_1_582' title='bbox 652 2477 866 2516; x_wconf 69' lang='lat' dir='ltr'>predecessor</span> <span class='ocrx_word' id='word_1_583' title='bbox 887 2486 903 2506; x_wconf 81' lang='lat' dir='ltr'>e</span> <span class='ocrx_word' id='word_1_584' title='bbox 937 2477 1081 2507; x_wconf 83' lang='lat' dir='ltr'>diversis</span> <span class='ocrx_word' id='word_1_585' title='bbox 1110 2478 1260 2516; x_wconf 86' lang='lat' dir='ltr'>partibus</span> <span class='ocrx_word' id='word_1_586' title='bbox 1289 2490 1290 2502; x_wconf 80' lang='grc'>1</span> <span class='ocrx_word' id='word_1_587' title='bbox 1320 2479 1350 2507; x_wconf 89' lang='grc'>01</span> <span class='ocrx_word' id='word_1_588' title='bbox 1372 2478 1439 2507; x_wconf 88' lang='grc'>10111</span> <span class='ocrx_word' id='word_1_589' title='bbox 1464 2477 1702 2507; x_wconf 78' lang='lat' dir='ltr'>consolationis</span> <span class='ocrx_word' id='word_1_590' title='bbox 1728 2477 1907 2515; x_wconf 83' lang='lat' dir='ltr'>apostolice</span> <span class='ocrx_word' id='word_1_591' title='bbox 1931 2476 2064 2506; x_wconf 84' lang='lat' dir='ltr'>dextera</span> <span class='ocrx_word' id='word_1_592' title='bbox 2088 2477 2239 2508; x_wconf 87' lang='lat' dir='ltr'>relevari.</span> <span class='ocrx_word' id='word_1_593' title='bbox 2263 2479 2328 2508; x_wconf 86' lang='lat' dir='ltr'>Ex·</span> 
     </span>
     <span class='ocr_line' id='line_1_43' title="bbox 249 2529 2328 2571; baseline -0.001 -8"><span class='ocrx_word' id='word_1_594' title='bbox 249 2532 445 2571; x_wconf 79' lang='lat' dir='ltr'>magnificos</span> <span class='ocrx_word' id='word_1_595' title='bbox 473 2530 671 2561; x_wconf 87' lang='lat' dir='ltr'>instauravit</span> <span class='ocrx_word' id='word_1_596' title='bbox 692 2530 856 2560; x_wconf 85' lang='lat' dir='ltr'>exercitus</span> <span class='ocrx_word' id='word_1_597' title='bbox 873 2531 1109 2569; x_wconf 72' lang='lat' dir='ltr'>deputavitque</span> <span class='ocrx_word' id='word_1_598' title='bbox 1135 2531 1260 2570; x_wconf 86' lang='lat' dir='ltr'>legatos</span> <span class='ocrx_word' id='word_1_599' title='bbox 1320 2531 1454 2569; x_wconf 85' lang='lat' dir='ltr'>pectans</span> <span class='ocrx_word' id='word_1_600' title='bbox 1479 2530 1568 2560; x_wconf 87' lang='lat' dir='ltr'>enim</span> <span class='ocrx_word' id='word_1_601' title='bbox 1595 2529 1782 2568; x_wconf 76' lang='lat' dir='ltr'>expectavit</span> <span class='ocrx_word' id='word_1_602' title='bbox 1798 2530 1924 2559; x_wconf 88' lang='lat' dir='ltr'>diutius</span> <span class='ocrx_word' id='word_1_603' title='bbox 1947 2530 2034 2568; x_wconf 80' lang='lat' dir='ltr'>quod</span> <span class='ocrx_word' id='word_1_604' title='bbox 2061 2530 2203 2560; x_wconf 88' lang='lat' dir='ltr'>sublime</span> <span class='ocrx_word' id='word_1_605' title='bbox 2235 2531 2328 2569; x_wconf 87' lang='lat' dir='ltr'>regui</span> 
     </span>
     <span class='ocr_line' id='line_1_44' title="bbox 249 2582 2328 2625; baseline -0.001 -9"><span class='ocrx_word' id='word_1_606' title='bbox 249 2587 291 2618; x_wconf 91' lang='lat' dir='ltr'>ad</span> <span class='ocrx_word' id='word_1_607' title='bbox 317 2584 582 2625; x_wconf 83' lang='lat' dir='ltr'>prosecutionem</span> <span class='ocrx_word' id='word_1_608' title='bbox 602 2583 708 2621; x_wconf 87' lang='lat' dir='ltr'>ipsius</span> <span class='ocrx_word' id='word_1_609' title='bbox 732 2583 866 2622; x_wconf 79' lang='lat' dir='ltr'>negotii,</span> <span class='ocrx_word' id='word_1_610' title='bbox 894 2585 928 2613; x_wconf 89' lang='lat' dir='ltr'>ut</span> <span class='ocrx_word' id='word_1_611' title='bbox 952 2585 1064 2622; x_wconf 85' lang='lat' dir='ltr'>posset</span> <span class='ocrx_word' id='word_1_612' title='bbox 1079 2584 1173 2620; x_wconf 92' lang='lat' dir='ltr'>illud,</span> <span class='ocrx_word' id='word_1_613' title='bbox 1191 2585 1260 2615; x_wconf 88' lang='lat' dir='ltr'>Do·</span> <span class='ocrx_word' id='word_1_614' title='bbox 1320 2583 1439 2622; x_wconf 72' lang='lat' dir='ltr'>Anglie</span> <span class='ocrx_word' id='word_1_615' title='bbox 1457 2583 1579 2613; x_wconf 88' lang='lat' dir='ltr'>solium</span> <span class='ocrx_word' id='word_1_616' title='bbox 1598 2584 1797 2621; x_wconf 79' lang='lat' dir='ltr'>strenuaque</span> <span class='ocrx_word' id='word_1_617' title='bbox 1818 2582 1937 2612; x_wconf 88' lang='lat' dir='ltr'>domus</span> <span class='ocrx_word' id='word_1_618' title='bbox 1955 2584 1987 2612; x_wconf 93' lang='lat' dir='ltr'>et</span> <span class='ocrx_word' id='word_1_619' title='bbox 2011 2583 2118 2620; x_wconf 81' lang='lat' dir='ltr'>gentis</span> <span class='ocrx_word' id='word_1_620' title='bbox 2144 2584 2328 2622; x_wconf 57' lang='lat' dir='ltr'>Anglii-ane</span> 
     </span>
     <span class='ocr_line' id='line_1_45' title="bbox 249 2635 2328 2676; baseline -0.001 -7"><span class='ocrx_word' id='word_1_621' title='bbox 249 2639 340 2669; x_wconf 88' lang='lat' dir='ltr'>mino</span> <span class='ocrx_word' id='word_1_622' title='bbox 369 2638 530 2676; x_wconf 85' lang='lat' dir='ltr'>adjutore,</span> <span class='ocrx_word' id='word_1_623' title='bbox 558 2636 737 2675; x_wconf 86' lang='lat' dir='ltr'>perducere</span> <span class='ocrx_word' id='word_1_624' title='bbox 760 2636 801 2666; x_wconf 85' lang='lat' dir='ltr'>ad</span> <span class='ocrx_word' id='word_1_625' title='bbox 830 2637 951 2666; x_wconf 88' lang='lat' dir='ltr'>statum</span> <span class='ocrx_word' id='word_1_626' title='bbox 978 2636 1207 2667; x_wconf 86' lang='lat' dir='ltr'>honorabilem</span> <span class='ocrx_word' id='word_1_627' title='bbox 1231 2639 1261 2668; x_wconf 86' lang='lat' dir='ltr'>et</span> <span class='ocrx_word' id='word_1_628' title='bbox 1291 2664 1292 2667; x_wconf 76' lang='grc'>,</span> <span class='ocrx_word' id='word_1_629' title='bbox 1320 2636 1477 2675; x_wconf 85' lang='lat' dir='ltr'>potentia,</span> <span class='ocrx_word' id='word_1_630' title='bbox 1496 2644 1595 2674; x_wconf 85' lang='lat' dir='ltr'>quam</span> <span class='ocrx_word' id='word_1_631' title='bbox 1613 2635 1720 2665; x_wconf 87' lang='lat' dir='ltr'>dictus</span> <span class='ocrx_word' id='word_1_632' title='bbox 1742 2635 1957 2674; x_wconf 78' lang='lat' dir='ltr'>predecessor</span> <span class='ocrx_word' id='word_1_633' title='bbox 1974 2636 2007 2665; x_wconf 92' lang='lat' dir='ltr'>in</span> <span class='ocrx_word' id='word_1_634' title='bbox 2026 2635 2133 2674; x_wconf 89' lang='lat' dir='ltr'>ipsius</span> <span class='ocrx_word' id='word_1_635' title='bbox 2155 2637 2248 2675; x_wconf 86' lang='lat' dir='ltr'>regni</span> <span class='ocrx_word' id='word_1_636' title='bbox 2263 2637 2328 2667; x_wconf 88' lang='lat' dir='ltr'>col-</span> 
     </span>
     <span class='ocr_line' id='line_1_46' title="bbox 246 2688 2329 2730; baseline -0 -9"><span class='ocrx_word' id='word_1_637' title='bbox 246 2692 409 2730; x_wconf 85' lang='lat' dir='ltr'>quietum.</span> <span class='ocrx_word' id='word_1_638' title='bbox 436 2690 585 2728; x_wconf 78' lang='lat' dir='ltr'>Cumque</span> <span class='ocrx_word' id='word_1_639' title='bbox 611 2689 698 2719; x_wconf 88' lang='lat' dir='ltr'>idem</span> <span class='ocrx_word' id='word_1_640' title='bbox 721 2689 889 2727; x_wconf 82' lang='lat' dir='ltr'>negotium</span> <span class='ocrx_word' id='word_1_641' title='bbox 907 2689 1119 2719; x_wconf 82' lang='lat' dir='ltr'>laudabiliter</span> <span class='ocrx_word' id='word_1_642' title='bbox 1141 2699 1261 2720; x_wconf 79' lang='lat' dir='ltr'>conva-</span> <span class='ocrx_word' id='word_1_643' title='bbox 1291 2688 1292 2691; x_wconf 75' lang='grc'>’</span> <span class='ocrx_word' id='word_1_644' title='bbox 1319 2689 1441 2719; x_wconf 89' lang='lat' dir='ltr'>latione</span> <span class='ocrx_word' id='word_1_645' title='bbox 1465 2688 1653 2727; x_wconf 65' lang='lat' dir='ltr'>specialiter</span> <span class='ocrx_word' id='word_1_646' title='bbox 1673 2688 1905 2722; x_wconf 68' lang='lat' dir='ltr'>honoraverat,</span> <span class='ocrx_word' id='word_1_647' title='bbox 1933 2688 2218 2726; x_wconf 79' lang='lat' dir='ltr'>apprehenderent</span> <span class='ocrx_word' id='word_1_648' title='bbox 2237 2698 2329 2720; x_wconf 86' lang='lat' dir='ltr'>arma</span> 
     </span>
     <span class='ocr_line' id='line_1_47' title="bbox 247 2740 2331 2780; baseline -0.001 -5"><span class='ocrx_word' id='word_1_649' title='bbox 247 2745 385 2775; x_wconf 83' lang='lat' dir='ltr'>lesceret</span> <span class='ocrx_word' id='word_1_650' title='bbox 412 2744 442 2773; x_wconf 89' lang='lat' dir='ltr'>et</span> <span class='ocrx_word' id='word_1_651' title='bbox 472 2742 684 2772; x_wconf 70' lang='lat' dir='ltr'>suci-essibus</span> <span class='ocrx_word' id='word_1_652' title='bbox 710 2741 879 2780; x_wconf 83' lang='lat' dir='ltr'>prosperis</span> <span class='ocrx_word' id='word_1_653' title='bbox 898 2742 1096 2777; x_wconf 87' lang='lat' dir='ltr'>firmaretur,</span> <span class='ocrx_word' id='word_1_654' title='bbox 1110 2743 1257 2778; x_wconf 85' lang='lat' dir='ltr'>tandem,</span> <span class='ocrx_word' id='word_1_655' title='bbox 1320 2743 1350 2771; x_wconf 84' lang='lat' dir='ltr'>et</span> <span class='ocrx_word' id='word_1_656' title='bbox 1365 2743 1494 2771; x_wconf 85' lang='lat' dir='ltr'>scutum</span> <span class='ocrx_word' id='word_1_657' title='bbox 1517 2742 1549 2770; x_wconf 89' lang='lat' dir='ltr'>et</span> <span class='ocrx_word' id='word_1_658' title='bbox 1564 2742 1761 2778; x_wconf 81' lang='lat' dir='ltr'>exurgerent</span> <span class='ocrx_word' id='word_1_659' title='bbox 1786 2741 1819 2770; x_wconf 94' lang='lat' dir='ltr'>in</span> <span class='ocrx_word' id='word_1_660' title='bbox 1835 2740 2037 2779; x_wconf 73' lang='lat' dir='ltr'>adiutorium</span> <span class='ocrx_word' id='word_1_661' title='bbox 2056 2741 2173 2771; x_wconf 85' lang='lat' dir='ltr'>matris</span> <span class='ocrx_word' id='word_1_662' title='bbox 2189 2751 2247 2772; x_wconf 89' lang='lat' dir='ltr'>sue</span> <span class='ocrx_word' id='word_1_663' title='bbox 2265 2743 2331 2773; x_wconf 89' lang='lat' dir='ltr'>dic-</span> 
     </span>
     <span class='ocr_line' id='line_1_48' title="bbox 245 2788 2327 2837; baseline -0.001 -9"><span class='ocrx_word' id='word_1_664' title='bbox 245 2798 323 2837; x_wconf 87' lang='lat' dir='ltr'>quia</span> <span class='ocrx_word' id='word_1_665' title='bbox 343 2797 563 2836; x_wconf 77' lang='lat' dir='ltr'>quorumdam</span> <span class='ocrx_word' id='word_1_666' title='bbox 581 2794 869 2834; x_wconf 79' lang='lat' dir='ltr'>proditortnn‚qui</span> <span class='ocrx_word' id='word_1_667' title='bbox 885 2795 993 2824; x_wconf 86' lang='lat' dir='ltr'>eidem</span> <span class='ocrx_word' id='word_1_668' title='bbox 1008 2796 1164 2826; x_wconf 88' lang='lat' dir='ltr'>eccclesie</span> <span class='ocrx_word' id='word_1_669' title='bbox 1181 2797 1260 2826; x_wconf 80' lang='lat' dir='ltr'>tunc</span> <span class='ocrx_word' id='word_1_670' title='bbox 1290 2788 1292 2822; x_wconf 75' lang='grc' dir='ltr'>Ϊ</span> <span class='ocrx_word' id='word_1_671' title='bbox 1319 2797 1455 2832; x_wconf 84' lang='lat' dir='ltr'>tumque</span> <span class='ocrx_word' id='word_1_672' title='bbox 1473 2794 1641 2831; x_wconf 78' lang='lat' dir='ltr'>negotium</span> <span class='ocrx_word' id='word_1_673' title='bbox 1657 2795 1847 2823; x_wconf 84' lang='lat' dir='ltr'>constanter</span> <span class='ocrx_word' id='word_1_674' title='bbox 1869 2794 2076 2823; x_wconf 88' lang='lat' dir='ltr'>assumerent</span> <span class='ocrx_word' id='word_1_675' title='bbox 2101 2795 2144 2829; x_wconf 89' lang='lat' dir='ltr'>et,</span> <span class='ocrx_word' id='word_1_676' title='bbox 2166 2795 2327 2833; x_wconf 81' lang='lat' dir='ltr'>prefatam</span> 
     </span>
     <span class='ocr_line' id='line_1_49' title="bbox 246 2846 2327 2886; baseline -0.001 -5"><span class='ocrx_word' id='word_1_677' title='bbox 246 2850 478 2881; x_wconf 86' lang='lat' dir='ltr'>fraudulenter</span> <span class='ocrx_word' id='word_1_678' title='bbox 510 2849 718 2883; x_wconf 86' lang='lat' dir='ltr'>adheserant,</span> <span class='ocrx_word' id='word_1_679' title='bbox 738 2847 879 2878; x_wconf 84' lang='lat' dir='ltr'>faciente</span> <span class='ocrx_word' id='word_1_680' title='bbox 897 2848 1056 2885; x_wconf 81' lang='lat' dir='ltr'>nequitia,</span> <span class='ocrx_word' id='word_1_681' title='bbox 1089 2848 1259 2886; x_wconf 87' lang='lat' dir='ltr'>inopinato</span> <span class='ocrx_word' id='word_1_682' title='bbox 1320 2847 1493 2878; x_wconf 60' lang='lat' dir='ltr'>eeclesiam</span> <span class='ocrx_word' id='word_1_683' title='bbox 1511 2846 1682 2876; x_wconf 87' lang='lat' dir='ltr'>liberando</span> <span class='ocrx_word' id='word_1_684' title='bbox 1705 2846 1881 2883; x_wconf 81' lang='lat' dir='ltr'>magnifice</span> <span class='ocrx_word' id='word_1_685' title='bbox 1903 2846 1943 2876; x_wconf 87' lang='lat' dir='ltr'>ab</span> <span class='ocrx_word' id='word_1_686' title='bbox 1959 2846 2106 2878; x_wconf 88' lang='lat' dir='ltr'>inimicis</span> <span class='ocrx_word' id='word_1_687' title='bbox 2131 2847 2203 2886; x_wconf 78' lang='lat' dir='ltr'>ejus</span> <span class='ocrx_word' id='word_1_688' title='bbox 2220 2849 2277 2886; x_wconf 85' lang='lat' dir='ltr'>qui</span> <span class='ocrx_word' id='word_1_689' title='bbox 2295 2849 2327 2878; x_wconf 95' lang='lat' dir='ltr'>in</span> 
     </span>
     <span class='ocr_line' id='line_1_50' title="bbox 246 2893 2325 2940; baseline -0.002 -6"><span class='ocrx_word' id='word_1_690' title='bbox 246 2912 326 2934; x_wconf 87' lang='lat' dir='ltr'>casu</span> <span class='ocrx_word' id='word_1_691' title='bbox 348 2903 456 2933; x_wconf 85' lang='lat' dir='ltr'>extitit</span> <span class='ocrx_word' id='word_1_692' title='bbox 483 2901 698 2940; x_wconf 65' lang='lat' dir='ltr'>impeditum,</span> <span class='ocrx_word' id='word_1_693' title='bbox 718 2902 853 2940; x_wconf 88' lang='lat' dir='ltr'>propter</span> <span class='ocrx_word' id='word_1_694' title='bbox 877 2900 965 2938; x_wconf 82' lang='lat' dir='ltr'>quod</span> <span class='ocrx_word' id='word_1_695' title='bbox 992 2901 1082 2930; x_wconf 86' lang='lat' dir='ltr'>tanto</span> <span class='ocrx_word' id='word_1_696' title='bbox 1100 2900 1258 2930; x_wconf 84' lang='lat' dir='ltr'>festinan·</span> <span class='ocrx_word' id='word_1_697' title='bbox 1290 2893 1291 2907; x_wconf 71' lang='lat'><em>³</em></span> <span class='ocrx_word' id='word_1_698' title='bbox 1320 2900 1459 2930; x_wconf 63' lang='lat' dir='ltr'>circuitu</span> <span class='ocrx_word' id='word_1_699' title='bbox 1477 2899 1548 2937; x_wconf 89' lang='lat' dir='ltr'>ejus</span> <span class='ocrx_word' id='word_1_700' title='bbox 1573 2900 1662 2934; x_wconf 89' lang='lat' dir='ltr'>sunt,</span> <span class='ocrx_word' id='word_1_701' title='bbox 1688 2908 1724 2929; x_wconf 90' lang='lat' dir='ltr'>ac</span> <span class='ocrx_word' id='word_1_702' title='bbox 1749 2898 1951 2929; x_wconf 82' lang='lat' dir='ltr'>extrahendo</span> <span class='ocrx_word' id='word_1_703' title='bbox 1978 2900 2162 2938; x_wconf 87' lang='lat' dir='ltr'>predictum</span> <span class='ocrx_word' id='word_1_704' title='bbox 2190 2909 2325 2939; x_wconf 82' lang='lat' dir='ltr'>reguum</span> 
     </span>
    </p>
   </div>
   <div class='ocr_carea' id='block_1_3' title="bbox 246 2952 2329 2992">
    <p class='ocr_par' dir='ltr' id='par_1_4' title="bbox 246 2952 2329 2992">
     <span class='ocr_line' id='line_1_51' title="bbox 246 2952 2329 2992; baseline -0.001 -6"><span class='ocrx_word' id='word_1_705' title='bbox 246 2955 314 2987; x_wconf 90' lang='lat' dir='ltr'>tius</span> <span class='ocrx_word' id='word_1_706' title='bbox 346 2957 415 2986; x_wconf 88' lang='lat' dir='ltr'>erat</span> <span class='ocrx_word' id='word_1_707' title='bbox 440 2955 548 2985; x_wconf 87' lang='lat' dir='ltr'>eidem</span> <span class='ocrx_word' id='word_1_708' title='bbox 579 2953 841 2984; x_wconf 88' lang='lat' dir='ltr'>succurrendum</span> <span class='ocrx_word' id='word_1_709' title='bbox 871 2953 1015 2992; x_wconf 83' lang='lat' dir='ltr'>negotio,</span> <span class='ocrx_word' id='word_1_710' title='bbox 1040 2954 1162 2991; x_wconf 87' lang='lat' dir='ltr'>quanto</span> <span class='ocrx_word' id='word_1_711' title='bbox 1194 2953 1259 2983; x_wconf 85' lang='lat' dir='ltr'>sibi</span> <span class='ocrx_word' id='word_1_712' title='bbox 1286 2971 1289 2988; x_wconf 52' lang='grc'>1</span> <span class='ocrx_word' id='word_1_713' title='bbox 1320 2953 1456 2990; x_wconf 76' lang='lat' dir='ltr'>ejusque</span> <span class='ocrx_word' id='word_1_714' title='bbox 1474 2952 1630 2990; x_wconf 86' lang='lat' dir='ltr'>populum</span> <span class='ocrx_word' id='word_1_715' title='bbox 1644 2953 1682 2982; x_wconf 88' lang='lat' dir='ltr'>de</span> <span class='ocrx_word' id='word_1_716' title='bbox 1700 2952 1852 2982; x_wconf 79' lang='lat' dir='ltr'>faucibus</span> <span class='ocrx_word' id='word_1_717' title='bbox 1864 2953 2106 2990; x_wconf 81' lang='lat' dir='ltr'>persequentis.</span> <span class='ocrx_word' id='word_1_718' title='bbox 2122 2953 2237 2990; x_wconf 68' lang='lat' dir='ltr'>jugum</span> <span class='ocrx_word' id='word_1_719' title='bbox 2255 2963 2329 2983; x_wconf 85' lang='lat' dir='ltr'>one-</span> 
     </span>
    </p>
   </div>
   <div class='ocr_carea' id='block_1_4' title="bbox 1317 361 2328 508">
    <p class='ocr_par' dir='ltr' id='par_1_5' title="bbox 1317 361 2328 508">
     <span class='ocr_line' id='line_1_52' title="bbox 1317 361 2328 401; baseline 0.009 -12"><span class='ocrx_word' id='word_1_720' title='bbox 1317 361 1538 399; x_wconf 71' lang='lat' dir='ltr'>propinquius</span> <span class='ocrx_word' id='word_1_721' title='bbox 1565 362 1757 393; x_wconf 73' lang='lat' dir='ltr'>iunninebat</span> <span class='ocrx_word' id='word_1_722' title='bbox 1784 365 1933 395; x_wconf 79' lang='lat' dir='ltr'>confusio</span> <span class='ocrx_word' id='word_1_723' title='bbox 1960 367 1990 395; x_wconf 90' lang='lat' dir='ltr'>et</span> <span class='ocrx_word' id='word_1_724' title='bbox 2015 366 2328 401; x_wconf 76' lang='lat' dir='ltr'>discrhnen,dictus</span> 
     </span>
     <span class='ocr_line' id='line_1_53' title="bbox 1318 414 2327 456; baseline 0.008 -14"><span class='ocrx_word' id='word_1_725' title='bbox 1318 414 1532 451; x_wconf 80' lang='lat' dir='ltr'>predecessor</span> <span class='ocrx_word' id='word_1_726' title='bbox 1548 415 1587 449; x_wconf 88' lang='lat' dir='ltr'>te,</span> <span class='ocrx_word' id='word_1_727' title='bbox 1606 415 1652 444; x_wconf 83' lang='lat' dir='ltr'>tili</span> <span class='ocrx_word' id='word_1_728' title='bbox 1669 425 1737 451; x_wconf 71' lang='lat' dir='ltr'>rex,</span> <span class='ocrx_word' id='word_1_729' title='bbox 1757 417 1881 454; x_wconf 78' lang='lat' dir='ltr'>pluries</span> <span class='ocrx_word' id='word_1_730' title='bbox 1899 419 2152 456; x_wconf 74' lang='lat' dir='ltr'>requisivit,til›i</span> <span class='ocrx_word' id='word_1_731' title='bbox 2171 430 2243 449; x_wconf 83' lang='lat' dir='ltr'>cum</span> <span class='ocrx_word' id='word_1_732' title='bbox 2263 421 2327 450; x_wconf 74' lang='lat' dir='ltr'>ins-</span> 
     </span>
     <span class='ocr_line' id='line_1_54' title="bbox 1318 466 2327 508; baseline 0.007 -14"><span class='ocrx_word' id='word_1_733' title='bbox 1318 466 1631 505; x_wconf 82' lang='lat' dir='ltr'>tantiapersuadens</span> <span class='ocrx_word' id='word_1_734' title='bbox 1649 470 1693 503; x_wconf 77' lang='lat' dir='ltr'>ut,</span> <span class='ocrx_word' id='word_1_735' title='bbox 1707 470 1785 507; x_wconf 85' lang='lat' dir='ltr'>quia</span> <span class='ocrx_word' id='word_1_736' title='bbox 1794 471 1939 508; x_wconf 81' lang='lat' dir='ltr'>predicta</span> <span class='ocrx_word' id='word_1_737' title='bbox 1949 471 2087 502; x_wconf 79' lang='lat' dir='ltr'>ecclesia</span> <span class='ocrx_word' id='word_1_738' title='bbox 2104 476 2171 502; x_wconf 87' lang='lat' dir='ltr'>erat</span> <span class='ocrx_word' id='word_1_739' title='bbox 2189 473 2327 502; x_wconf 76' lang='lat' dir='ltr'>ulterius</span> 
     </span>
    </p>
   </div>
   <div class='ocr_carea' id='block_1_5' title="bbox 1287 383 1291 500">
    <p class='ocr_par' dir='ltr' id='par_1_6' title="bbox 1287 383 1291 500">
     <span class='ocr_line' id='line_1_55' title="bbox 1287 383 1291 500; baseline 0 2789"><span class='ocrx_word' id='word_1_740' title='bbox 1287 383 1291 500; x_wconf 95' lang='lat' dir='ltr'> </span> 
     </span>
    </p>
   </div>
   <div class='ocr_carea' id='block_1_6' title="bbox 1289 503 1291 589">
    <p class='ocr_par' dir='ltr' id='par_1_7' title="bbox 1289 503 1291 589">
     <span class='ocr_line' id='line_1_56' title="bbox 1289 503 1291 589; baseline 0 0"><span class='ocrx_word' id='word_1_741' title='bbox 1289 503 1291 589; x_wconf 95' lang='lat' dir='ltr'> </span> 
     </span>
    </p>
   </div>
   <div class='ocr_carea' id='block_1_7' title="bbox 1290 1039 1294 2332">
    <p class='ocr_par' dir='ltr' id='par_1_8' title="bbox 1290 1039 1294 2332">
     <span class='ocr_line' id='line_1_57' title="bbox 1290 1039 1294 2332; baseline 0 0"><span class='ocrx_word' id='word_1_742' title='bbox 1290 1039 1294 2332; x_wconf 95' lang='lat' dir='ltr'> </span> 
     </span>
    </p>
   </div>
  </div>
 </body>
</html>
