2547 3289
267 265 328 293 458
1016 257 1260 288 REGISTRES

269 346 367 382 tario,
381 344 596 384 presentibus
614 342 786 380 magistris
800 341 947 372 liudulfo
962 341 1089 370 domini
1102 350 1187 379 pape
1203 349 1277 379 cap-

269 399 413 437 pellano,
434 398 542 435 priore.
562 394 917 430 Pontis-Lavanensis,
942 393 1104 424 Hiccardo
1122 394 1161 423 de
1176 394 1277 432 Faga-

270 451 322 480 nia
342 452 371 479 et
390 451 484 479 l'clro
505 448 607 478 thrii
628 447 749 477 clerico
766 446 990 476 pictaviensis
1007 446 1163 479 diocesis,
1184 446 1276 476 testi-

269 503 331 532 bus
364 502 403 531 ad
426 502 486 530 hoc
515 500 705 539 specialiter
733 500 935 529 comm-atis.
957 500 1025 537 Ego
1052 499 1213 529 Nicotaus
1237 500 1276 529 de

268 557 388 588 Rocva,
401 553 556 592 publivns
575 554 787 582 sacrosancte
804 553 954 582 Romane
975 551 1115 581 ecclesie
1134 552 1274 582 auctori-

268 610 333 637 tate
353 607 515 642 notarius,
535 606 714 644 prolationi
727 605 1063 643 seupronuntiationi
1080 604 1273 643 hujusmodi

267 660 517 690 interloeulorie
544 669 580 688 ac
606 658 764 688 omnibus
792 658 870 688 aliis
899 657 1104 696 supradictis
1137 657 1272 688 interfui

266 715 295 742 et
316 722 353 742 ca
377 713 416 742 de
446 712 602 741 mamiato
625 712 734 750 ipsius
752 711 878 741 domini
896 710 1056 749 Syrnonis
1076 710 1270 746 cardinalis,

265 765 430 795 auditoris
449 765 533 795 dicte
552 774 663 798 cause⁷
681 765 802 803 scripsi
819 766 850 794 et
868 763 1035 802 publicavi
1054 765 1085 793 et
1102 763 1273 801 publicata

264 828 329 849 una
348 828 423 849 cum
437 818 550 856 sigillo
570 818 678 856 ipsius
697 810 910 856 presentibus
933 825 1093 855 appenso,
1112 819 1272 846 consueto

264 881 337 902 meo
355 872 450 909 signo
468 871 608 909 signavi.
629 881 643 900 ))

302 925 424 955 Datum
442 925 528 962 apud
554 923 843 959 Urbemveterem,
864 932 944 953 xviii
969 923 1132 953 kalendas
1154 923 1269 961 J‘anua-

262 978 315 1013 rii,
335 986 421 1007 anno
436 977 544 1007 tertio.
570 987 584 1005 »

820 1138 943 1170 Orvieto,
959 1139 974 1165 2
985 1137 1098 1173 janvier
1118 1138 1194 1164 1204.

347 1140 420 1171 95ss

296 1219 419 1248 lrenuco,
447 1217 584 1244 canonico
609 1216 762 1249 Jauriensi,
791 1217 1013 1248 ordinationem,
1041 1217 1266 1244 reservationem

257 1269 285 1293 ct
300 1267 446 1293 decretum
462 1275 511 1300 per
525 1266 712 1300 Stephanum,
728 1265 930 1292 Penestrinum
947 1265 1124 1300 episcopum,
1136 1266 1163 1292 in
1181 1274 1266 1292 causa

257 1318 384 1342 vertente
402 1316 477 1342 inter
494 1323 571 1345 eum,
585 1323 617 1341 ex
636 1317 716 1348 parte
737 1323 802 1346 una,
818 1317 845 1341 et
863 1315 1028 1349 episcopum
1046 1317 1074 1341 et.
1092 1315 1265 1349 magistrum

257 1365 385 1395 Petrum,
398 1366 530 1398 nepotem
546 1365 573 1390 ct.
585 1365 799 1397 procuratorem
815 1363 888 1398 ejus,
904 1363 1074 1390 canonicum
1090 1363 1264 1391 Jauricnscs.

253 1421 286 1439 ex
304 1413 405 1444 altera,
423 1421 507 1446 super
522 1414 639 1438 vacante
651 1411 884 1438 archidiaconatu
896 1412 1080 1445 Supruniensi
1097 1412 1124 1438 in
1144 1412 1265 1438 ecclesia

252 1461 404 1488 Jauriensi.
424 1460 511 1489 edita,
530 1461 556 1486 iu
578 1460 631 1486 hiis
649 1468 718 1494 quae
735 1461 884 1486 irenaeum
900 1461 1081 1495 contingunt..
1101 1460 1262 1487 coufirmat.

255 1511 332 1544 (aaa.
350 1510 394 1537 29.
413 1509 461 1536 sol.
479 1512 504 1536 0.
527 1515 556 1535 n‘*
571 1511 602 1537 Τ,
621 1509 778 1540 porram,
799 1509 905 1541 18760.)

294 1622 308 1641 «
328 1612 478 1650 Maqiscro
511 1611 636 1647 l'reneo,
665 1611 811 1641 canonico
834 1611 1001 1641 Jaure'ensi.
1030 1612 1077 1642 Ea
1096 1622 1159 1651 que
1175 1613 1263 1652 judi-

253 1666 315 1701 010,
326 1666 400 1701 etc„
417 1673 523 1703 usque
539 1664 801 1694 communimus.
813 1664 975 1695 Exhibita
987 1665 1155 1704 siquidem
1166 1666 1264 1697 nobis

251 1719 310 1749 tua
341 1718 459 1757 petitio
488 1717 679 1748 continebat
707 1718 806 1756 quod,
836 1727 911 1748 cum
930 1727 992 1748 nos
1014 1719 1049 1748 in
1076 1728 1176 1749 causa
1200 1729 1264 1759 que

252 1772 340 1802 inter
352 1773 395 1806 te,
414 1779 455 1801 ex
470 1772 563 1809 parte
581 1779 657 1807 una,
674 1772 706 1801 et
717 1771 947 1802 venerabilem
959 1771 1097 1802 fratrem
1110 1774 1264 1803 nostrum

252 1825 449 1863 episcopum
470 1833 506 1853 ac
528 1824 729 1862 magistrum
748 1824 898 1862 Petrum,
921 1826 1077 1864 nepotem
1097 1826 1129 1855 et
1148 1834 1267 1864 procu-

252 1878 398 1907 ratorem
425 1876 509 1915 ejus,
540 1877 738 1907 canonicum
760 1877 970 1914 Jaurienses,
1002 1887 1103 1917 super
1126 1880 1264 1910 vacante

253 1930 523 1960 archidiaconatu
550 1930 776 1968 Supruniensi
799 1930 833 1960 in
853 1931 995 1961 ecclesia
1015 1932 1198 1969 Jauriensi,
1224 1933 1265 1962 ad

252 1983 466 2013 collationem
497 1983 606 2020 ipsius
626 1983 775 2021 episcopi
801 1984 1002 2021 pertinente,
1029 1984 1062 2013 in
1083 1993 1148 2022 quo
1172 1986 1208 2015 tu
1233 1986 1265 2015 et

252 2035 363 2066 dictus
387 2035 547 2073 magister
568 2044 627 2064 vos
651 2035 707 2073 jus
733 2035 897 2066 dicebatis
923 2036 1056 2073 habere,
1076 2046 1118 2067 ex
1145 2037 1262 2072 altera,

252 2090 336 2124 orta,
356 2088 468 2118 extitit
482 2096 541 2126 per
558 2088 819 2125 appellationem
836 2090 929 2118 tuam
944 2089 985 2119 ad
1002 2089 1116 2119 sedem
1134 2092 1263 2128 aposto-

251 2141 353 2171 licam
372 2140 522 2179 legitime
540 2140 707 2174 devoluta,
729 2141 890 2171 dilectum
910 2141 1018 2172 filium
1036 2144 1189 2172 nostrum
1208 2144 1262 2178 (JK,

250 2194 358 2224 sancti
366 2193 501 2231 Georgii
513 2193 553 2223 ad
563 2193 685 2224 Velum
692 2194 843 2224 Aureum
853 2194 1032 2225 diaconum
1042 2195 1259 2232 cardinalem,

252 2247 465 2277 dedissemus
477 2246 630 2284 partibus
643 2247 842 2283 auditorem,
857 2247 986 2278 libellis
998 2248 1134 2278 tandem
1149 2257 1261 2279 corani

250 2308 288 2330 eo
312 2299 388 2329 hinc
410 2300 485 2329 inde
505 2300 680 2338 porrectis,
701 2299 855 2339 partibus
873 2300 1000 2339 placuit
1017 2301 1106 2340 quod
1126 2310 1262 2332 venera-

249 2352 329 2384 bilis
360 2353 462 2383 frater
489 2354 603 2383 noster
631 2353 677 2389 S„
707 2353 928 2384 Prenestinus
953 2355 1146 2393 episcopus,
1173 2363 1258 2385 com-

249 2407 388 2444 poneret
412 2406 498 2436 inter
519 2415 587 2442 eas,
612 2406 669 2445 qui
696 2415 714 2436 a
733 2406 832 2437 nobis
854 2415 956 2445 super
978 2407 1039 2438 hoc
1063 2408 1138 2438 vive
1166 2408 1259 2438 vocis

248 2459 383 2489 oraculo
408 2459 542 2497 plenam
561 2459 797 2490 auctoritatem
819 2459 965 2490 obtinuit
989 2462 1020 2490 et
1042 2460 1185 2491 liberam
1203 2470 1258 2500 po-

247 2513 414 2542 testatem.
436 2512 481 2542 Te
501 2512 613 2551 itaque
630 2513 662 2543 et
682 2512 799 2543 eodem
818 2512 982 2552 magistro
1000 2513 1100 2544 Petro
1118 2514 1152 2544 in
1170 2514 1256 2553 ejus-

246 2564 322 2595 dem
349 2565 498 2603 episcopi
527 2565 719 2596 Prenestini
737 2566 909 2604 presentia
931 2566 1137 2604 constitutis,
1167 2567 1255 2598 idem

245 2617 377 2652 Petrum
389 2619 455 2648 tani
474 2627 534 2656 pro
552 2627 587 2648 se
604 2627 704 2657 quam
717 2627 777 2657 pro
795 2619 882 2650 dicto
898 2619 1055 2658 episcopo
1068 2620 1252 2657 Jauriensi‚

245 2678 263 2700 a
291 2679 356 2709 quo
388 2671 612 2709 transigendi,
645 2671 869 2710 componendi
899 2673 931 2702 et
959 2673 1253 2711 compromittendi

244 2723 389 2761 speciale
416 2724 611 2754 mandatum
641 2725 673 2754 et
700 2724 843 2755 liberam
868 2726 1070 2764 potestatem
1098 2725 1251 2762 habebat,

242 2784 371 2806 necnon
386 2778 418 2807 et
431 2778 466 2807 tu
479 2786 538 2816 pro
552 2778 584 2807 te
601 2786 702 2816 super
717 2778 910 2816 hujusmodi
926 2778 1102 2817 questione
1119 2781 1250 2818 sponte,

242 2828 347 2859 libere
361 2838 397 2860 ac
409 2829 561 2860 absolute
578 2830 610 2859 in
623 2830 791 2869 prefatum
804 2831 999 2870 episcopum
1013 2831 1250 2862 Prenestinum

240 2882 513 2920 compromittere
527 2883 719 2914 curavistis.
736 2883 959 2914 Postmodum
971 2892 1062 2921 vero,
1079 2884 1137 2915 lite
1149 2894 1250 2924 super

240 2934 366 2966 libellis
382 2944 441 2974 pro
456 2937 513 2966 tua
528 2937 621 2974 parte
636 2937 918 2976 coramjamdicto
933 2938 1090 2977 episcopo
1107 2938 1247 2969 Prenes-

1293 257 1508 287 D'URBAIN
1543 258 1599 287 iv.

1338 342 1407 370 tino
1420 341 1596 379 porrectis,
1611 341 1762 379 legitime
1780 342 1977 376 contestata,
1989 340 2170 378 episcopus
2185 340 2269 378 ipse,
2284 341 2351 370 ins-

1337 394 1444 432 pectis
1472 393 1701 432 processibus
1732 393 1826 429 actis,
1855 393 2076 422 munimentis
2106 395 2135 422 et
2164 392 2352 423 rationibus

1338 455 1448 476 coram
1468 456 1505 476 eo
1524 446 1697 482 exhibitis,
1718 455 1845 476 necnon
1867 446 1994 475 audltis
2019 454 2082 484 que
2102 447 2215 484 partes
2239 446 2351 476 dicere

1338 507 1374 528 ac
1403 508 1590 538 proponere
1616 499 1804 534 voluerunt,
1832 498 2056 529 consideratis
2083 498 2183 528 etiam
2215 506 2279 537 que
2311 498 2350 528 ad

1336 560 1464 590 paceni,
1495 551 1776 590 tranquillitatem
1807 553 1836 581 et
1865 551 1987 581 bonum
2020 553 2144 581 statum
2173 552 2351 589 utriusque

1336 605 1442 642 partis
1463 606 1619 639 facerent,
1636 605 1849 643 supradictos
1869 605 2065 643 epist-opum
2085 604 2299 634 Jauriensem
2320 606 2351 635 et

1336 658 1535 697 magistrum
1566 659 1702 688 Petrum
1729 658 1769 687 ab
1795 658 2006 696 impetitione
2026 659 2083 687 tua
2106 666 2206 695 super
2233 658 2350 687 eodem

1335 711 1607 741 archidiaconatu
1629 711 1853 749 supruniensi
1879 711 2128 741 sententialiter
2152 710 2296 740 absolvit
2319 714 2350 740 et

1334 764 1508 794 absolutos
1523 773 1597 795 esse
1611 764 1768 794 decrevit.
1782 764 1983 802 supradicta
2002 772 2134 802 quoque
2149 764 2348 794 auctoritate

1333 819 1448 847 nostra
1467 826 1567 856 super
1588 817 1780 855 provisione
1801 816 1862 846 tibi
1886 816 2038 847 facienda
2057 817 2096 846 de
2115 816 2278 855 dignitate
2296 816 2349 846 vel

1332 871 1526 908 personatu,
1544 879 1620 900 cum
1635 879 1713 900 cura
1727 870 1779 900 vel
1800 870 1871 900 sine
1891 879 1981 905 vura,
1993 878 2057 908 que
2076 869 2127 899 vel
2143 869 2199 908 qui
2219 870 2251 899 in
2269 870 2348 899 Jau-

1332 924 1434 954 riensi
1454 923 1597 954 ecclesia
1624 925 1702 953 tunc
1725 923 1864 953 vacabat
1887 923 1939 953 vel
1963 923 2120 961 proximo
2142 924 2286 957 vacaret,
2307 931 2345 952 ac

1330 977 1370 1007 de
1390 977 1542 1016 cappella
1564 978 1596 1007 et
1615 976 1805 1007 redditibus
1821 976 2052 1015 cappellarum
2070 976 2109 1005 ad
2128 976 2345 1006 collationem

1329 1030 1439 1068 ipsius
1449 1030 1600 1068 episcopi
1616 1030 1859 1068 pertinentium
1874 1038 1980 1068 usque
1995 1029 2035 1059 ad
2050 1031 2179 1059 certum
2195 1037 2345 1059 annuum

1328 1083 1491 1120 valorem,
1509 1083 1677 1121 quandam
1704 1083 1953 1113 ordinationem
1972 1083 2004 1112 te
2021 1091 2057 1112 ac
2076 1082 2164 1112 dicto
2182 1082 2345 1121 magistro

1328 1136 1428 1166 Petro
1447 1135 1660 1174 presentibus
1686 1135 1802 1170 edidit,
1825 1135 2024 1174 dignitatem
2047 1143 2106 1164 seu
2126 1137 2344 1173 personatum

1328 1191 1359 1219 et
1378 1189 1524 1228 capellas
1547 1189 1741 1227 hujusmodi
1766 1188 1828 1219 tibi
1849 1188 2070 1218 conferendas
2090 1187 2273 1226 apostolice
2291 1188 2346 1218 do-

1328 1243 1454 1272 nationi
1486 1250 1663 1272 reservans
1697 1244 1727 1271 et
1759 1242 1944 1271 decernens
1975 1241 2108 1271 irritum
2134 1243 2165 1271 et
2194 1241 2292 1271 inane
2316 1241 2344 1270 si

1328 1304 1425 1325 secus
1446 1295 1485 1325 de
1503 1295 1570 1324 hiis
1591 1295 1712 1333 quavis
1727 1294 1925 1324 auctoritate
1943 1294 2119 1333 contigerit
2138 1294 2343 1333 attemptari,

1326 1350 1425 1387 prout
1440 1349 1474 1377 in
1490 1348 1623 1386 publico
1639 1348 1866 1378 instrumento
1880 1347 2028 1378 confecto
2042 1347 2163 1377 exinde
2179 1356 2215 1377 ac
2229 1347 2342 1387 sigillo

1326 1401 1436 1439 ipsius
1450 1401 1601 1439 episcopi
1618 1401 1810 1431 Prenestini
1828 1401 1973 1440 signato,
1987 1401 2122 1439 plenius
2138 1401 2339 1431 continetur.

1324 1454 1396 1484 Nos
1414 1454 1538 1493 itaque,
1552 1455 1622 1484 tuis
1641 1454 1948 1493 supplicationibus
1966 1454 2130 1490 inclinati,
2146 1454 2340 1493 hujusmodi

1326 1507 1586 1543 ordinationem,
1606 1507 1872 1537 reservationem
1890 1508 1921 1537 et
1937 1507 2108 1537 decretum
2125 1516 2183 1545 per
2197 1507 2340 1537 eundem

1325 1560 1523 1598 episcopum
1551 1560 1652 1594 edita,
1678 1561 1711 1589 in
1735 1559 1802 1589 hiis
1830 1569 1894 1598 que
1919 1561 1951 1590 te
1976 1560 2185 1598 contingunt,
2210 1562 2281 1590 rata
2308 1562 2340 1590 et

1325 1613 1422 1643 firma
1451 1613 1625 1649 habentes.
1647 1622 1684 1643 ea
1714 1614 1912 1643 auctoritate
1944 1613 2130 1652 apostolica
2164 1613 2341 1644 confirma-

1326 1675 1413 1702 mUS,
1434 1668 1495 1697 etc.
1514 1675 1622 1705 usque
1640 1666 1901 1696 communimus.
2051 1692 2058 1695 .

1366 1720 1533 1750 Tenorem
1560 1721 1673 1749 autem
1706 1719 1816 1758 ipsius
1848 1720 2066 1749 instrumenti
2097 1720 2136 1750 de
2168 1719 2269 1751 verbo
2299 1720 2341 1750 ad

1326 1773 1467 1803 verbum
1484 1772 1703 1812 presentibus
1733 1773 1874 1803 fecimus
1898 1773 2064 1810 annotari,
2089 1773 2146 1812 qui
2167 1773 2245 1803 talis
2262 1777 2310 1804 est
2333 1784 2338 1802 :

1367 1836 1381 1855 α
1406 1826 1443 1856 In
1460 1826 1596 1856 nomine
1615 1825 1765 1861 Domini,
1787 1834 1895 1856 amen.
1920 1826 2001 1856 Orta
2019 1826 2146 1856 dudum
2166 1826 2253 1857 inter
2271 1835 2340 1856 ma-

1326 1879 1470 1918 gistrum
1506 1879 1676 1909 Yreneum
1710 1879 1908 1909 canonicum
1942 1879 2168 1915 Jauriensem,
2202 1888 2243 1910 ex
2273 1888 2340 1910 una

1326 1934 1432 1970 parte,
1460 1935 1490 1963 et
1520 1932 1750 1963 venerabilem
1781 1934 1910 1971 patrem
1939 1932 2113 1962 dominum
2141 1933 2338 1972 episcopum

1324 1986 1538 2016 Jauriensem
1565 1995 1601 2015 ac
1631 1986 1831 2024 magistrum
1861 1986 2010 2021 Petrum,
2038 1986 2236 2016 canonicum
2261 1987 2340 2016 Jau-

1326 2038 1484 2074 riensem,
1502 2040 1657 2076 nepotem
1670 2041 1700 2068 et
1718 2040 1972 2077 procuratorem
1989 2039 2098 2077 ipsius
2117 2039 2278 2077 episcopi,
2295 2048 2337 2069 ex

1325 2091 1442 2126 altera,
1461 2099 1562 2129 super
1582 2091 1854 2121 archidiaconatu
1873 2091 2097 2129 Supruniensi
2114 2094 2143 2121 et
2163 2093 2338 2132 occasione

1324 2144 1446 2182 ipsius,
1473 2152 1572 2182 quem
1601 2144 1688 2173 idem
1718 2145 1880 2182 magister
1898 2144 2052 2174 Yreneus
2079 2144 2143 2174 sibi
2175 2145 2337 2176 collatum

1324 2197 1522 2227 auctoritate
1546 2196 1731 2235 apostolica
1751 2205 1810 2235 per
1829 2196 2057 2227 venerabilem
2079 2199 2209 2236 patrem
2230 2223 2236 2228 .
2256 2223 2262 2228 .
2286 2207 2336 2228 ar-

1323 2250 1574 2289 chiepiscopum
1592 2250 1837 2286 Collocensem,
1854 2251 2012 2281 canonice
2030 2250 2213 2287 asserebat,
2232 2254 2336 2282 mate-

1322 2303 1371 2333 ria
1403 2303 1604 2342 questionis,
1636 2304 1667 2333 et
1699 2312 1737 2333 ea
1766 2312 1824 2342 per
1857 2303 2119 2342 appellationem
2152 2304 2193 2334 ad
2220 2305 2336 2336 sedem

1322 2356 1541 2395 apostolicam
1570 2356 1728 2387 devoluta
1757 2358 1787 2386 et
1809 2365 1921 2386 coram
1952 2357 2136 2387 reverendo
2159 2359 2254 2396 patre
2279 2358 2334 2388 do·

1321 2409 1412 2440 mino
1440 2410 1493 2445 G.,
1523 2409 1629 2440 sancti
1648 2409 1785 2449 Georgii
1813 2410 1853 2439 ad
1881 2409 2003 2440 Velum
2021 2410 2172 2441 Aureum
2192 2411 2334 2442 diacono

1320 2462 1494 2499 cardinali,
1515 2471 1533 2493 a
1558 2463 1695 2494 domino
1721 2471 1806 2501 papa
1832 2462 1910 2493 dato
1934 2462 2089 2501 partibus
2109 2463 2275 2499 auditore,
2292 2464 2333 2494 li-

1318 2515 1418 2546 bellis
1437 2516 1513 2546 hinc
1532 2516 1607 2546 inde
1627 2517 1805 2554 porrectis,
1826 2515 1951 2554 placuit
1972 2516 2127 2555 partibus
2151 2517 2240 2556 quod
2256 2526 2330 2554 nos,

1317 2569 1517 2608 Stephanus
1534 2569 1752 2599 miseratione
1767 2569 1880 2599 divina
1899 2569 2122 2599 Prenestinus
2137 2570 2328 2610 episcopus,

1317 2623 1403 2652 inter
1429 2630 1486 2653 eas
1512 2630 1712 2660 componere
1738 2621 1950 2652 deberemus.
1975 2622 2070 2658 Quod
2098 2625 2133 2653 ut
2159 2623 2331 2654 efficacius

1317 2676 1421 2709 tieret,
1441 2675 1652 2706 obtinuimus
1670 2675 1862 2714 specialiter
1879 2684 1980 2714 super
1997 2675 2057 2706 hoc
2078 2685 2095 2706 a
2112 2676 2330 2708 sanctissimo

1315 2729 1420 2767 patre,
1441 2728 1577 2758 domino
1597 2729 1712 2758 nostro
1729 2727 1877 2763 Urbano,
1895 2736 1981 2767 papa
1998 2731 2127 2766 quarto,
2146 2729 2220 2760 vive
2236 2730 2330 2760 vocis

1314 2781 1461 2816 oraculo,
1483 2781 1618 2820 plenam
1637 2781 1873 2812 auctoritatem
1896 2783 1927 2811 et
1948 2780 2090 2812 liberam
2112 2784 2325 2820 potestatem.

1313 2834 1482 2865 Predictis
1504 2835 1617 2873 itaque
1634 2835 1766 2865 Yreneo
1795 2836 1826 2864 et
1847 2834 1947 2864 Petro
1965 2834 1999 2864 in
2021 2836 2136 2865 nostra
2155 2836 2327 2874 presentia

1312 2888 1518 2923 constitutis,
1549 2889 1581 2918 et
1609 2887 1725 2918 eodem
1754 2887 1854 2917 Petro
1884 2887 2017 2917 litteras
2047 2888 2168 2926 prefati
2197 2888 2325 2919 domini

1311 2941 1460 2979 episcopi
1483 2940 1675 2971 Jauriensis
1699 2948 1828 2979 suoque
1848 2939 1961 2979 sigillo
1981 2940 2131 2980 signatas
2148 2943 2179 2971 in
2196 2941 2325 2980 judicio
