<?xml version="1.0" encoding="UTF-8"?>
<!DOCTYPE html PUBLIC "-//W3C//DTD XHTML 1.0 Transitional//EN"
    "http://www.w3.org/TR/xhtml1/DTD/xhtml1-transitional.dtd">
<html xmlns="http://www.w3.org/1999/xhtml" xml:lang="en" lang="en">
 <head>
  <title>
</title>
<meta http-equiv="Content-Type" content="text/html;charset=utf-8" />
  <meta name='ocr-system' content='tesseract 3.04.00' />
  <meta name='ocr-capabilities' content='ocr_page ocr_carea ocr_par ocr_line ocrx_word'/>
</head>
<body>
  <div class='ocr_page' id='page_1' title='image "./lesregistresdurb12cath/lesregistresdurb12cath_0754.png"; bbox 0 0 2547 3289; ppageno 0'>
   <div class='ocr_carea' id='block_1_1' title="bbox 280 259 339 289">
    <p class='ocr_par' dir='ltr' id='par_1_1' title="bbox 280 259 339 289">
     <span class='ocr_line' id='line_1_1' title="bbox 280 259 339 289; baseline 0.034 -2"><span class='ocrx_word' id='word_1_1' title='bbox 280 259 339 289; x_wconf 78' lang='lat'>450</span> 
     </span>
    </p>
   </div>
   <div class='ocr_carea' id='block_1_2' title="bbox 255 339 1287 2768">
    <p class='ocr_par' dir='ltr' id='par_1_2' title="bbox 255 339 1287 2661">
     <span class='ocr_line' id='line_1_2' title="bbox 279 339 1286 378; baseline -0.001 -7"><span class='ocrx_word' id='word_1_2' title='bbox 279 341 355 371; x_wconf 89' lang='lat' dir='ltr'>terii</span> <span class='ocrx_word' id='word_1_3' title='bbox 384 340 490 371; x_wconf 87' lang='lat' dir='ltr'>sancti</span> <span class='ocrx_word' id='word_1_4' title='bbox 515 339 659 374; x_wconf 72' lang='lat' dir='ltr'>Nicolai,</span> <span class='ocrx_word' id='word_1_5' title='bbox 685 348 703 368; x_wconf 88' lang='lat' dir='ltr'>a</span> <span class='ocrx_word' id='word_1_6' title='bbox 727 340 893 368; x_wconf 85' lang='lat' dir='ltr'>conventu</span> <span class='ocrx_word' id='word_1_7' title='bbox 917 339 1112 369; x_wconf 87' lang='lat' dir='ltr'>monasterii</span> <span class='ocrx_word' id='word_1_8' title='bbox 1134 339 1286 378; x_wconf 86' lang='lat' dir='ltr'>ejusdem</span> 
     </span>
     <span class='ocr_line' id='line_1_3' title="bbox 280 391 1287 430; baseline -0.002 -6"><span class='ocrx_word' id='word_1_9' title='bbox 280 394 313 423; x_wconf 91' lang='lat' dir='ltr'>in</span> <span class='ocrx_word' id='word_1_10' title='bbox 330 402 428 424; x_wconf 87' lang='lat' dir='ltr'>suum</span> <span class='ocrx_word' id='word_1_11' title='bbox 446 392 599 422; x_wconf 80' lang='lat' dir='ltr'>abbatem</span> <span class='ocrx_word' id='word_1_12' title='bbox 619 391 824 422; x_wconf 89' lang='lat' dir='ltr'>unanimiter</span> <span class='ocrx_word' id='word_1_13' title='bbox 839 391 995 428; x_wconf 86' lang='lat' dir='ltr'>electum,</span> <span class='ocrx_word' id='word_1_14' title='bbox 1016 392 1196 430; x_wconf 88' lang='lat' dir='ltr'>ipsumque</span> <span class='ocrx_word' id='word_1_15' title='bbox 1213 400 1287 422; x_wconf 88' lang='lat' dir='ltr'>con-</span> 
     </span>
     <span class='ocr_line' id='line_1_4' title="bbox 278 444 1286 484; baseline 0 -9"><span class='ocrx_word' id='word_1_16' title='bbox 278 448 426 481; x_wconf 85' lang='lat' dir='ltr'>ventum,</span> <span class='ocrx_word' id='word_1_17' title='bbox 446 454 485 476; x_wconf 84' lang='lat' dir='ltr'>ex</span> <span class='ocrx_word' id='word_1_18' title='bbox 506 445 622 480; x_wconf 79' lang='lat' dir='ltr'>altera,</span> <span class='ocrx_word' id='word_1_19' title='bbox 650 445 791 474; x_wconf 86' lang='lat' dir='ltr'>materia</span> <span class='ocrx_word' id='word_1_20' title='bbox 811 444 1012 483; x_wconf 82' lang='lat' dir='ltr'>questionis,</span> <span class='ocrx_word' id='word_1_21' title='bbox 1033 454 1134 475; x_wconf 90' lang='lat' dir='ltr'>causa</span> <span class='ocrx_word' id='word_1_22' title='bbox 1153 454 1286 484; x_wconf 86' lang='lat' dir='ltr'>quoque</span> 
     </span>
     <span class='ocr_line' id='line_1_5' title="bbox 276 497 1284 538; baseline -0.001 -9"><span class='ocrx_word' id='word_1_23' title='bbox 276 498 470 538; x_wconf 91' lang='lat' dir='ltr'>hujusmodi</span> <span class='ocrx_word' id='word_1_24' title='bbox 496 506 556 536; x_wconf 89' lang='lat' dir='ltr'>per</span> <span class='ocrx_word' id='word_1_25' title='bbox 581 497 842 535; x_wconf 74' lang='lat' dir='ltr'>appellationem</span> <span class='ocrx_word' id='word_1_26' title='bbox 865 497 905 527; x_wconf 91' lang='lat' dir='ltr'>ad</span> <span class='ocrx_word' id='word_1_27' title='bbox 925 498 1039 528; x_wconf 90' lang='lat' dir='ltr'>sedem</span> <span class='ocrx_word' id='word_1_28' title='bbox 1063 498 1284 536; x_wconf 87' lang='lat' dir='ltr'>apostolicam</span> 
     </span>
     <span class='ocr_line' id='line_1_6' title="bbox 276 550 1282 588; baseline 0 -7"><span class='ocrx_word' id='word_1_29' title='bbox 276 551 443 586; x_wconf 82' lang='lat' dir='ltr'>devoluta,</span> <span class='ocrx_word' id='word_1_30' title='bbox 461 550 699 579; x_wconf 85' lang='lat' dir='ltr'>sanctissimus</span> <span class='ocrx_word' id='word_1_31' title='bbox 709 550 971 588; x_wconf 86' lang='lat' dir='ltr'>paterdominus</span> <span class='ocrx_word' id='word_1_32' title='bbox 986 552 1100 581; x_wconf 90' lang='lat' dir='ltr'>noster</span> <span class='ocrx_word' id='word_1_33' title='bbox 1114 550 1282 587; x_wconf 89' lang='lat' dir='ltr'>Urbanus,</span> 
     </span>
     <span class='ocr_line' id='line_1_7' title="bbox 273 602 1282 642; baseline 0 -9"><span class='ocrx_word' id='word_1_34' title='bbox 273 612 359 642; x_wconf 87' lang='lat' dir='ltr'>papa</span> <span class='ocrx_word' id='word_1_35' title='bbox 375 603 476 638; x_wconf 62' lang='lat' dir='ltr'>IIIIus,</span> <span class='ocrx_word' id='word_1_36' title='bbox 492 610 564 638; x_wconf 89' lang='lat' dir='ltr'>nos,</span> <span class='ocrx_word' id='word_1_37' title='bbox 579 602 814 638; x_wconf 84' lang='lat' dir='ltr'>GuiHelmum,</span> <span class='ocrx_word' id='word_1_38' title='bbox 830 603 1049 633; x_wconf 88' lang='lat' dir='ltr'>miseratione</span> <span class='ocrx_word' id='word_1_39' title='bbox 1063 603 1177 633; x_wconf 79' lang='lat' dir='ltr'>divina</span> <span class='ocrx_word' id='word_1_40' title='bbox 1192 603 1282 633; x_wconf 89' lang='lat' dir='ltr'>tituli</span> 
     </span>
     <span class='ocr_line' id='line_1_8' title="bbox 273 654 1282 693; baseline 0.001 -8"><span class='ocrx_word' id='word_1_41' title='bbox 273 656 380 685; x_wconf 90' lang='grc'><strong>330011</strong></span> <span class='ocrx_word' id='word_1_42' title='bbox 408 655 511 686; x_wconf 87' lang='lat' dir='ltr'>Marci</span> <span class='ocrx_word' id='word_1_43' title='bbox 531 654 758 693; x_wconf 86' lang='lat' dir='ltr'>presbiterum</span> <span class='ocrx_word' id='word_1_44' title='bbox 777 655 993 691; x_wconf 73' lang='lat' dir='ltr'>cardinalem,</span> <span class='ocrx_word' id='word_1_45' title='bbox 1015 656 1106 686; x_wconf 87' lang='lat' dir='ltr'>dedit</span> <span class='ocrx_word' id='word_1_46' title='bbox 1130 657 1164 686; x_wconf 91' lang='lat' dir='ltr'>in</span> <span class='ocrx_word' id='word_1_47' title='bbox 1182 665 1282 686; x_wconf 88' lang='lat' dir='ltr'>causa</span> 
     </span>
     <span class='ocr_line' id='line_1_9' title="bbox 271 707 1281 748; baseline 0.002 -10"><span class='ocrx_word' id='word_1_48' title='bbox 271 708 387 739; x_wconf 89' lang='lat' dir='ltr'>eadem</span> <span class='ocrx_word' id='word_1_49' title='bbox 412 707 566 747; x_wconf 87' lang='lat' dir='ltr'>partibus</span> <span class='ocrx_word' id='word_1_50' title='bbox 594 708 794 738; x_wconf 81' lang='lat' dir='ltr'>auditorem.</span> <span class='ocrx_word' id='word_1_51' title='bbox 818 708 1101 747; x_wconf 87' lang='lat' dir='ltr'>Comparentibus</span> <span class='ocrx_word' id='word_1_52' title='bbox 1124 709 1228 748; x_wconf 75' lang='lat' dir='ltr'>igitur</span> <span class='ocrx_word' id='word_1_53' title='bbox 1248 710 1281 740; x_wconf 92' lang='lat' dir='ltr'>in</span> 
     </span>
     <span class='ocr_line' id='line_1_10' title="bbox 266 760 1280 801; baseline 0.002 -10"><span class='ocrx_word' id='word_1_54' title='bbox 266 761 394 800; x_wconf 85' lang='lat' dir='ltr'>J&#39;udicio</span> <span class='ocrx_word' id='word_1_55' title='bbox 412 769 524 791; x_wconf 88' lang='lat' dir='ltr'>coram</span> <span class='ocrx_word' id='word_1_56' title='bbox 549 760 646 791; x_wconf 81' lang='lat' dir='ltr'>nobis</span> <span class='ocrx_word' id='word_1_57' title='bbox 671 761 802 800; x_wconf 79' lang='lat' dir='ltr'>prefato</span> <span class='ocrx_word' id='word_1_58' title='bbox 826 761 974 792; x_wconf 89' lang='lat' dir='ltr'>Henrico</span> <span class='ocrx_word' id='word_1_59' title='bbox 997 763 1224 801; x_wconf 81' lang='lat' dir='ltr'>personaliter</span> <span class='ocrx_word' id='word_1_60' title='bbox 1244 772 1280 793; x_wconf 91' lang='lat' dir='ltr'>ac</span> 
     </span>
     <span class='ocr_line' id='line_1_11' title="bbox 267 814 1280 854; baseline 0.002 -10"><span class='ocrx_word' id='word_1_61' title='bbox 267 814 418 845; x_wconf 87' lang='lat' dir='ltr'>Johanne</span> <span class='ocrx_word' id='word_1_62' title='bbox 434 814 474 844; x_wconf 88' lang='lat' dir='ltr'>de</span> <span class='ocrx_word' id='word_1_63' title='bbox 491 815 591 844; x_wconf 82' lang='lat' dir='ltr'>Artre</span> <span class='ocrx_word' id='word_1_64' title='bbox 608 814 729 844; x_wconf 86' lang='lat' dir='ltr'>clerico</span> <span class='ocrx_word' id='word_1_65' title='bbox 752 823 812 853; x_wconf 90' lang='lat' dir='ltr'>pro</span> <span class='ocrx_word' id='word_1_66' title='bbox 832 815 960 851; x_wconf 89' lang='lat' dir='ltr'>eodem,</span> <span class='ocrx_word' id='word_1_67' title='bbox 983 824 1023 845; x_wconf 84' lang='lat' dir='ltr'>ex</span> <span class='ocrx_word' id='word_1_68' title='bbox 1042 817 1136 854; x_wconf 92' lang='lat' dir='ltr'>parte</span> <span class='ocrx_word' id='word_1_69' title='bbox 1153 825 1231 852; x_wconf 81' lang='lat' dir='ltr'>una,</span> <span class='ocrx_word' id='word_1_70' title='bbox 1248 818 1280 847; x_wconf 87' lang='lat' dir='ltr'>et</span> 
     </span>
     <span class='ocr_line' id='line_1_12' title="bbox 267 867 1278 906; baseline 0.003 -9"><span class='ocrx_word' id='word_1_71' title='bbox 267 867 430 906; x_wconf 84' lang='lat' dir='ltr'>magistro</span> <span class='ocrx_word' id='word_1_72' title='bbox 447 867 651 903; x_wconf 86' lang='lat' dir='ltr'>Theobaldo,</span> <span class='ocrx_word' id='word_1_73' title='bbox 670 868 797 898; x_wconf 85' lang='lat' dir='ltr'>rectore</span> <span class='ocrx_word' id='word_1_74' title='bbox 813 868 955 898; x_wconf 81' lang='lat' dir='ltr'>ecclesie</span> <span class='ocrx_word' id='word_1_75' title='bbox 973 868 1012 898; x_wconf 91' lang='lat' dir='ltr'>de</span> <span class='ocrx_word' id='word_1_76' title='bbox 1028 869 1278 906; x_wconf 71' lang='lat' dir='ltr'>Monte-Aemo,</span> 
     </span>
     <span class='ocr_line' id='line_1_13' title="bbox 266 920 1279 959; baseline 0.003 -9"><span class='ocrx_word' id='word_1_77' title='bbox 266 928 327 959; x_wconf 91' lang='lat' dir='ltr'>pro</span> <span class='ocrx_word' id='word_1_78' title='bbox 344 921 461 950; x_wconf 90' lang='lat' dir='ltr'>eodem</span> <span class='ocrx_word' id='word_1_79' title='bbox 484 920 587 950; x_wconf 85' lang='lat' dir='ltr'>fratre</span> <span class='ocrx_word' id='word_1_80' title='bbox 608 920 771 957; x_wconf 85' lang='lat' dir='ltr'>Johanne,</span> <span class='ocrx_word' id='word_1_81' title='bbox 795 921 991 951; x_wconf 89' lang='lat' dir='ltr'>eorumdem</span> <span class='ocrx_word' id='word_1_82' title='bbox 1014 922 1153 952; x_wconf 87' lang='lat' dir='ltr'>Henrici</span> <span class='ocrx_word' id='word_1_83' title='bbox 1172 924 1204 952; x_wconf 91' lang='lat' dir='ltr'>et</span> <span class='ocrx_word' id='word_1_84' title='bbox 1225 923 1279 953; x_wconf 85' lang='lat' dir='ltr'>Jo-</span> 
     </span>
     <span class='ocr_line' id='line_1_14' title="bbox 265 972 1278 1014; baseline 0.003 -11"><span class='ocrx_word' id='word_1_85' title='bbox 265 973 388 1003; x_wconf 89' lang='lat' dir='ltr'>hannis</span> <span class='ocrx_word' id='word_1_86' title='bbox 404 972 680 1012; x_wconf 72' lang='lat' dir='ltr'>procuratoribus</span> <span class='ocrx_word' id='word_1_87' title='bbox 696 973 860 1012; x_wconf 78' lang='lat' dir='ltr'>legitimis</span> <span class='ocrx_word' id='word_1_88' title='bbox 876 974 917 1004; x_wconf 88' lang='lat' dir='ltr'>ad</span> <span class='ocrx_word' id='word_1_89' title='bbox 932 983 1069 1005; x_wconf 89' lang='lat' dir='ltr'>causam</span> <span class='ocrx_word' id='word_1_90' title='bbox 1083 975 1278 1014; x_wconf 84' lang='lat' dir='ltr'>hujusmodi</span> 
     </span>
     <span class='ocr_line' id='line_1_15' title="bbox 264 1026 1278 1066; baseline 0.003 -10"><span class='ocrx_word' id='word_1_91' title='bbox 264 1027 546 1066; x_wconf 78' lang='lat' dir='ltr'>prosequendam,</span> <span class='ocrx_word' id='word_1_92' title='bbox 571 1027 735 1065; x_wconf 78' lang='lat' dir='ltr'>porrectis</span> <span class='ocrx_word' id='word_1_93' title='bbox 758 1026 836 1057; x_wconf 87' lang='grc'><strong>11100</strong></span> <span class='ocrx_word' id='word_1_94' title='bbox 860 1027 937 1058; x_wconf 90' lang='grc'><strong>10(10</strong></span> <span class='ocrx_word' id='word_1_95' title='bbox 964 1027 1092 1058; x_wconf 88' lang='lat' dir='ltr'>libellis</span> <span class='ocrx_word' id='word_1_96' title='bbox 1117 1029 1151 1058; x_wconf 90' lang='lat' dir='ltr'>in</span> <span class='ocrx_word' id='word_1_97' title='bbox 1177 1038 1278 1060; x_wconf 89' lang='lat' dir='ltr'>causa</span> 
     </span>
     <span class='ocr_line' id='line_1_16' title="bbox 265 1080 1278 1122; baseline 0.003 -12"><span class='ocrx_word' id='word_1_98' title='bbox 265 1080 394 1117; x_wconf 85' lang='lat' dir='ltr'>eadem,</span> <span class='ocrx_word' id='word_1_99' title='bbox 415 1080 512 1110; x_wconf 89' lang='lat' dir='ltr'>factis</span> <span class='ocrx_word' id='word_1_100' title='bbox 535 1080 607 1110; x_wconf 86' lang='lat' dir='ltr'>litis</span> <span class='ocrx_word' id='word_1_101' title='bbox 631 1080 935 1111; x_wconf 83' lang='lat' dir='ltr'>contestationibus</span> <span class='ocrx_word' id='word_1_102' title='bbox 952 1090 1054 1120; x_wconf 91' lang='lat' dir='ltr'>super</span> <span class='ocrx_word' id='word_1_103' title='bbox 1070 1082 1168 1121; x_wconf 89' lang='lat' dir='ltr'>ipsis,</span> <span class='ocrx_word' id='word_1_104' title='bbox 1186 1091 1278 1122; x_wconf 89' lang='lat' dir='ltr'>pres-</span> 
     </span>
     <span class='ocr_line' id='line_1_17' title="bbox 264 1133 1276 1174; baseline 0.004 -12"><span class='ocrx_word' id='word_1_105' title='bbox 264 1133 405 1172; x_wconf 88' lang='lat' dir='ltr'>titisque</span> <span class='ocrx_word' id='word_1_106' title='bbox 433 1133 473 1163; x_wconf 90' lang='lat' dir='ltr'>ab</span> <span class='ocrx_word' id='word_1_107' title='bbox 490 1133 617 1164; x_wconf 89' lang='lat' dir='ltr'>eisdem</span> <span class='ocrx_word' id='word_1_108' title='bbox 639 1133 794 1172; x_wconf 88' lang='lat' dir='ltr'>partibus</span> <span class='ocrx_word' id='word_1_109' title='bbox 811 1133 850 1164; x_wconf 92' lang='lat' dir='ltr'>de</span> <span class='ocrx_word' id='word_1_110' title='bbox 874 1135 1067 1174; x_wconf 85' lang='lat' dir='ltr'>calumpnia</span> <span class='ocrx_word' id='word_1_111' title='bbox 1085 1137 1117 1166; x_wconf 89' lang='lat' dir='ltr'>et</span> <span class='ocrx_word' id='word_1_112' title='bbox 1136 1136 1175 1166; x_wconf 92' lang='lat' dir='ltr'>de</span> <span class='ocrx_word' id='word_1_113' title='bbox 1193 1139 1276 1166; x_wconf 82' lang='lat' dir='ltr'>veri-</span> 
     </span>
     <span class='ocr_line' id='line_1_18' title="bbox 264 1186 1277 1227; baseline 0.003 -11"><span class='ocrx_word' id='word_1_114' title='bbox 264 1187 332 1217; x_wconf 90' lang='lat' dir='ltr'>tate</span> <span class='ocrx_word' id='word_1_115' title='bbox 355 1186 496 1217; x_wconf 89' lang='lat' dir='ltr'>dicenda</span> <span class='ocrx_word' id='word_1_116' title='bbox 517 1186 738 1225; x_wconf 81' lang='lat' dir='ltr'>corporaliter</span> <span class='ocrx_word' id='word_1_117' title='bbox 754 1187 969 1226; x_wconf 88' lang='lat' dir='ltr'>juramentis,</span> <span class='ocrx_word' id='word_1_118' title='bbox 990 1188 1178 1227; x_wconf 86' lang='lat' dir='ltr'>positiones</span> <span class='ocrx_word' id='word_1_119' title='bbox 1200 1188 1277 1220; x_wconf 89' lang='lat' dir='ltr'>hinc</span> 
     </span>
     <span class='ocr_line' id='line_1_19' title="bbox 265 1239 1276 1279; baseline 0.004 -10"><span class='ocrx_word' id='word_1_120' title='bbox 265 1239 343 1269; x_wconf 89' lang='lat' dir='ltr'>inde</span> <span class='ocrx_word' id='word_1_121' title='bbox 367 1241 399 1270; x_wconf 89' lang='lat' dir='ltr'>et</span> <span class='ocrx_word' id='word_1_122' title='bbox 427 1240 666 1279; x_wconf 85' lang='lat' dir='ltr'>responsiones</span> <span class='ocrx_word' id='word_1_123' title='bbox 690 1239 869 1271; x_wconf 88' lang='lat' dir='ltr'>subsecute</span> <span class='ocrx_word' id='word_1_124' title='bbox 895 1249 1025 1272; x_wconf 84' lang='lat' dir='ltr'>necnon</span> <span class='ocrx_word' id='word_1_125' title='bbox 1049 1242 1183 1272; x_wconf 84' lang='lat' dir='ltr'>articuli</span> <span class='ocrx_word' id='word_1_126' title='bbox 1206 1243 1276 1273; x_wconf 90' lang='lat' dir='ltr'>dati</span> 
     </span>
     <span class='ocr_line' id='line_1_20' title="bbox 265 1293 1274 1333; baseline 0.004 -11"><span class='ocrx_word' id='word_1_127' title='bbox 265 1293 481 1331; x_wconf 87' lang='lat' dir='ltr'>postmodum</span> <span class='ocrx_word' id='word_1_128' title='bbox 499 1293 694 1323; x_wconf 79' lang='lat' dir='ltr'>extiterunt.</span> <span class='ocrx_word' id='word_1_129' title='bbox 708 1293 839 1328; x_wconf 85' lang='lat' dir='ltr'>Quibus</span> <span class='ocrx_word' id='word_1_130' title='bbox 852 1293 967 1324; x_wconf 89' lang='lat' dir='ltr'>taliter</span> <span class='ocrx_word' id='word_1_131' title='bbox 981 1295 1141 1333; x_wconf 84' lang='lat' dir='ltr'>peractis,</span> <span class='ocrx_word' id='word_1_132' title='bbox 1158 1303 1274 1333; x_wconf 91' lang='lat' dir='ltr'>preno-</span> 
     </span>
     <span class='ocr_line' id='line_1_21' title="bbox 264 1345 1275 1386; baseline 0.005 -11"><span class='ocrx_word' id='word_1_133' title='bbox 264 1345 384 1376; x_wconf 84' lang='lat' dir='ltr'>minati</span> <span class='ocrx_word' id='word_1_134' title='bbox 400 1345 570 1376; x_wconf 75' lang='grc' dir='ltr'>ι1011311003</span> <span class='ocrx_word' id='word_1_135' title='bbox 587 1347 617 1376; x_wconf 91' lang='grc'>01</span> <span class='ocrx_word' id='word_1_136' title='bbox 634 1346 800 1376; x_wconf 82' lang='grc' dir='ltr'><strong>Ηο111“10113</strong></span> <span class='ocrx_word' id='word_1_137' title='bbox 821 1355 881 1385; x_wconf 90' lang='lat' dir='ltr'>pro</span> <span class='ocrx_word' id='word_1_138' title='bbox 900 1355 935 1377; x_wconf 90' lang='lat' dir='ltr'>se</span> <span class='ocrx_word' id='word_1_139' title='bbox 952 1347 1038 1386; x_wconf 88' lang='lat' dir='ltr'>ipsis</span> <span class='ocrx_word' id='word_1_140' title='bbox 1057 1356 1093 1378; x_wconf 87' lang='lat' dir='ltr'>ac</span> <span class='ocrx_word' id='word_1_141' title='bbox 1108 1348 1218 1379; x_wconf 89' lang='lat' dir='ltr'>Guido</span> <span class='ocrx_word' id='word_1_142' title='bbox 1235 1349 1275 1380; x_wconf 90' lang='lat' dir='ltr'>de</span> 
     </span>
     <span class='ocr_line' id='line_1_22' title="bbox 264 1398 1275 1437; baseline 0.003 -9"><span class='ocrx_word' id='word_1_143' title='bbox 264 1398 484 1437; x_wconf 88' lang='lat' dir='ltr'>Faucompre,</span> <span class='ocrx_word' id='word_1_144' title='bbox 498 1399 681 1429; x_wconf 83' lang='lat' dir='ltr'>monachus</span> <span class='ocrx_word' id='word_1_145' title='bbox 695 1401 725 1429; x_wconf 86' lang='lat' dir='ltr'>et</span> <span class='ocrx_word' id='word_1_146' title='bbox 735 1401 932 1437; x_wconf 87' lang='lat' dir='ltr'>procurator</span> <span class='ocrx_word' id='word_1_147' title='bbox 946 1403 1130 1431; x_wconf 83' lang='lat' dir='ltr'>conventus</span> <span class='ocrx_word' id='word_1_148' title='bbox 1142 1410 1275 1431; x_wconf 86' lang='lat' dir='ltr'>monas-</span> 
     </span>
     <span class='ocr_line' id='line_1_23' title="bbox 263 1451 1274 1491; baseline 0.004 -11"><span class='ocrx_word' id='word_1_149' title='bbox 263 1451 341 1480; x_wconf 89' lang='lat' dir='ltr'>terii</span> <span class='ocrx_word' id='word_1_150' title='bbox 367 1451 473 1481; x_wconf 87' lang='lat' dir='ltr'>sancti</span> <span class='ocrx_word' id='word_1_151' title='bbox 499 1451 632 1481; x_wconf 87' lang='lat' dir='ltr'>Nicolai</span> <span class='ocrx_word' id='word_1_152' title='bbox 658 1451 856 1489; x_wconf 79' lang='lat' dir='ltr'>supradicti,</span> <span class='ocrx_word' id='word_1_153' title='bbox 883 1461 901 1481; x_wconf 90' lang='lat' dir='ltr'>a</span> <span class='ocrx_word' id='word_1_154' title='bbox 930 1452 1052 1490; x_wconf 88' lang='lat' dir='ltr'>quibus</span> <span class='ocrx_word' id='word_1_155' title='bbox 1085 1461 1187 1491; x_wconf 85' lang='lat' dir='ltr'>super</span> <span class='ocrx_word' id='word_1_156' title='bbox 1215 1454 1274 1484; x_wconf 91' lang='lat' dir='ltr'>hoc</span> 
     </span>
     <span class='ocr_line' id='line_1_24' title="bbox 264 1504 1274 1543; baseline 0.003 -9"><span class='ocrx_word' id='word_1_157' title='bbox 264 1512 339 1534; x_wconf 88' lang='lat' dir='ltr'>cum</span> <span class='ocrx_word' id='word_1_158' title='bbox 371 1504 584 1542; x_wconf 83' lang='lat' dir='ltr'>suppletione</span> <span class='ocrx_word' id='word_1_159' title='bbox 611 1504 773 1540; x_wconf 77' lang='lat' dir='ltr'>defectus,</span> <span class='ocrx_word' id='word_1_160' title='bbox 805 1504 914 1543; x_wconf 90' lang='lat' dir='ltr'>siquis</span> <span class='ocrx_word' id='word_1_161' title='bbox 943 1507 1044 1542; x_wconf 83' lang='lat' dir='ltr'>esset,</span> <span class='ocrx_word' id='word_1_162' title='bbox 1076 1507 1274 1538; x_wconf 86' lang='lat' dir='ltr'>auctoritate</span> 
     </span>
     <span class='ocr_line' id='line_1_25' title="bbox 264 1557 1274 1595; baseline 0.004 -8"><span class='ocrx_word' id='word_1_163' title='bbox 264 1557 449 1595; x_wconf 86' lang='lat' dir='ltr'>apostolica</span> <span class='ocrx_word' id='word_1_164' title='bbox 477 1557 669 1593; x_wconf 84' lang='lat' dir='ltr'>subsecuta,</span> <span class='ocrx_word' id='word_1_165' title='bbox 702 1557 897 1588; x_wconf 90' lang='lat' dir='ltr'>mandatum</span> <span class='ocrx_word' id='word_1_166' title='bbox 928 1558 1071 1589; x_wconf 88' lang='lat' dir='ltr'>habebat</span> <span class='ocrx_word' id='word_1_167' title='bbox 1100 1560 1274 1591; x_wconf 85' lang='lat' dir='ltr'>sufficiens</span> 
     </span>
     <span class='ocr_line' id='line_1_26' title="bbox 262 1602 1274 1651; baseline 0.004 -11"><span class='ocrx_word' id='word_1_168' title='bbox 262 1618 321 1649; x_wconf 90' lang='lat' dir='ltr'>pro</span> <span class='ocrx_word' id='word_1_169' title='bbox 353 1610 480 1641; x_wconf 88' lang='lat' dir='ltr'>eisdem</span> <span class='ocrx_word' id='word_1_170' title='bbox 516 1610 604 1649; x_wconf 91' lang='lat' dir='ltr'>apud</span> <span class='ocrx_word' id='word_1_171' title='bbox 641 1607 755 1640; x_wconf 86' lang='lat' dir='ltr'>sedem</span> <span class='ocrx_word' id='word_1_172' title='bbox 792 1611 1013 1649; x_wconf 89' lang='lat' dir='ltr'>apostolicam</span> <span class='ocrx_word' id='word_1_173' title='bbox 1048 1602 1274 1651; x_wconf 83' lang='lat' dir='ltr'>personaliter</span> 
     </span>
     <span class='ocr_line' id='line_1_27' title="bbox 263 1663 1270 1705; baseline 0.005 -12"><span class='ocrx_word' id='word_1_174' title='bbox 263 1663 448 1700; x_wconf 89' lang='lat' dir='ltr'>constituti,</span> <span class='ocrx_word' id='word_1_175' title='bbox 468 1663 618 1694; x_wconf 85' lang='lat' dir='ltr'>volentes</span> <span class='ocrx_word' id='word_1_176' title='bbox 639 1663 747 1694; x_wconf 86' lang='lat' dir='ltr'>vitare</span> <span class='ocrx_word' id='word_1_177' title='bbox 768 1663 888 1702; x_wconf 80' lang='lat' dir='ltr'>litigia,</span> <span class='ocrx_word' id='word_1_178' title='bbox 913 1664 947 1694; x_wconf 95' lang='lat' dir='ltr'>in</span> <span class='ocrx_word' id='word_1_179' title='bbox 967 1673 1040 1700; x_wconf 80' lang='lat' dir='ltr'>nos.</span> <span class='ocrx_word' id='word_1_180' title='bbox 1065 1666 1270 1705; x_wconf 87' lang='lat' dir='ltr'>Ancherum,</span> 
     </span>
     <span class='ocr_line' id='line_1_28' title="bbox 262 1716 1273 1755; baseline 0.004 -8"><span class='ocrx_word' id='word_1_181' title='bbox 262 1716 481 1747; x_wconf 85' lang='lat' dir='ltr'>miseratione</span> <span class='ocrx_word' id='word_1_182' title='bbox 506 1717 620 1747; x_wconf 87' lang='lat' dir='ltr'>divina</span> <span class='ocrx_word' id='word_1_183' title='bbox 637 1717 728 1748; x_wconf 89' lang='lat' dir='ltr'>tituli</span> <span class='ocrx_word' id='word_1_184' title='bbox 747 1719 860 1748; x_wconf 87' lang='lat' dir='ltr'>sancte</span> <span class='ocrx_word' id='word_1_185' title='bbox 886 1718 1062 1755; x_wconf 80' lang='lat' dir='ltr'>praxedis,</span> <span class='ocrx_word' id='word_1_186' title='bbox 1085 1720 1273 1751; x_wconf 66' lang='grc'><strong>0161111101-</strong></span> 
     </span>
     <span class='ocr_line' id='line_1_29' title="bbox 262 1769 1271 1810; baseline 0.006 -11"><span class='ocrx_word' id='word_1_187' title='bbox 262 1778 355 1800; x_wconf 91' lang='lat' dir='ltr'>mum</span> <span class='ocrx_word' id='word_1_188' title='bbox 375 1770 563 1809; x_wconf 89' lang='lat' dir='ltr'>predictum</span> <span class='ocrx_word' id='word_1_189' title='bbox 580 1769 788 1808; x_wconf 82' lang='lat' dir='ltr'>presbiteros</span> <span class='ocrx_word' id='word_1_190' title='bbox 810 1771 1012 1808; x_wconf 83' lang='lat' dir='ltr'>cardinales,</span> <span class='ocrx_word' id='word_1_191' title='bbox 1030 1772 1096 1803; x_wconf 87' lang='lat' dir='ltr'>alte</span> <span class='ocrx_word' id='word_1_192' title='bbox 1113 1775 1144 1804; x_wconf 90' lang='lat' dir='ltr'>et</span> <span class='ocrx_word' id='word_1_193' title='bbox 1158 1773 1271 1810; x_wconf 83' lang='lat' dir='ltr'>basse,</span> 
     </span>
     <span class='ocr_line' id='line_1_30' title="bbox 263 1822 1273 1862; baseline 0.006 -10"><span class='ocrx_word' id='word_1_194' title='bbox 263 1824 381 1861; x_wconf 92' lang='lat' dir='ltr'>sponte</span> <span class='ocrx_word' id='word_1_195' title='bbox 397 1824 428 1853; x_wconf 90' lang='lat' dir='ltr'>et</span> <span class='ocrx_word' id='word_1_196' title='bbox 444 1822 562 1859; x_wconf 88' lang='lat' dir='ltr'>libere,</span> <span class='ocrx_word' id='word_1_197' title='bbox 580 1825 750 1862; x_wconf 83' lang='lat' dir='ltr'>tamquam</span> <span class='ocrx_word' id='word_1_198' title='bbox 769 1824 803 1853; x_wconf 92' lang='lat' dir='ltr'>in</span> <span class='ocrx_word' id='word_1_199' title='bbox 824 1823 984 1860; x_wconf 80' lang='lat' dir='ltr'>arbitros,</span> <span class='ocrx_word' id='word_1_200' title='bbox 1005 1825 1226 1858; x_wconf 90' lang='lat' dir='ltr'>arbitratores</span> <span class='ocrx_word' id='word_1_201' title='bbox 1242 1831 1273 1859; x_wconf 91' lang='lat' dir='ltr'>et</span> 
     </span>
     <span class='ocr_line' id='line_1_31' title="bbox 263 1875 1272 1918; baseline 0.007 -13"><span class='ocrx_word' id='word_1_202' title='bbox 263 1875 459 1906; x_wconf 82' lang='lat' dir='ltr'>amicabiles</span> <span class='ocrx_word' id='word_1_203' title='bbox 487 1876 742 1915; x_wconf 81' lang='lat' dir='ltr'>compositores,</span> <span class='ocrx_word' id='word_1_204' title='bbox 764 1885 866 1916; x_wconf 90' lang='lat' dir='ltr'>super</span> <span class='ocrx_word' id='word_1_205' title='bbox 897 1886 998 1908; x_wconf 85' lang='lat' dir='ltr'>causa</span> <span class='ocrx_word' id='word_1_206' title='bbox 1032 1880 1064 1909; x_wconf 89' lang='lat' dir='ltr'>et</span> <span class='ocrx_word' id='word_1_207' title='bbox 1095 1881 1272 1918; x_wconf 85' lang='lat' dir='ltr'>questione</span> 
     </span>
     <span class='ocr_line' id='line_1_32' title="bbox 262 1928 1272 1974; baseline 0.007 -16"><span class='ocrx_word' id='word_1_208' title='bbox 262 1928 455 1968; x_wconf 89' lang='lat' dir='ltr'>hujusmodi</span> <span class='ocrx_word' id='word_1_209' title='bbox 472 1930 745 1968; x_wconf 82' lang='lat' dir='ltr'>compromittere</span> <span class='ocrx_word' id='word_1_210' title='bbox 762 1932 975 1968; x_wconf 84' lang='lat' dir='ltr'>curaverunt,</span> <span class='ocrx_word' id='word_1_211' title='bbox 994 1933 1056 1962; x_wconf 88' lang='grc'><strong>010.</strong></span> <span class='ocrx_word' id='word_1_212' title='bbox 1073 1933 1144 1963; x_wconf 89' lang='lat' dir='ltr'>Nos</span> <span class='ocrx_word' id='word_1_213' title='bbox 1160 1934 1272 1974; x_wconf 86' lang='lat' dir='ltr'>itaque</span> 
     </span>
     <span class='ocr_line' id='line_1_33' title="bbox 263 1982 1271 2024; baseline 0.006 -12"><span class='ocrx_word' id='word_1_214' title='bbox 263 1982 463 2018; x_wconf 87' lang='lat' dir='ltr'>cardinales,</span> <span class='ocrx_word' id='word_1_215' title='bbox 495 1984 570 2017; x_wconf 89' lang='lat' dir='ltr'>etc.,</span> <span class='ocrx_word' id='word_1_216' title='bbox 597 1983 793 2019; x_wconf 87' lang='lat' dir='ltr'>ordinando,</span> <span class='ocrx_word' id='word_1_217' title='bbox 829 1985 1017 2020; x_wconf 82' lang='lat' dir='ltr'>statuendo,</span> <span class='ocrx_word' id='word_1_218' title='bbox 1053 1987 1271 2024; x_wconf 80' lang='lat' dir='ltr'>providendo,</span> 
     </span>
     <span class='ocr_line' id='line_1_34' title="bbox 262 2035 1272 2074; baseline 0.006 -9"><span class='ocrx_word' id='word_1_219' title='bbox 262 2035 465 2069; x_wconf 86' lang='lat' dir='ltr'>mandando,</span> <span class='ocrx_word' id='word_1_220' title='bbox 481 2035 708 2074; x_wconf 66' lang='lat' dir='ltr'>precipiendo,</span> <span class='ocrx_word' id='word_1_221' title='bbox 726 2035 920 2066; x_wconf 87' lang='lat' dir='ltr'>arbitrando</span> <span class='ocrx_word' id='word_1_222' title='bbox 948 2039 980 2067; x_wconf 91' lang='lat' dir='ltr'>et</span> <span class='ocrx_word' id='word_1_223' title='bbox 1006 2037 1203 2070; x_wconf 84' lang='lat' dir='ltr'>diffiniendo</span> <span class='ocrx_word' id='word_1_224' title='bbox 1232 2041 1272 2071; x_wconf 93' lang='grc'>(10</span> 
     </span>
     <span class='ocr_line' id='line_1_35' title="bbox 261 2088 1271 2128; baseline 0.006 -10"><span class='ocrx_word' id='word_1_225' title='bbox 261 2088 496 2127; x_wconf 88' lang='lat' dir='ltr'>prenominato</span> <span class='ocrx_word' id='word_1_226' title='bbox 505 2088 651 2118; x_wconf 79' lang='lat' dir='ltr'>Hem-ico</span> <span class='ocrx_word' id='word_1_227' title='bbox 662 2089 730 2127; x_wconf 84' lang='lat' dir='ltr'>qui,</span> <span class='ocrx_word' id='word_1_228' title='bbox 744 2090 776 2118; x_wconf 90' lang='lat' dir='ltr'>ut</span> <span class='ocrx_word' id='word_1_229' title='bbox 790 2090 995 2128; x_wconf 89' lang='lat' dir='ltr'>premissum</span> <span class='ocrx_word' id='word_1_230' title='bbox 1009 2093 1069 2125; x_wconf 78' lang='lat' dir='ltr'>est,</span> <span class='ocrx_word' id='word_1_231' title='bbox 1080 2095 1271 2124; x_wconf 82' lang='lat' dir='ltr'>aconventu</span> 
     </span>
     <span class='ocr_line' id='line_1_36' title="bbox 261 2141 1272 2183; baseline 0.006 -12"><span class='ocrx_word' id='word_1_232' title='bbox 261 2141 459 2172; x_wconf 86' lang='lat' dir='ltr'>monasterii</span> <span class='ocrx_word' id='word_1_233' title='bbox 480 2141 587 2171; x_wconf 76' lang='lat' dir='ltr'>sancti</span> <span class='ocrx_word' id='word_1_234' title='bbox 604 2142 733 2171; x_wconf 82' lang='lat' dir='ltr'>Nicolai</span> <span class='ocrx_word' id='word_1_235' title='bbox 756 2143 940 2181; x_wconf 84' lang='lat' dir='ltr'>supradicti</span> <span class='ocrx_word' id='word_1_236' title='bbox 960 2143 993 2173; x_wconf 93' lang='lat' dir='ltr'>in</span> <span class='ocrx_word' id='word_1_237' title='bbox 1014 2143 1168 2175; x_wconf 83' lang='lat' dir='ltr'>abbatem</span> <span class='ocrx_word' id='word_1_238' title='bbox 1185 2147 1272 2183; x_wconf 81' lang='lat' dir='ltr'>ejus-</span> 
     </span>
     <span class='ocr_line' id='line_1_37' title="bbox 262 2194 1271 2232; baseline 0.007 -9"><span class='ocrx_word' id='word_1_239' title='bbox 262 2194 337 2224; x_wconf 90' lang='lat' dir='ltr'>dem</span> <span class='ocrx_word' id='word_1_240' title='bbox 355 2194 551 2224; x_wconf 87' lang='lat' dir='ltr'>monasterii</span> <span class='ocrx_word' id='word_1_241' title='bbox 568 2195 773 2225; x_wconf 86' lang='lat' dir='ltr'>unanimiter</span> <span class='ocrx_word' id='word_1_242' title='bbox 791 2197 841 2225; x_wconf 88' lang='lat' dir='ltr'>est</span> <span class='ocrx_word' id='word_1_243' title='bbox 857 2195 994 2232; x_wconf 82' lang='lat' dir='ltr'>electus,</span> <span class='ocrx_word' id='word_1_244' title='bbox 1014 2197 1123 2228; x_wconf 87' lang='lat' dir='ltr'>eidem</span> <span class='ocrx_word' id='word_1_245' title='bbox 1140 2207 1271 2230; x_wconf 88' lang='lat' dir='ltr'>monas-</span> 
     </span>
     <span class='ocr_line' id='line_1_38' title="bbox 259 2247 1269 2288; baseline 0.006 -11"><span class='ocrx_word' id='word_1_246' title='bbox 259 2247 344 2278; x_wconf 90' lang='lat' dir='ltr'>terio</span> <span class='ocrx_word' id='word_1_247' title='bbox 366 2247 473 2278; x_wconf 84' lang='lat' dir='ltr'>sancti</span> <span class='ocrx_word' id='word_1_248' title='bbox 497 2247 627 2278; x_wconf 86' lang='lat' dir='ltr'>Nicolai</span> <span class='ocrx_word' id='word_1_249' title='bbox 648 2248 866 2286; x_wconf 85' lang='lat' dir='ltr'>providemus</span> <span class='ocrx_word' id='word_1_250' title='bbox 887 2257 923 2279; x_wconf 89' lang='lat' dir='ltr'>ac</span> <span class='ocrx_word' id='word_1_251' title='bbox 940 2249 1052 2288; x_wconf 90' lang='lat' dir='ltr'>ipsum</span> <span class='ocrx_word' id='word_1_252' title='bbox 1071 2251 1180 2282; x_wconf 89' lang='lat' dir='ltr'>eidem</span> <span class='ocrx_word' id='word_1_253' title='bbox 1201 2261 1269 2283; x_wconf 86' lang='lat' dir='ltr'>mo-</span> 
     </span>
     <span class='ocr_line' id='line_1_39' title="bbox 259 2300 1269 2344; baseline 0.006 -14"><span class='ocrx_word' id='word_1_254' title='bbox 259 2301 407 2331; x_wconf 89' lang='lat' dir='ltr'>nasterio</span> <span class='ocrx_word' id='word_1_255' title='bbox 431 2301 624 2339; x_wconf 86' lang='lat' dir='ltr'>preficimus</span> <span class='ocrx_word' id='word_1_256' title='bbox 646 2301 679 2330; x_wconf 91' lang='lat' dir='ltr'>in</span> <span class='ocrx_word' id='word_1_257' title='bbox 705 2300 871 2338; x_wconf 83' lang='lat' dir='ltr'>abbatem,</span> <span class='ocrx_word' id='word_1_258' title='bbox 890 2303 1088 2333; x_wconf 88' lang='lat' dir='ltr'>mandantes</span> <span class='ocrx_word' id='word_1_259' title='bbox 1108 2306 1140 2334; x_wconf 90' lang='lat' dir='ltr'>et</span> <span class='ocrx_word' id='word_1_260' title='bbox 1163 2306 1269 2344; x_wconf 89' lang='lat' dir='ltr'>preci-</span> 
     </span>
     <span class='ocr_line' id='line_1_40' title="bbox 257 2353 1268 2397; baseline 0.006 -14"><span class='ocrx_word' id='word_1_261' title='bbox 257 2353 389 2392; x_wconf 87' lang='lat' dir='ltr'>pientes</span> <span class='ocrx_word' id='word_1_262' title='bbox 417 2354 506 2393; x_wconf 90' lang='lat' dir='ltr'>quod</span> <span class='ocrx_word' id='word_1_263' title='bbox 535 2354 644 2393; x_wconf 91' lang='lat' dir='ltr'>ipsius</span> <span class='ocrx_word' id='word_1_264' title='bbox 667 2355 863 2385; x_wconf 88' lang='lat' dir='ltr'>monasterii</span> <span class='ocrx_word' id='word_1_265' title='bbox 887 2357 918 2386; x_wconf 91' lang='lat' dir='ltr'>et</span> <span class='ocrx_word' id='word_1_266' title='bbox 943 2356 1173 2388; x_wconf 86' lang='lat' dir='ltr'>membrorum</span> <span class='ocrx_word' id='word_1_267' title='bbox 1195 2359 1268 2397; x_wconf 78' lang='lat' dir='ltr'>ejiis</span> 
     </span>
     <span class='ocr_line' id='line_1_41' title="bbox 257 2406 1267 2451; baseline 0.006 -14"><span class='ocrx_word' id='word_1_268' title='bbox 257 2406 411 2437; x_wconf 89' lang='lat' dir='ltr'>monachi</span> <span class='ocrx_word' id='word_1_269' title='bbox 428 2407 535 2438; x_wconf 88' lang='lat' dir='ltr'>eidem</span> <span class='ocrx_word' id='word_1_270' title='bbox 555 2407 700 2438; x_wconf 81' lang='lat' dir='ltr'>Hem-ico</span> <span class='ocrx_word' id='word_1_271' title='bbox 717 2409 892 2447; x_wconf 85' lang='lat' dir='ltr'>tamquam</span> <span class='ocrx_word' id='word_1_272' title='bbox 909 2408 1021 2440; x_wconf 87' lang='lat' dir='ltr'>abbati</span> <span class='ocrx_word' id='word_1_273' title='bbox 1040 2418 1101 2441; x_wconf 92' lang='lat' dir='ltr'>suo</span> <span class='ocrx_word' id='word_1_274' title='bbox 1116 2411 1151 2441; x_wconf 91' lang='lat' dir='ltr'>in</span> <span class='ocrx_word' id='word_1_275' title='bbox 1169 2412 1267 2451; x_wconf 90' lang='lat' dir='ltr'>spiri-</span> 
     </span>
     <span class='ocr_line' id='line_1_42' title="bbox 256 2460 1267 2503; baseline 0.006 -13"><span class='ocrx_word' id='word_1_276' title='bbox 256 2460 406 2491; x_wconf 86' lang='lat' dir='ltr'>tualibus</span> <span class='ocrx_word' id='word_1_277' title='bbox 420 2462 451 2491; x_wconf 90' lang='lat' dir='ltr'>et</span> <span class='ocrx_word' id='word_1_278' title='bbox 464 2461 710 2500; x_wconf 87' lang='lat' dir='ltr'>temporalibus</span> <span class='ocrx_word' id='word_1_279' title='bbox 724 2461 881 2492; x_wconf 85' lang='lat' dir='ltr'>obediant</span> <span class='ocrx_word' id='word_1_280' title='bbox 891 2463 922 2492; x_wconf 91' lang='lat' dir='ltr'>et</span> <span class='ocrx_word' id='word_1_281' title='bbox 934 2463 1110 2494; x_wconf 89' lang='lat' dir='ltr'>intendant</span> <span class='ocrx_word' id='word_1_282' title='bbox 1117 2474 1126 2500; x_wconf 82' lang='lat'>;</span> <span class='ocrx_word' id='word_1_283' title='bbox 1137 2465 1267 2503; x_wconf 83' lang='lat' dir='ltr'>prefato</span> 
     </span>
     <span class='ocr_line' id='line_1_43' title="bbox 255 2513 1267 2555; baseline 0.007 -12"><span class='ocrx_word' id='word_1_284' title='bbox 255 2513 399 2544; x_wconf 65' lang='lat' dir='ltr'>,Iohanni</span> <span class='ocrx_word' id='word_1_285' title='bbox 425 2514 464 2544; x_wconf 90' lang='lat' dir='ltr'>de</span> <span class='ocrx_word' id='word_1_286' title='bbox 491 2523 568 2553; x_wconf 82' lang='lat' dir='ltr'>quo,</span> <span class='ocrx_word' id='word_1_287' title='bbox 593 2516 628 2545; x_wconf 90' lang='lat' dir='ltr'>ut</span> <span class='ocrx_word' id='word_1_288' title='bbox 654 2515 844 2554; x_wconf 88' lang='lat' dir='ltr'>predictum</span> <span class='ocrx_word' id='word_1_289' title='bbox 868 2517 930 2553; x_wconf 88' lang='lat' dir='ltr'>est,</span> <span class='ocrx_word' id='word_1_290' title='bbox 952 2517 1129 2555; x_wconf 85' lang='lat' dir='ltr'>provisum</span> <span class='ocrx_word' id='word_1_291' title='bbox 1153 2519 1267 2551; x_wconf 81' lang='lat' dir='ltr'>extitit</span> 
     </span>
     <span class='ocr_line' id='line_1_44' title="bbox 255 2567 1267 2611; baseline 0.006 -14"><span class='ocrx_word' id='word_1_292' title='bbox 255 2567 462 2598; x_wconf 88' lang='lat' dir='ltr'>monasterio</span> <span class='ocrx_word' id='word_1_293' title='bbox 477 2568 654 2604; x_wconf 88' lang='lat' dir='ltr'>antedicto,</span> <span class='ocrx_word' id='word_1_294' title='bbox 671 2577 773 2607; x_wconf 91' lang='lat' dir='ltr'>super</span> <span class='ocrx_word' id='word_1_295' title='bbox 785 2569 902 2599; x_wconf 88' lang='lat' dir='ltr'>eodem</span> <span class='ocrx_word' id='word_1_296' title='bbox 920 2571 1127 2601; x_wconf 89' lang='lat' dir='ltr'>monasterio</span> <span class='ocrx_word' id='word_1_297' title='bbox 1144 2573 1175 2602; x_wconf 91' lang='lat' dir='ltr'>et</span> <span class='ocrx_word' id='word_1_298' title='bbox 1194 2572 1267 2611; x_wconf 90' lang='lat' dir='ltr'>ejus</span> 
     </span>
     <span class='ocr_line' id='line_1_45' title="bbox 256 2620 851 2661; baseline 0.003 -11"><span class='ocrx_word' id='word_1_299' title='bbox 256 2620 419 2660; x_wconf 84' lang='lat' dir='ltr'>regimine</span> <span class='ocrx_word' id='word_1_300' title='bbox 436 2621 610 2652; x_wconf 88' lang='lat' dir='ltr'>silentium</span> <span class='ocrx_word' id='word_1_301' title='bbox 628 2621 851 2661; x_wconf 89' lang='lat' dir='ltr'>imponentes.</span> 
     </span>
    </p>

    <p class='ocr_par' dir='ltr' id='par_1_3' title="bbox 255 2673 1266 2768">
     <span class='ocr_line' id='line_1_46' title="bbox 297 2673 1266 2714; baseline 0.006 -11"><span class='ocrx_word' id='word_1_302' title='bbox 297 2685 311 2700; x_wconf 90' lang='lat'>«</span> <span class='ocrx_word' id='word_1_303' title='bbox 329 2673 413 2704; x_wconf 90' lang='lat' dir='ltr'>Item</span> <span class='ocrx_word' id='word_1_304' title='bbox 432 2674 639 2710; x_wconf 78' lang='lat' dir='ltr'>ordinamuS,</span> <span class='ocrx_word' id='word_1_305' title='bbox 659 2676 734 2710; x_wconf 69' lang='grc'><strong>010,</strong></span> <span class='ocrx_word' id='word_1_306' title='bbox 751 2675 840 2714; x_wconf 87' lang='lat' dir='ltr'>quod</span> <span class='ocrx_word' id='word_1_307' title='bbox 865 2678 1074 2707; x_wconf 89' lang='lat' dir='ltr'>memoratus</span> <span class='ocrx_word' id='word_1_308' title='bbox 1094 2678 1266 2710; x_wconf 84' lang='lat' dir='ltr'>Johannes</span> 
     </span>
     <span class='ocr_line' id='line_1_47' title="bbox 255 2726 1266 2768; baseline 0.005 -11"><span class='ocrx_word' id='word_1_309' title='bbox 255 2726 391 2757; x_wconf 87' lang='lat' dir='ltr'>domum</span> <span class='ocrx_word' id='word_1_310' title='bbox 420 2728 491 2758; x_wconf 89' lang='lat' dir='ltr'>sive</span> <span class='ocrx_word' id='word_1_311' title='bbox 520 2730 648 2758; x_wconf 88' lang='lat' dir='ltr'>curtem</span> <span class='ocrx_word' id='word_1_312' title='bbox 677 2729 717 2758; x_wconf 87' lang='lat' dir='ltr'>de</span> <span class='ocrx_word' id='word_1_313' title='bbox 745 2728 908 2768; x_wconf 73' lang='lat' dir='ltr'>Choegni,</span> <span class='ocrx_word' id='word_1_314' title='bbox 934 2730 1171 2761; x_wconf 87' lang='lat' dir='ltr'>Laudunensis</span> <span class='ocrx_word' id='word_1_315' title='bbox 1198 2732 1266 2762; x_wconf 79' lang='lat' dir='ltr'>dio-</span> 
     </span>
    </p>
   </div>
   <div class='ocr_carea' id='block_1_3' title="bbox 255 2780 2342 2875">
    <p class='ocr_par' dir='ltr' id='par_1_4' title="bbox 255 2780 2342 2875">
     <span class='ocr_line' id='line_1_48' title="bbox 255 2780 1298 2823; baseline 0.006 -14"><span class='ocrx_word' id='word_1_316' title='bbox 255 2780 353 2815; x_wconf 89' lang='lat' dir='ltr'>cesis,</span> <span class='ocrx_word' id='word_1_317' title='bbox 371 2781 412 2811; x_wconf 87' lang='lat' dir='ltr'>ad</span> <span class='ocrx_word' id='word_1_318' title='bbox 429 2781 554 2811; x_wconf 90' lang='lat' dir='ltr'>dictum</span> <span class='ocrx_word' id='word_1_319' title='bbox 573 2782 815 2812; x_wconf 86' lang='lat' dir='ltr'>monasterium</span> <span class='ocrx_word' id='word_1_320' title='bbox 832 2782 933 2821; x_wconf 89' lang='lat' dir='ltr'>pleno</span> <span class='ocrx_word' id='word_1_321' title='bbox 948 2783 1023 2821; x_wconf 90' lang='lat' dir='ltr'>jure</span> <span class='ocrx_word' id='word_1_322' title='bbox 1043 2786 1262 2822; x_wconf 82' lang='lat' dir='ltr'>spectantem,</span> <span class='ocrx_word' id='word_1_323' title='bbox 1296 2800 1298 2823; x_wconf 69' lang='lat'><em>5</em></span> 
     </span>
     <span class='ocr_line' id='line_1_49' title="bbox 1296 2836 2342 2875; baseline 0.001 -6"><span class='ocrx_word' id='word_1_324' title='bbox 1296 2836 1297 2841; x_wconf 73' lang='grc'>’</span> <span class='ocrx_word' id='word_1_325' title='bbox 1326 2840 1497 2870; x_wconf 87' lang='lat' dir='ltr'>contracta</span> <span class='ocrx_word' id='word_1_326' title='bbox 1513 2841 1543 2870; x_wconf 88' lang='lat' dir='ltr'>et</span> <span class='ocrx_word' id='word_1_327' title='bbox 1560 2839 1697 2870; x_wconf 87' lang='lat' dir='ltr'>interim</span> <span class='ocrx_word' id='word_1_328' title='bbox 1714 2848 1756 2870; x_wconf 80' lang='lat' dir='ltr'>ex</span> <span class='ocrx_word' id='word_1_329' title='bbox 1771 2847 1872 2870; x_wconf 86' lang='lat' dir='ltr'>causa</span> <span class='ocrx_word' id='word_1_330' title='bbox 1889 2838 2085 2870; x_wconf 83' lang='lat' dir='ltr'>rationabili</span> <span class='ocrx_word' id='word_1_331' title='bbox 2103 2838 2342 2875; x_wconf 77' lang='lat' dir='ltr'>contrahenda,</span> 
     </span>
    </p>
   </div>
   <div class='ocr_carea' id='block_1_4' title="bbox 253 2833 1264 2982">
    <p class='ocr_par' dir='ltr' id='par_1_5' title="bbox 253 2833 1264 2982">
     <span class='ocr_line' id='line_1_50' title="bbox 254 2833 1264 2875; baseline 0.006 -13"><span class='ocrx_word' id='word_1_332' title='bbox 254 2840 329 2862; x_wconf 79' lang='lat' dir='ltr'>cum</span> <span class='ocrx_word' id='word_1_333' title='bbox 367 2833 524 2864; x_wconf 91' lang='lat' dir='ltr'>omnibus</span> <span class='ocrx_word' id='word_1_334' title='bbox 552 2833 704 2872; x_wconf 87' lang='lat' dir='ltr'>juribus,</span> <span class='ocrx_word' id='word_1_335' title='bbox 740 2835 956 2873; x_wconf 88' lang='lat' dir='ltr'>pertinentiis</span> <span class='ocrx_word' id='word_1_336' title='bbox 991 2837 1022 2866; x_wconf 89' lang='lat' dir='ltr'>et</span> <span class='ocrx_word' id='word_1_337' title='bbox 1058 2838 1264 2875; x_wconf 87' lang='lat' dir='ltr'>appenditiis</span> 
     </span>
     <span class='ocr_line' id='line_1_51' title="bbox 254 2885 1264 2928; baseline 0.006 -13"><span class='ocrx_word' id='word_1_338' title='bbox 254 2885 342 2923; x_wconf 85' lang='lat' dir='ltr'>suis,</span> <span class='ocrx_word' id='word_1_339' title='bbox 376 2886 524 2925; x_wconf 90' lang='lat' dir='ltr'>quandiu</span> <span class='ocrx_word' id='word_1_340' title='bbox 553 2887 694 2925; x_wconf 83' lang='lat' dir='ltr'>vixerit,</span> <span class='ocrx_word' id='word_1_341' title='bbox 722 2887 859 2924; x_wconf 86' lang='lat' dir='ltr'>habeat,</span> <span class='ocrx_word' id='word_1_342' title='bbox 888 2889 1000 2919; x_wconf 89' lang='lat' dir='ltr'>teneat</span> <span class='ocrx_word' id='word_1_343' title='bbox 1029 2890 1060 2919; x_wconf 87' lang='lat' dir='ltr'>et</span> <span class='ocrx_word' id='word_1_344' title='bbox 1091 2890 1264 2928; x_wconf 83' lang='lat' dir='ltr'>possideat</span> 
     </span>
     <span class='ocr_line' id='line_1_52' title="bbox 253 2938 1263 2982; baseline 0.005 -13"><span class='ocrx_word' id='word_1_345' title='bbox 253 2938 390 2976; x_wconf 80' lang='lat' dir='ltr'>pacifice</span> <span class='ocrx_word' id='word_1_346' title='bbox 407 2942 438 2970; x_wconf 89' lang='lat' dir='ltr'>et</span> <span class='ocrx_word' id='word_1_347' title='bbox 453 2940 583 2979; x_wconf 83' lang='lat' dir='ltr'>quiete;</span> <span class='ocrx_word' id='word_1_348' title='bbox 603 2940 643 2970; x_wconf 89' lang='lat' dir='ltr'>de</span> <span class='ocrx_word' id='word_1_349' title='bbox 661 2940 785 2979; x_wconf 83' lang='lat' dir='ltr'>quibus</span> <span class='ocrx_word' id='word_1_350' title='bbox 798 2941 897 2972; x_wconf 90' lang='lat' dir='ltr'>domo</span> <span class='ocrx_word' id='word_1_351' title='bbox 912 2941 983 2972; x_wconf 87' lang='lat' dir='ltr'>sive</span> <span class='ocrx_word' id='word_1_352' title='bbox 999 2943 1263 2982; x_wconf 87' lang='lat' dir='ltr'>curte,juribus,</span> 
     </span>
    </p>
   </div>
   <div class='ocr_carea' id='block_1_5' title="bbox 1304 354 1321 1598">
    <p class='ocr_par' dir='ltr' id='par_1_6' title="bbox 1304 354 1321 1598">
     <span class='ocr_line' id='line_1_53' title="bbox 1304 354 1321 1598; baseline 0 0"><span class='ocrx_word' id='word_1_353' title='bbox 1304 354 1321 1598; x_wconf 95' lang='lat' dir='ltr'> </span> 
     </span>
    </p>
   </div>
   <div class='ocr_carea' id='block_1_6' title="bbox 1299 1751 1308 2668">
    <p class='ocr_par' dir='ltr' id='par_1_7' title="bbox 1299 1751 1308 2668">
     <span class='ocr_line' id='line_1_54' title="bbox 1299 1751 1308 2668; baseline 0 0"><span class='ocrx_word' id='word_1_354' title='bbox 1299 1751 1308 2668; x_wconf 95' lang='lat' dir='ltr'> </span> 
     </span>
    </p>
   </div>
   <div class='ocr_carea' id='block_1_7' title="bbox 1027 257 1604 289">
    <p class='ocr_par' dir='ltr' id='par_1_8' title="bbox 1027 257 1604 289">
     <span class='ocr_line' id='line_1_55' title="bbox 1027 257 1604 289; baseline 0.003 -2"><span class='ocrx_word' id='word_1_355' title='bbox 1027 257 1273 288; x_wconf 83' lang='lat' dir='ltr'>REGISTRES</span> <span class='ocrx_word' id='word_1_356' title='bbox 1301 257 1517 289; x_wconf 79' lang='lat' dir='ltr'>D&#39;URBAIN</span> <span class='ocrx_word' id='word_1_357' title='bbox 1546 258 1604 289; x_wconf 91' lang='lat' dir='ltr'>IV.</span> 
     </span>
    </p>
   </div>
   <div class='ocr_carea' id='block_1_8' title="bbox 1331 340 2360 2292">
    <p class='ocr_par' dir='ltr' id='par_1_9' title="bbox 1331 340 2360 2292">
     <span class='ocr_line' id='line_1_56' title="bbox 1348 340 2358 383; baseline 0.006 -14"><span class='ocrx_word' id='word_1_358' title='bbox 1348 340 1564 378; x_wconf 88' lang='lat' dir='ltr'>pertinentiis</span> <span class='ocrx_word' id='word_1_359' title='bbox 1589 342 1619 371; x_wconf 89' lang='lat' dir='ltr'>et</span> <span class='ocrx_word' id='word_1_360' title='bbox 1647 341 1853 380; x_wconf 86' lang='lat' dir='ltr'>appenditiis</span> <span class='ocrx_word' id='word_1_361' title='bbox 1874 343 1958 379; x_wconf 83' lang='lat' dir='ltr'>suis,</span> <span class='ocrx_word' id='word_1_362' title='bbox 1988 342 2051 372; x_wconf 87' lang='lat' dir='ltr'>sub</span> <span class='ocrx_word' id='word_1_363' title='bbox 2072 343 2178 374; x_wconf 78' lang='lat' dir='ltr'>forma</span> <span class='ocrx_word' id='word_1_364' title='bbox 2197 344 2358 383; x_wconf 88' lang='lat' dir='ltr'>predicta,</span> 
     </span>
     <span class='ocr_line' id='line_1_57' title="bbox 1348 393 2360 434; baseline 0.006 -12"><span class='ocrx_word' id='word_1_365' title='bbox 1348 393 1458 423; x_wconf 91' lang='lat' dir='ltr'>eidem</span> <span class='ocrx_word' id='word_1_366' title='bbox 1487 393 1633 424; x_wconf 87' lang='lat' dir='ltr'>Johanni</span> <span class='ocrx_word' id='word_1_367' title='bbox 1667 395 1867 426; x_wconf 88' lang='lat' dir='ltr'>auctoritate</span> <span class='ocrx_word' id='word_1_368' title='bbox 1899 396 2084 434; x_wconf 76' lang='lat' dir='ltr'>apostolica</span> <span class='ocrx_word' id='word_1_369' title='bbox 2113 400 2145 426; x_wconf 90' lang='lat' dir='ltr'>et</span> <span class='ocrx_word' id='word_1_370' title='bbox 2179 397 2360 429; x_wconf 87' lang='lat' dir='ltr'>arbitraria</span> 
     </span>
     <span class='ocr_line' id='line_1_58' title="bbox 1347 446 2359 487; baseline 0.006 -12"><span class='ocrx_word' id='word_1_371' title='bbox 1347 446 1577 484; x_wconf 82' lang='lat' dir='ltr'>providemus,</span> <span class='ocrx_word' id='word_1_372' title='bbox 1606 447 1651 478; x_wconf 88' lang='lat' dir='ltr'>ita</span> <span class='ocrx_word' id='word_1_373' title='bbox 1680 449 1793 478; x_wconf 90' lang='lat' dir='ltr'>tamen</span> <span class='ocrx_word' id='word_1_374' title='bbox 1821 448 1910 487; x_wconf 85' lang='lat' dir='ltr'>quod</span> <span class='ocrx_word' id='word_1_375' title='bbox 1938 456 1996 487; x_wconf 89' lang='lat' dir='ltr'>per</span> <span class='ocrx_word' id='word_1_376' title='bbox 2025 448 2085 479; x_wconf 89' lang='grc' dir='ltr'>11οο</span> <span class='ocrx_word' id='word_1_377' title='bbox 2113 449 2165 479; x_wconf 75' lang='lat' dir='ltr'>vel</span> <span class='ocrx_word' id='word_1_378' title='bbox 2192 450 2234 480; x_wconf 89' lang='lat' dir='ltr'>ob</span> <span class='ocrx_word' id='word_1_379' title='bbox 2256 450 2359 481; x_wconf 88' lang='lat' dir='ltr'>aliam</span> 
     </span>
     <span class='ocr_line' id='line_1_59' title="bbox 1346 499 2358 536; baseline 0.005 -8"><span class='ocrx_word' id='word_1_380' title='bbox 1346 506 1482 529; x_wconf 88' lang='lat' dir='ltr'>causam</span> <span class='ocrx_word' id='word_1_381' title='bbox 1510 499 1747 530; x_wconf 87' lang='lat' dir='ltr'>monachatum</span> <span class='ocrx_word' id='word_1_382' title='bbox 1769 501 1803 531; x_wconf 90' lang='lat' dir='ltr'>in</span> <span class='ocrx_word' id='word_1_383' title='bbox 1829 501 1918 532; x_wconf 88' lang='lat' dir='ltr'>dicto</span> <span class='ocrx_word' id='word_1_384' title='bbox 1946 503 2164 536; x_wconf 73' lang='lat' dir='ltr'>monasterio,</span> <span class='ocrx_word' id='word_1_385' title='bbox 2187 511 2302 534; x_wconf 85' lang='lat' dir='ltr'>vocem</span> <span class='ocrx_word' id='word_1_386' title='bbox 2324 504 2358 534; x_wconf 91' lang='lat' dir='ltr'>in</span> 
     </span>
     <span class='ocr_line' id='line_1_60' title="bbox 1345 551 2359 587; baseline 0.005 -6"><span class='ocrx_word' id='word_1_387' title='bbox 1345 551 1508 583; x_wconf 84' lang='lat' dir='ltr'>electione</span> <span class='ocrx_word' id='word_1_388' title='bbox 1541 552 1673 583; x_wconf 89' lang='lat' dir='ltr'>abbatis</span> <span class='ocrx_word' id='word_1_389' title='bbox 1710 553 1799 584; x_wconf 91' lang='lat' dir='ltr'>idem</span> <span class='ocrx_word' id='word_1_390' title='bbox 1835 554 2006 584; x_wconf 60' lang='lat' dir='ltr'>,Iohannes</span> <span class='ocrx_word' id='word_1_391' title='bbox 2041 563 2104 585; x_wconf 84' lang='lat' dir='ltr'>non</span> <span class='ocrx_word' id='word_1_392' title='bbox 2140 555 2260 586; x_wconf 88' lang='lat' dir='ltr'>habeat</span> <span class='ocrx_word' id='word_1_393' title='bbox 2297 564 2359 587; x_wconf 88' lang='lat' dir='ltr'>nec</span> 
     </span>
     <span class='ocr_line' id='line_1_61' title="bbox 1344 604 2358 645; baseline 0.006 -11"><span class='ocrx_word' id='word_1_394' title='bbox 1344 604 1503 636; x_wconf 86' lang='lat' dir='ltr'>reclamet</span> <span class='ocrx_word' id='word_1_395' title='bbox 1533 608 1588 636; x_wconf 86' lang='lat' dir='ltr'>aut</span> <span class='ocrx_word' id='word_1_396' title='bbox 1616 606 1658 636; x_wconf 87' lang='lat' dir='ltr'>ad</span> <span class='ocrx_word' id='word_1_397' title='bbox 1687 606 1820 645; x_wconf 86' lang='lat' dir='ltr'>aliquos</span> <span class='ocrx_word' id='word_1_398' title='bbox 1849 608 2044 637; x_wconf 81' lang='lat' dir='ltr'>eorumdem</span> <span class='ocrx_word' id='word_1_399' title='bbox 2075 607 2206 638; x_wconf 83' lang='lat' dir='ltr'>abbatis</span> <span class='ocrx_word' id='word_1_400' title='bbox 2231 610 2262 639; x_wconf 90' lang='lat' dir='ltr'>et</span> <span class='ocrx_word' id='word_1_401' title='bbox 2285 617 2358 640; x_wconf 90' lang='lat' dir='ltr'>con-</span> 
     </span>
     <span class='ocr_line' id='line_1_62' title="bbox 1344 659 2355 699; baseline 0.005 -11"><span class='ocrx_word' id='word_1_402' title='bbox 1344 660 1465 688; x_wconf 82' lang='lat' dir='ltr'>ventus</span> <span class='ocrx_word' id='word_1_403' title='bbox 1491 660 1655 689; x_wconf 86' lang='lat' dir='ltr'>tractatus</span> <span class='ocrx_word' id='word_1_404' title='bbox 1680 659 1732 689; x_wconf 77' lang='lat' dir='ltr'>vel</span> <span class='ocrx_word' id='word_1_405' title='bbox 1759 660 1892 699; x_wconf 87' lang='lat' dir='ltr'>negotia</span> <span class='ocrx_word' id='word_1_406' title='bbox 1922 660 2118 691; x_wconf 81' lang='lat' dir='ltr'>nullatenus</span> <span class='ocrx_word' id='word_1_407' title='bbox 2145 661 2355 697; x_wconf 81' lang='lat' dir='ltr'>admittatur,</span> 
     </span>
     <span class='ocr_line' id='line_1_63' title="bbox 1343 711 2357 753; baseline 0.005 -12"><span class='ocrx_word' id='word_1_408' title='bbox 1343 719 1402 741; x_wconf 91' lang='lat' dir='ltr'>nec</span> <span class='ocrx_word' id='word_1_409' title='bbox 1427 711 1529 741; x_wconf 88' lang='lat' dir='ltr'>etiam</span> <span class='ocrx_word' id='word_1_410' title='bbox 1546 711 1579 741; x_wconf 93' lang='lat' dir='ltr'>in</span> <span class='ocrx_word' id='word_1_411' title='bbox 1604 711 1680 742; x_wconf 87' lang='lat' dir='ltr'>istis</span> <span class='ocrx_word' id='word_1_412' title='bbox 1705 715 1759 743; x_wconf 87' lang='lat' dir='ltr'>aut</span> <span class='ocrx_word' id='word_1_413' title='bbox 1784 713 1818 742; x_wconf 91' lang='lat' dir='ltr'>in</span> <span class='ocrx_word' id='word_1_414' title='bbox 1837 713 1951 752; x_wconf 84' lang='lat' dir='ltr'>aliquo</span> <span class='ocrx_word' id='word_1_415' title='bbox 1970 714 2048 749; x_wconf 68' lang='lat' dir='ltr'>alio,</span> <span class='ocrx_word' id='word_1_416' title='bbox 2074 717 2186 752; x_wconf 82' lang='lat' dir='ltr'>preter</span> <span class='ocrx_word' id='word_1_417' title='bbox 2204 723 2306 753; x_wconf 86' lang='lat' dir='ltr'>quam</span> <span class='ocrx_word' id='word_1_418' title='bbox 2322 716 2357 746; x_wconf 92' lang='lat' dir='ltr'>in</span> 
     </span>
     <span class='ocr_line' id='line_1_64' title="bbox 1341 764 2356 805; baseline 0.007 -12"><span class='ocrx_word' id='word_1_419' title='bbox 1341 764 1440 794; x_wconf 89' lang='lat' dir='ltr'>domo</span> <span class='ocrx_word' id='word_1_420' title='bbox 1459 765 1531 795; x_wconf 84' lang='lat' dir='ltr'>sive</span> <span class='ocrx_word' id='word_1_421' title='bbox 1544 766 1636 795; x_wconf 90' lang='lat' dir='ltr'>curte</span> <span class='ocrx_word' id='word_1_422' title='bbox 1651 765 1802 804; x_wconf 86' lang='lat' dir='ltr'>predicta</span> <span class='ocrx_word' id='word_1_423' title='bbox 1813 767 1845 796; x_wconf 89' lang='lat' dir='ltr'>et</span> <span class='ocrx_word' id='word_1_424' title='bbox 1859 767 2109 805; x_wconf 82' lang='lat' dir='ltr'>pertinentibus</span> <span class='ocrx_word' id='word_1_425' title='bbox 2126 768 2166 797; x_wconf 86' lang='lat' dir='ltr'>ad</span> <span class='ocrx_word' id='word_1_426' title='bbox 2184 776 2269 804; x_wconf 86' lang='lat' dir='ltr'>eam,</span> <span class='ocrx_word' id='word_1_427' title='bbox 2289 768 2356 800; x_wconf 86' lang='lat' dir='ltr'>sibi</span> 
     </span>
     <span class='ocr_line' id='line_1_65' title="bbox 1338 817 2357 860; baseline 0.005 -13"><span class='ocrx_word' id='word_1_428' title='bbox 1338 817 1394 855; x_wconf 89' lang='lat' dir='ltr'>jus</span> <span class='ocrx_word' id='word_1_429' title='bbox 1410 818 1521 856; x_wconf 89' lang='lat' dir='ltr'>possit</span> <span class='ocrx_word' id='word_1_430' title='bbox 1539 817 1677 857; x_wconf 84' lang='lat' dir='ltr'>aliquod</span> <span class='ocrx_word' id='word_1_431' title='bbox 1694 818 1746 849; x_wconf 87' lang='lat' dir='ltr'>vel</span> <span class='ocrx_word' id='word_1_432' title='bbox 1763 818 1882 849; x_wconf 89' lang='lat' dir='ltr'>debeat</span> <span class='ocrx_word' id='word_1_433' title='bbox 1899 820 2094 850; x_wconf 74' lang='lat' dir='ltr'>vendicare:</span> <span class='ocrx_word' id='word_1_434' title='bbox 2115 820 2155 849; x_wconf 85' lang='lat' dir='ltr'>ad</span> <span class='ocrx_word' id='word_1_435' title='bbox 2175 820 2235 851; x_wconf 83' lang='lat' dir='ltr'>hoc</span> <span class='ocrx_word' id='word_1_436' title='bbox 2248 822 2357 860; x_wconf 88' lang='lat' dir='ltr'>preci-</span> 
     </span>
     <span class='ocr_line' id='line_1_66' title="bbox 1340 870 2356 912; baseline 0.005 -12"><span class='ocrx_word' id='word_1_437' title='bbox 1340 870 1483 909; x_wconf 89' lang='lat' dir='ltr'>pientes,</span> <span class='ocrx_word' id='word_1_438' title='bbox 1504 871 1716 908; x_wconf 86' lang='lat' dir='ltr'>mandantes,</span> <span class='ocrx_word' id='word_1_439' title='bbox 1739 871 1935 902; x_wconf 88' lang='lat' dir='ltr'>ordinantes</span> <span class='ocrx_word' id='word_1_440' title='bbox 1951 876 1982 903; x_wconf 84' lang='lat' dir='ltr'>et</span> <span class='ocrx_word' id='word_1_441' title='bbox 2005 875 2192 903; x_wconf 67' lang='lat' dir='ltr'>statuentes</span> <span class='ocrx_word' id='word_1_442' title='bbox 2210 874 2311 912; x_wconf 90' lang='lat' dir='ltr'>quod,</span> <span class='ocrx_word' id='word_1_443' title='bbox 2325 875 2356 905; x_wconf 88' lang='lat' dir='ltr'>si</span> 
     </span>
     <span class='ocr_line' id='line_1_67' title="bbox 1339 923 2354 964; baseline 0.005 -11"><span class='ocrx_word' id='word_1_444' title='bbox 1339 923 1429 954; x_wconf 78' lang='lat' dir='ltr'>dicta</span> <span class='ocrx_word' id='word_1_445' title='bbox 1444 923 1565 954; x_wconf 86' lang='lat' dir='ltr'>domus</span> <span class='ocrx_word' id='word_1_446' title='bbox 1584 924 1655 954; x_wconf 84' lang='lat' dir='ltr'>sive</span> <span class='ocrx_word' id='word_1_447' title='bbox 1681 925 1787 955; x_wconf 88' lang='lat' dir='ltr'>curtis</span> <span class='ocrx_word' id='word_1_448' title='bbox 1808 924 1981 964; x_wconf 85' lang='lat' dir='ltr'>aliquibus</span> <span class='ocrx_word' id='word_1_449' title='bbox 2005 929 2079 956; x_wconf 77' lang='lat' dir='ltr'>ante</span> <span class='ocrx_word' id='word_1_450' title='bbox 2105 926 2354 958; x_wconf 84' lang='lat' dir='ltr'>ordinationem</span> 
     </span>
     <span class='ocr_line' id='line_1_68' title="bbox 1339 977 2354 1018; baseline 0.004 -11"><span class='ocrx_word' id='word_1_451' title='bbox 1339 979 1491 1007; x_wconf 88' lang='lat' dir='ltr'>nostram</span> <span class='ocrx_word' id='word_1_452' title='bbox 1515 978 1669 1008; x_wconf 88' lang='lat' dir='ltr'>teneatur</span> <span class='ocrx_word' id='word_1_453' title='bbox 1690 977 1815 1008; x_wconf 90' lang='lat' dir='ltr'>debitis</span> <span class='ocrx_word' id='word_1_454' title='bbox 1843 977 2003 1018; x_wconf 85' lang='lat' dir='ltr'>obligata,</span> <span class='ocrx_word' id='word_1_455' title='bbox 2030 979 2118 1018; x_wconf 80' lang='lat' dir='ltr'>quod</span> <span class='ocrx_word' id='word_1_456' title='bbox 2141 980 2222 1010; x_wconf 85' lang='lat' dir='ltr'>dicti</span> <span class='ocrx_word' id='word_1_457' title='bbox 2249 979 2354 1011; x_wconf 88' lang='lat' dir='ltr'>abbas</span> 
     </span>
     <span class='ocr_line' id='line_1_69' title="bbox 1339 1030 2351 1071; baseline 0.003 -10"><span class='ocrx_word' id='word_1_458' title='bbox 1339 1032 1370 1061; x_wconf 91' lang='lat' dir='ltr'>et</span> <span class='ocrx_word' id='word_1_459' title='bbox 1401 1031 1587 1061; x_wconf 85' lang='lat' dir='ltr'>conventus</span> <span class='ocrx_word' id='word_1_460' title='bbox 1616 1030 1657 1061; x_wconf 92' lang='lat' dir='ltr'>ad</span> <span class='ocrx_word' id='word_1_461' title='bbox 1686 1031 1882 1062; x_wconf 89' lang='lat' dir='ltr'>eorumdem</span> <span class='ocrx_word' id='word_1_462' title='bbox 1913 1032 2119 1062; x_wconf 83' lang='lat' dir='ltr'>solutionem</span> <span class='ocrx_word' id='word_1_463' title='bbox 2146 1032 2351 1071; x_wconf 85' lang='lat' dir='ltr'>debitorum,</span> 
     </span>
     <span class='ocr_line' id='line_1_70' title="bbox 1338 1084 2353 1125; baseline 0.004 -12"><span class='ocrx_word' id='word_1_464' title='bbox 1338 1084 1406 1114; x_wconf 86' lang='lat' dir='ltr'>nisi</span> <span class='ocrx_word' id='word_1_465' title='bbox 1428 1084 1621 1122; x_wconf 90' lang='lat' dir='ltr'>pensiones,</span> <span class='ocrx_word' id='word_1_466' title='bbox 1647 1084 1861 1123; x_wconf 86' lang='lat' dir='ltr'>provisiones</span> <span class='ocrx_word' id='word_1_467' title='bbox 1879 1084 1933 1114; x_wconf 81' lang='lat' dir='ltr'>vel</span> <span class='ocrx_word' id='word_1_468' title='bbox 1951 1085 2104 1115; x_wconf 87' lang='lat' dir='ltr'>redditus</span> <span class='ocrx_word' id='word_1_469' title='bbox 2130 1085 2255 1116; x_wconf 79' lang='lat' dir='ltr'>fuerint</span> <span class='ocrx_word' id='word_1_470' title='bbox 2278 1095 2353 1125; x_wconf 89' lang='lat' dir='ltr'>per-</span> 
     </span>
     <span class='ocr_line' id='line_1_71' title="bbox 1338 1137 2352 1176; baseline 0.002 -9"><span class='ocrx_word' id='word_1_471' title='bbox 1338 1137 1443 1176; x_wconf 90' lang='lat' dir='ltr'>petui,</span> <span class='ocrx_word' id='word_1_472' title='bbox 1453 1138 1647 1172; x_wconf 71' lang='lat' dir='ltr'>teneantur,</span> <span class='ocrx_word' id='word_1_473' title='bbox 1660 1138 1691 1167; x_wconf 92' lang='lat' dir='ltr'>et</span> <span class='ocrx_word' id='word_1_474' title='bbox 1704 1137 1794 1175; x_wconf 88' lang='lat' dir='ltr'>quod</span> <span class='ocrx_word' id='word_1_475' title='bbox 1805 1137 1895 1167; x_wconf 89' lang='lat' dir='ltr'>idem</span> <span class='ocrx_word' id='word_1_476' title='bbox 1903 1137 2074 1168; x_wconf 57' lang='lat' dir='ltr'>&lt;Iohannes</span> <span class='ocrx_word' id='word_1_477' title='bbox 2089 1137 2128 1167; x_wconf 86' lang='lat' dir='ltr'>ab</span> <span class='ocrx_word' id='word_1_478' title='bbox 2140 1138 2217 1168; x_wconf 92' lang='lat' dir='ltr'>istis</span> <span class='ocrx_word' id='word_1_479' title='bbox 2227 1138 2352 1169; x_wconf 85' lang='lat' dir='ltr'>debitis</span> 
     </span>
     <span class='ocr_line' id='line_1_72' title="bbox 1338 1188 2351 1228; baseline 0.003 -9"><span class='ocrx_word' id='word_1_480' title='bbox 1338 1189 1474 1228; x_wconf 90' lang='lat' dir='ltr'>penitus</span> <span class='ocrx_word' id='word_1_481' title='bbox 1501 1188 1690 1226; x_wconf 81' lang='lat' dir='ltr'>absolutus,</span> <span class='ocrx_word' id='word_1_482' title='bbox 1713 1189 1845 1219; x_wconf 86' lang='lat' dir='ltr'>edificia</span> <span class='ocrx_word' id='word_1_483' title='bbox 1864 1192 1895 1219; x_wconf 88' lang='lat' dir='ltr'>et</span> <span class='ocrx_word' id='word_1_484' title='bbox 1918 1189 2095 1220; x_wconf 85' lang='lat' dir='ltr'>clausuras</span> <span class='ocrx_word' id='word_1_485' title='bbox 2118 1190 2205 1220; x_wconf 89' lang='lat' dir='ltr'>dicte</span> <span class='ocrx_word' id='word_1_486' title='bbox 2229 1191 2351 1222; x_wconf 88' lang='lat' dir='ltr'>domus</span> 
     </span>
     <span class='ocr_line' id='line_1_73' title="bbox 1337 1241 2353 1282; baseline 0.003 -10"><span class='ocrx_word' id='word_1_487' title='bbox 1337 1242 1409 1272; x_wconf 83' lang='lat' dir='ltr'>sive</span> <span class='ocrx_word' id='word_1_488' title='bbox 1432 1241 1538 1272; x_wconf 88' lang='lat' dir='ltr'>curtis</span> <span class='ocrx_word' id='word_1_489' title='bbox 1565 1250 1642 1272; x_wconf 86' lang='lat' dir='ltr'>cum</span> <span class='ocrx_word' id='word_1_490' title='bbox 1666 1241 1813 1280; x_wconf 83' lang='lat' dir='ltr'>juribus,</span> <span class='ocrx_word' id='word_1_491' title='bbox 1844 1242 2061 1280; x_wconf 87' lang='lat' dir='ltr'>pertinentiis</span> <span class='ocrx_word' id='word_1_492' title='bbox 2090 1245 2120 1273; x_wconf 91' lang='lat' dir='ltr'>et</span> <span class='ocrx_word' id='word_1_493' title='bbox 2147 1244 2353 1282; x_wconf 89' lang='lat' dir='ltr'>appenditiis</span> 
     </span>
     <span class='ocr_line' id='line_1_74' title="bbox 1338 1294 2352 1335; baseline 0.004 -11"><span class='ocrx_word' id='word_1_494' title='bbox 1338 1295 1410 1325; x_wconf 91' lang='lat' dir='ltr'>suis</span> <span class='ocrx_word' id='word_1_495' title='bbox 1436 1294 1586 1333; x_wconf 89' lang='lat' dir='ltr'>propriis</span> <span class='ocrx_word' id='word_1_496' title='bbox 1613 1295 1757 1325; x_wconf 88' lang='lat' dir='ltr'>retineat</span> <span class='ocrx_word' id='word_1_497' title='bbox 1789 1294 1984 1333; x_wconf 89' lang='lat' dir='ltr'>sumptibus</span> <span class='ocrx_word' id='word_1_498' title='bbox 2009 1297 2039 1325; x_wconf 88' lang='lat' dir='ltr'>et</span> <span class='ocrx_word' id='word_1_499' title='bbox 2065 1297 2236 1335; x_wconf 77' lang='lat' dir='ltr'>expensis.</span> <span class='ocrx_word' id='word_1_500' title='bbox 2266 1296 2352 1328; x_wconf 88' lang='lat' dir='ltr'>Item</span> 
     </span>
     <span class='ocr_line' id='line_1_75' title="bbox 1338 1347 2352 1386; baseline 0.002 -8"><span class='ocrx_word' id='word_1_501' title='bbox 1338 1348 1546 1384; x_wconf 88' lang='lat' dir='ltr'>ordinamus,</span> <span class='ocrx_word' id='word_1_502' title='bbox 1566 1347 1762 1384; x_wconf 88' lang='lat' dir='ltr'>statuimus,</span> <span class='ocrx_word' id='word_1_503' title='bbox 1779 1347 2011 1386; x_wconf 81' lang='lat' dir='ltr'>providemus,</span> <span class='ocrx_word' id='word_1_504' title='bbox 2030 1349 2243 1384; x_wconf 82' lang='lat' dir='ltr'>mandamus,</span> <span class='ocrx_word' id='word_1_505' title='bbox 2263 1349 2352 1380; x_wconf 87' lang='lat' dir='ltr'>arbi·</span> 
     </span>
     <span class='ocr_line' id='line_1_76' title="bbox 1336 1400 2353 1440; baseline 0.003 -9"><span class='ocrx_word' id='word_1_506' title='bbox 1336 1403 1467 1431; x_wconf 88' lang='lat' dir='ltr'>tramur</span> <span class='ocrx_word' id='word_1_507' title='bbox 1494 1401 1526 1430; x_wconf 90' lang='lat' dir='ltr'>et</span> <span class='ocrx_word' id='word_1_508' title='bbox 1558 1400 1820 1438; x_wconf 89' lang='lat' dir='ltr'>pronuntiamus</span> <span class='ocrx_word' id='word_1_509' title='bbox 1849 1400 1938 1439; x_wconf 88' lang='lat' dir='ltr'>quod</span> <span class='ocrx_word' id='word_1_510' title='bbox 1965 1401 2151 1440; x_wconf 83' lang='lat' dir='ltr'>prelibatus</span> <span class='ocrx_word' id='word_1_511' title='bbox 2181 1402 2353 1434; x_wconf 86' lang='lat' dir='ltr'>Johannes</span> 
     </span>
     <span class='ocr_line' id='line_1_77' title="bbox 1335 1454 2352 1496; baseline 0.004 -12"><span class='ocrx_word' id='word_1_512' title='bbox 1335 1454 1538 1485; x_wconf 83' lang='lat' dir='ltr'>monachum</span> <span class='ocrx_word' id='word_1_513' title='bbox 1554 1454 1698 1493; x_wconf 89' lang='lat' dir='ltr'>predicti</span> <span class='ocrx_word' id='word_1_514' title='bbox 1715 1455 1915 1485; x_wconf 88' lang='lat' dir='ltr'>monasterii</span> <span class='ocrx_word' id='word_1_515' title='bbox 1933 1455 1967 1485; x_wconf 91' lang='grc'>10</span> <span class='ocrx_word' id='word_1_516' title='bbox 1984 1456 2112 1486; x_wconf 83' lang='lat' dir='ltr'>socium</span> <span class='ocrx_word' id='word_1_517' title='bbox 2130 1456 2183 1486; x_wconf 84' lang='lat' dir='ltr'>vel</span> <span class='ocrx_word' id='word_1_518' title='bbox 2202 1456 2352 1496; x_wconf 87' lang='lat' dir='ltr'>aliquem</span> 
     </span>
     <span class='ocr_line' id='line_1_78' title="bbox 1337 1508 2351 1548; baseline 0.003 -10"><span class='ocrx_word' id='word_1_519' title='bbox 1337 1508 1442 1539; x_wconf 88' lang='lat' dir='ltr'>alium</span> <span class='ocrx_word' id='word_1_520' title='bbox 1460 1508 1500 1538; x_wconf 89' lang='lat' dir='ltr'>de</span> <span class='ocrx_word' id='word_1_521' title='bbox 1526 1508 1643 1538; x_wconf 87' lang='lat' dir='ltr'>eodem</span> <span class='ocrx_word' id='word_1_522' title='bbox 1666 1508 1873 1538; x_wconf 88' lang='lat' dir='ltr'>monasterio</span> <span class='ocrx_word' id='word_1_523' title='bbox 1895 1510 1951 1539; x_wconf 88' lang='lat' dir='ltr'>aut</span> <span class='ocrx_word' id='word_1_524' title='bbox 1973 1517 2014 1539; x_wconf 71' lang='lat' dir='ltr'>ex</span> <span class='ocrx_word' id='word_1_525' title='bbox 2032 1512 2126 1548; x_wconf 87' lang='lat' dir='ltr'>parte</span> <span class='ocrx_word' id='word_1_526' title='bbox 2146 1509 2278 1540; x_wconf 85' lang='lat' dir='ltr'>abbatis</span> <span class='ocrx_word' id='word_1_527' title='bbox 2296 1510 2351 1541; x_wconf 86' lang='lat' dir='ltr'>vel</span> 
     </span>
     <span class='ocr_line' id='line_1_79' title="bbox 1336 1561 2348 1602; baseline 0.003 -11"><span class='ocrx_word' id='word_1_528' title='bbox 1336 1567 1522 1592; x_wconf 87' lang='lat' dir='ltr'>conventus</span> <span class='ocrx_word' id='word_1_529' title='bbox 1536 1561 1765 1600; x_wconf 84' lang='lat' dir='ltr'>predictorum</span> <span class='ocrx_word' id='word_1_530' title='bbox 1781 1561 1976 1592; x_wconf 88' lang='lat' dir='ltr'>nullatenus</span> <span class='ocrx_word' id='word_1_531' title='bbox 1991 1562 2114 1592; x_wconf 84' lang='lat' dir='ltr'>habere</span> <span class='ocrx_word' id='word_1_532' title='bbox 2128 1571 2187 1593; x_wconf 88' lang='lat' dir='ltr'>seu</span> <span class='ocrx_word' id='word_1_533' title='bbox 2199 1563 2348 1602; x_wconf 89' lang='lat' dir='ltr'>recipere</span> 
     </span>
     <span class='ocr_line' id='line_1_80' title="bbox 1334 1614 2349 1653; baseline 0.003 -9"><span class='ocrx_word' id='word_1_534' title='bbox 1334 1616 1499 1651; x_wconf 87' lang='lat' dir='ltr'>teneatur,</span> <span class='ocrx_word' id='word_1_535' title='bbox 1518 1616 1549 1645; x_wconf 90' lang='lat' dir='ltr'>et</span> <span class='ocrx_word' id='word_1_536' title='bbox 1567 1615 1656 1653; x_wconf 89' lang='lat' dir='ltr'>quod</span> <span class='ocrx_word' id='word_1_537' title='bbox 1671 1614 1774 1644; x_wconf 89' lang='lat' dir='ltr'>iidem</span> <span class='ocrx_word' id='word_1_538' title='bbox 1791 1614 1895 1645; x_wconf 87' lang='lat' dir='ltr'>abbas</span> <span class='ocrx_word' id='word_1_539' title='bbox 1913 1616 1945 1645; x_wconf 91' lang='lat' dir='ltr'>et</span> <span class='ocrx_word' id='word_1_540' title='bbox 1963 1617 2147 1646; x_wconf 83' lang='lat' dir='ltr'>conventus</span> <span class='ocrx_word' id='word_1_541' title='bbox 2164 1624 2302 1646; x_wconf 89' lang='lat' dir='ltr'>nemora</span> <span class='ocrx_word' id='word_1_542' title='bbox 2317 1619 2349 1647; x_wconf 85' lang='lat' dir='ltr'>et</span> 
     </span>
     <span class='ocr_line' id='line_1_81' title="bbox 1334 1667 2345 1707; baseline 0.002 -10"><span class='ocrx_word' id='word_1_543' title='bbox 1334 1667 1421 1698; x_wconf 87' lang='lat' dir='ltr'>bona</span> <span class='ocrx_word' id='word_1_544' title='bbox 1435 1667 1625 1698; x_wconf 90' lang='lat' dir='ltr'>immobilia</span> <span class='ocrx_word' id='word_1_545' title='bbox 1643 1667 1761 1697; x_wconf 90' lang='lat' dir='ltr'>domus</span> <span class='ocrx_word' id='word_1_546' title='bbox 1779 1668 1850 1698; x_wconf 91' lang='lat' dir='ltr'>sive</span> <span class='ocrx_word' id='word_1_547' title='bbox 1867 1668 1973 1698; x_wconf 87' lang='lat' dir='ltr'>curtis</span> <span class='ocrx_word' id='word_1_548' title='bbox 1989 1668 2150 1707; x_wconf 77' lang='lat' dir='ltr'>predicte,</span> <span class='ocrx_word' id='word_1_549' title='bbox 2169 1669 2203 1698; x_wconf 88' lang='lat' dir='ltr'>in</span> <span class='ocrx_word' id='word_1_550' title='bbox 2215 1669 2345 1706; x_wconf 88' lang='lat' dir='ltr'>eadem,</span> 
     </span>
     <span class='ocr_line' id='line_1_82' title="bbox 1333 1720 2351 1760; baseline 0.001 -9"><span class='ocrx_word' id='word_1_551' title='bbox 1333 1723 1486 1760; x_wconf 88' lang='lat' dir='ltr'>tempore</span> <span class='ocrx_word' id='word_1_552' title='bbox 1510 1721 1680 1760; x_wconf 89' lang='lat' dir='ltr'>presentis</span> <span class='ocrx_word' id='word_1_553' title='bbox 1706 1720 1932 1751; x_wconf 88' lang='lat' dir='ltr'>ordinationis</span> <span class='ocrx_word' id='word_1_554' title='bbox 1959 1723 1990 1751; x_wconf 91' lang='lat' dir='ltr'>et</span> <span class='ocrx_word' id='word_1_555' title='bbox 2014 1721 2233 1760; x_wconf 72' lang='lat' dir='ltr'>provisionis,</span> <span class='ocrx_word' id='word_1_556' title='bbox 2261 1722 2351 1753; x_wconf 77' lang='lat' dir='ltr'>exis—</span> 
     </span>
     <span class='ocr_line' id='line_1_83' title="bbox 1334 1773 2350 1808; baseline 0.002 -3"><span class='ocrx_word' id='word_1_557' title='bbox 1334 1774 1451 1808; x_wconf 80' lang='lat' dir='ltr'>tentia,</span> <span class='ocrx_word' id='word_1_558' title='bbox 1471 1782 1538 1804; x_wconf 92' lang='lat' dir='ltr'>non</span> <span class='ocrx_word' id='word_1_559' title='bbox 1557 1773 1745 1804; x_wconf 85' lang='lat' dir='ltr'>distrahant</span> <span class='ocrx_word' id='word_1_560' title='bbox 1765 1782 1824 1804; x_wconf 85' lang='lat' dir='ltr'>nec</span> <span class='ocrx_word' id='word_1_561' title='bbox 1840 1774 2028 1805; x_wconf 81' lang='lat' dir='ltr'>distrahere</span> <span class='ocrx_word' id='word_1_562' title='bbox 2047 1783 2106 1805; x_wconf 86' lang='lat' dir='ltr'>seu</span> <span class='ocrx_word' id='word_1_563' title='bbox 2126 1775 2274 1806; x_wconf 86' lang='lat' dir='ltr'>alienare</span> <span class='ocrx_word' id='word_1_564' title='bbox 2291 1778 2350 1807; x_wconf 89' lang='lat' dir='ltr'>aut</span> 
     </span>
     <span class='ocr_line' id='line_1_84' title="bbox 1334 1827 2349 1867; baseline 0.001 -9"><span class='ocrx_word' id='word_1_565' title='bbox 1334 1828 1368 1858; x_wconf 92' lang='lat' dir='ltr'>in</span> <span class='ocrx_word' id='word_1_566' title='bbox 1386 1827 1473 1858; x_wconf 90' lang='lat' dir='ltr'>alios</span> <span class='ocrx_word' id='word_1_567' title='bbox 1491 1836 1575 1858; x_wconf 88' lang='lat' dir='ltr'>usus</span> <span class='ocrx_word' id='word_1_568' title='bbox 1601 1836 1702 1866; x_wconf 87' lang='lat' dir='ltr'>quam</span> <span class='ocrx_word' id='word_1_569' title='bbox 1726 1827 1878 1866; x_wconf 82' lang='lat' dir='ltr'>ejusdem</span> <span class='ocrx_word' id='word_1_570' title='bbox 1899 1828 2021 1858; x_wconf 89' lang='lat' dir='ltr'>domus</span> <span class='ocrx_word' id='word_1_571' title='bbox 2047 1837 2172 1867; x_wconf 89' lang='lat' dir='ltr'>ponere</span> <span class='ocrx_word' id='word_1_572' title='bbox 2196 1837 2256 1859; x_wconf 89' lang='lat' dir='ltr'>seu</span> <span class='ocrx_word' id='word_1_573' title='bbox 2275 1837 2349 1859; x_wconf 90' lang='lat' dir='ltr'>con-</span> 
     </span>
     <span class='ocr_line' id='line_1_85' title="bbox 1334 1880 2350 1920; baseline 0.001 -8"><span class='ocrx_word' id='word_1_574' title='bbox 1334 1883 1465 1912; x_wconf 81' lang='lat' dir='ltr'>vertere</span> <span class='ocrx_word' id='word_1_575' title='bbox 1487 1881 1621 1920; x_wconf 88' lang='lat' dir='ltr'>possint</span> <span class='ocrx_word' id='word_1_576' title='bbox 1648 1882 1704 1911; x_wconf 91' lang='lat' dir='ltr'>aut</span> <span class='ocrx_word' id='word_1_577' title='bbox 1729 1880 1887 1917; x_wconf 70' lang='lat' dir='ltr'>debeant,</span> <span class='ocrx_word' id='word_1_578' title='bbox 1917 1881 2006 1920; x_wconf 87' lang='lat' dir='ltr'>quod</span> <span class='ocrx_word' id='word_1_579' title='bbox 2031 1881 2159 1911; x_wconf 86' lang='lat' dir='ltr'>eisdem</span> <span class='ocrx_word' id='word_1_580' title='bbox 2182 1881 2297 1912; x_wconf 85' lang='lat' dir='ltr'>abbati</span> <span class='ocrx_word' id='word_1_581' title='bbox 2317 1885 2350 1913; x_wconf 87' lang='grc'>01</span> 
     </span>
     <span class='ocr_line' id='line_1_86' title="bbox 1335 1934 2350 1974; baseline 0 -8"><span class='ocrx_word' id='word_1_582' title='bbox 1335 1935 1513 1966; x_wconf 74' lang='lat' dir='ltr'>conventui</span> <span class='ocrx_word' id='word_1_583' title='bbox 1530 1934 1724 1974; x_wconf 80' lang='lat' dir='ltr'>specialiter</span> <span class='ocrx_word' id='word_1_584' title='bbox 1738 1934 1941 1965; x_wconf 87' lang='lat' dir='ltr'>inhibemus.</span> <span class='ocrx_word' id='word_1_585' title='bbox 1958 1934 2042 1965; x_wconf 80' lang='lat' dir='ltr'>Item</span> <span class='ocrx_word' id='word_1_586' title='bbox 2061 1935 2269 1970; x_wconf 79' lang='lat' dir='ltr'>ordinamus,</span> <span class='ocrx_word' id='word_1_587' title='bbox 2284 1937 2350 1966; x_wconf 88' lang='lat' dir='ltr'>sta·</span> 
     </span>
     <span class='ocr_line' id='line_1_87' title="bbox 1333 1987 2349 2026; baseline 0 -8"><span class='ocrx_word' id='word_1_588' title='bbox 1333 1989 1475 2024; x_wconf 85' lang='lat' dir='ltr'>tuimus,</span> <span class='ocrx_word' id='word_1_589' title='bbox 1502 1987 1731 2026; x_wconf 68' lang='lat' dir='ltr'>providemus,</span> <span class='ocrx_word' id='word_1_590' title='bbox 1762 1988 1976 2024; x_wconf 80' lang='lat' dir='ltr'>mandamus,</span> <span class='ocrx_word' id='word_1_591' title='bbox 2009 1987 2229 2026; x_wconf 81' lang='lat' dir='ltr'>precipimus,</span> <span class='ocrx_word' id='word_1_592' title='bbox 2260 1987 2349 2018; x_wconf 86' lang='lat' dir='ltr'>arbi-</span> 
     </span>
     <span class='ocr_line' id='line_1_88' title="bbox 1334 2041 2348 2080; baseline 0.001 -9"><span class='ocrx_word' id='word_1_593' title='bbox 1334 2045 1463 2071; x_wconf 84' lang='lat' dir='ltr'>tramur</span> <span class='ocrx_word' id='word_1_594' title='bbox 1488 2044 1517 2071; x_wconf 92' lang='lat' dir='ltr'>et</span> <span class='ocrx_word' id='word_1_595' title='bbox 1537 2041 1799 2079; x_wconf 85' lang='lat' dir='ltr'>pronuntiamus</span> <span class='ocrx_word' id='word_1_596' title='bbox 1819 2041 1919 2080; x_wconf 74' lang='lat' dir='ltr'>quod,</span> <span class='ocrx_word' id='word_1_597' title='bbox 1940 2041 1969 2070; x_wconf 91' lang='lat' dir='ltr'>si</span> <span class='ocrx_word' id='word_1_598' title='bbox 1990 2049 2152 2079; x_wconf 80' lang='lat' dir='ltr'>processu</span> <span class='ocrx_word' id='word_1_599' title='bbox 2171 2042 2348 2080; x_wconf 85' lang='lat' dir='ltr'>temporis,</span> 
     </span>
     <span class='ocr_line' id='line_1_89' title="bbox 1333 2093 2349 2132; baseline 0.001 -8"><span class='ocrx_word' id='word_1_600' title='bbox 1333 2094 1459 2124; x_wconf 86' lang='lat' dir='ltr'>dictum</span> <span class='ocrx_word' id='word_1_601' title='bbox 1475 2094 1660 2124; x_wconf 76' lang='grc' dir='ltr'>ι1011300010</span> <span class='ocrx_word' id='word_1_602' title='bbox 1679 2094 1808 2124; x_wconf 90' lang='lat' dir='ltr'>assumi</span> <span class='ocrx_word' id='word_1_603' title='bbox 1829 2094 1863 2123; x_wconf 92' lang='lat' dir='ltr'>in</span> <span class='ocrx_word' id='word_1_604' title='bbox 1882 2093 1996 2132; x_wconf 81' lang='lat' dir='ltr'>aliquo</span> <span class='ocrx_word' id='word_1_605' title='bbox 2019 2094 2226 2124; x_wconf 80' lang='lat' dir='ltr'>monasterio</span> <span class='ocrx_word' id='word_1_606' title='bbox 2242 2094 2275 2124; x_wconf 93' lang='lat' dir='ltr'>in</span> <span class='ocrx_word' id='word_1_607' title='bbox 2294 2094 2349 2125; x_wconf 87' lang='lat' dir='ltr'>ab·</span> 
     </span>
     <span class='ocr_line' id='line_1_90' title="bbox 1332 2146 2348 2179; baseline 0.002 -2"><span class='ocrx_word' id='word_1_608' title='bbox 1332 2146 1445 2177; x_wconf 89' lang='lat' dir='ltr'>batem</span> <span class='ocrx_word' id='word_1_609' title='bbox 1465 2149 1519 2177; x_wconf 86' lang='lat' dir='ltr'>aut</span> <span class='ocrx_word' id='word_1_610' title='bbox 1539 2147 1656 2177; x_wconf 84' lang='lat' dir='ltr'>cedere</span> <span class='ocrx_word' id='word_1_611' title='bbox 1675 2147 1762 2177; x_wconf 87' lang='lat' dir='ltr'>dicte</span> <span class='ocrx_word' id='word_1_612' title='bbox 1779 2147 1895 2177; x_wconf 89' lang='lat' dir='ltr'>domui</span> <span class='ocrx_word' id='word_1_613' title='bbox 1913 2147 1985 2177; x_wconf 82' lang='lat' dir='ltr'>sive</span> <span class='ocrx_word' id='word_1_614' title='bbox 2004 2146 2089 2176; x_wconf 82' lang='lat' dir='ltr'>curti</span> <span class='ocrx_word' id='word_1_615' title='bbox 2108 2155 2166 2177; x_wconf 88' lang='lat' dir='ltr'>seu</span> <span class='ocrx_word' id='word_1_616' title='bbox 2186 2147 2348 2179; x_wconf 83' lang='lat' dir='ltr'>decedere</span> 
     </span>
     <span class='ocr_line' id='line_1_91' title="bbox 1332 2199 2348 2239; baseline 0.001 -8"><span class='ocrx_word' id='word_1_617' title='bbox 1332 2200 1521 2239; x_wconf 78' lang='lat' dir='ltr'>contigerit,</span> <span class='ocrx_word' id='word_1_618' title='bbox 1545 2200 1643 2239; x_wconf 71' lang='lat' dir='ltr'>quod,</span> <span class='ocrx_word' id='word_1_619' title='bbox 1661 2200 1771 2239; x_wconf 87' lang='lat' dir='ltr'>ipsius</span> <span class='ocrx_word' id='word_1_620' title='bbox 1792 2199 1926 2230; x_wconf 87' lang='lat' dir='ltr'>abbatie</span> <span class='ocrx_word' id='word_1_621' title='bbox 1949 2202 1979 2230; x_wconf 91' lang='lat' dir='ltr'>et</span> <span class='ocrx_word' id='word_1_622' title='bbox 1999 2199 2176 2239; x_wconf 73' lang='lat' dir='ltr'>regiminis</span> <span class='ocrx_word' id='word_1_623' title='bbox 2195 2200 2348 2239; x_wconf 86' lang='lat' dir='ltr'>ejusdem</span> 
     </span>
     <span class='ocr_line' id='line_1_92' title="bbox 1331 2253 2349 2292; baseline 0.003 -10"><span class='ocrx_word' id='word_1_624' title='bbox 1331 2253 1550 2292; x_wconf 85' lang='lat' dir='ltr'>possessione</span> <span class='ocrx_word' id='word_1_625' title='bbox 1569 2253 1689 2292; x_wconf 87' lang='lat' dir='ltr'>adepta</span> <span class='ocrx_word' id='word_1_626' title='bbox 1710 2253 1846 2292; x_wconf 84' lang='lat' dir='ltr'>pacifice</span> <span class='ocrx_word' id='word_1_627' title='bbox 1869 2255 1901 2284; x_wconf 92' lang='lat' dir='ltr'>et</span> <span class='ocrx_word' id='word_1_628' title='bbox 1926 2253 2051 2292; x_wconf 86' lang='lat' dir='ltr'>quiete,</span> <span class='ocrx_word' id='word_1_629' title='bbox 2078 2254 2134 2283; x_wconf 87' lang='lat' dir='ltr'>aut</span> <span class='ocrx_word' id='word_1_630' title='bbox 2160 2253 2278 2284; x_wconf 87' lang='lat' dir='ltr'>eodem</span> <span class='ocrx_word' id='word_1_631' title='bbox 2296 2262 2349 2285; x_wconf 90' lang='lat' dir='ltr'>ce-</span> 
     </span>
    </p>
   </div>
   <div class='ocr_carea' id='block_1_9' title="bbox 1300 2298 2347 2344">
    <p class='ocr_par' dir='ltr' id='par_1_10' title="bbox 1300 2298 2347 2344">
     <span class='ocr_line' id='line_1_93' title="bbox 1300 2298 2347 2344; baseline 0.002 -7"><span class='ocrx_word' id='word_1_632' title='bbox 1300 2298 1303 2327; x_wconf 52' lang='grc'>1</span> <span class='ocrx_word' id='word_1_633' title='bbox 1331 2307 1441 2344; x_wconf 88' lang='lat' dir='ltr'>dente,</span> <span class='ocrx_word' id='word_1_634' title='bbox 1456 2309 1491 2338; x_wconf 90' lang='lat' dir='ltr'>ut</span> <span class='ocrx_word' id='word_1_635' title='bbox 1506 2307 1633 2337; x_wconf 85' lang='lat' dir='ltr'>dictum</span> <span class='ocrx_word' id='word_1_636' title='bbox 1647 2309 1710 2343; x_wconf 83' lang='lat' dir='ltr'>est,</span> <span class='ocrx_word' id='word_1_637' title='bbox 1728 2307 1781 2337; x_wconf 77' lang='lat' dir='ltr'>vel</span> <span class='ocrx_word' id='word_1_638' title='bbox 1796 2307 1898 2337; x_wconf 87' lang='lat' dir='ltr'>etiam</span> <span class='ocrx_word' id='word_1_639' title='bbox 1912 2306 2105 2343; x_wconf 85' lang='lat' dir='ltr'>decedente,</span> <span class='ocrx_word' id='word_1_640' title='bbox 2123 2307 2212 2337; x_wconf 84' lang='lat' dir='ltr'>dicta</span> <span class='ocrx_word' id='word_1_641' title='bbox 2225 2307 2347 2339; x_wconf 88' lang='lat' dir='ltr'>domus</span> 
     </span>
    </p>
   </div>
   <div class='ocr_carea' id='block_1_10' title="bbox 1327 2359 2347 2825">
    <p class='ocr_par' dir='ltr' id='par_1_11' title="bbox 1329 2359 2347 2506">
     <span class='ocr_line' id='line_1_94' title="bbox 1331 2359 2346 2400; baseline 0.001 -10"><span class='ocrx_word' id='word_1_642' title='bbox 1331 2360 1402 2391; x_wconf 80' lang='lat' dir='ltr'>sive</span> <span class='ocrx_word' id='word_1_643' title='bbox 1430 2361 1536 2391; x_wconf 89' lang='lat' dir='ltr'>curtis</span> <span class='ocrx_word' id='word_1_644' title='bbox 1558 2368 1634 2390; x_wconf 86' lang='lat' dir='ltr'>cum</span> <span class='ocrx_word' id='word_1_645' title='bbox 1659 2359 1818 2390; x_wconf 88' lang='lat' dir='ltr'>omnibus</span> <span class='ocrx_word' id='word_1_646' title='bbox 1837 2359 1984 2399; x_wconf 87' lang='lat' dir='ltr'>juribus,</span> <span class='ocrx_word' id='word_1_647' title='bbox 2005 2360 2222 2399; x_wconf 87' lang='lat' dir='ltr'>pertinentiis</span> <span class='ocrx_word' id='word_1_648' title='bbox 2240 2362 2271 2391; x_wconf 90' lang='lat' dir='ltr'>et</span> <span class='ocrx_word' id='word_1_649' title='bbox 2289 2369 2346 2400; x_wconf 87' lang='lat' dir='ltr'>ap-</span> 
     </span>
     <span class='ocr_line' id='line_1_95' title="bbox 1329 2413 2347 2453; baseline 0.001 -9"><span class='ocrx_word' id='word_1_650' title='bbox 1329 2414 1492 2452; x_wconf 87' lang='lat' dir='ltr'>penditiis</span> <span class='ocrx_word' id='word_1_651' title='bbox 1510 2413 1582 2443; x_wconf 87' lang='lat' dir='ltr'>suis</span> <span class='ocrx_word' id='word_1_652' title='bbox 1600 2413 1674 2452; x_wconf 91' lang='lat' dir='ltr'>ipso</span> <span class='ocrx_word' id='word_1_653' title='bbox 1690 2413 1789 2447; x_wconf 80' lang='lat' dir='ltr'>facto,</span> <span class='ocrx_word' id='word_1_654' title='bbox 1801 2414 1874 2444; x_wconf 91' lang='lat' dir='ltr'>sine</span> <span class='ocrx_word' id='word_1_655' title='bbox 1887 2413 2151 2444; x_wconf 87' lang='lat' dir='ltr'>contradictione</span> <span class='ocrx_word' id='word_1_656' title='bbox 2167 2413 2293 2453; x_wconf 86' lang='lat' dir='ltr'>aliqua,</span> <span class='ocrx_word' id='word_1_657' title='bbox 2305 2414 2347 2445; x_wconf 83' lang='lat' dir='ltr'>ad</span> 
     </span>
     <span class='ocr_line' id='line_1_96' title="bbox 1329 2466 2100 2506; baseline -0.001 -8"><span class='ocrx_word' id='word_1_658' title='bbox 1329 2468 1497 2506; x_wconf 82' lang='lat' dir='ltr'>prefatum</span> <span class='ocrx_word' id='word_1_659' title='bbox 1516 2467 1761 2497; x_wconf 87' lang='lat' dir='ltr'>monasterium</span> <span class='ocrx_word' id='word_1_660' title='bbox 1779 2466 1884 2498; x_wconf 92' lang='lat' dir='ltr'>libere</span> <span class='ocrx_word' id='word_1_661' title='bbox 1901 2468 2100 2498; x_wconf 85' lang='lat' dir='ltr'>revertatur.</span> 
     </span>
    </p>

    <p class='ocr_par' dir='ltr' id='par_1_12' title="bbox 1327 2520 2345 2825">
     <span class='ocr_line' id='line_1_97' title="bbox 1370 2520 2345 2559; baseline 0 -8"><span class='ocrx_word' id='word_1_662' title='bbox 1370 2533 1385 2548; x_wconf 97' lang='lat'>«</span> <span class='ocrx_word' id='word_1_663' title='bbox 1416 2520 1501 2551; x_wconf 90' lang='lat' dir='ltr'>Item</span> <span class='ocrx_word' id='word_1_664' title='bbox 1529 2520 1738 2556; x_wconf 89' lang='lat' dir='ltr'>ordinamus,</span> <span class='ocrx_word' id='word_1_665' title='bbox 1767 2520 1963 2556; x_wconf 88' lang='lat' dir='ltr'>statuimus,</span> <span class='ocrx_word' id='word_1_666' title='bbox 1990 2520 2221 2559; x_wconf 78' lang='lat' dir='ltr'>providemus,</span> <span class='ocrx_word' id='word_1_667' title='bbox 2252 2527 2345 2551; x_wconf 84' lang='lat' dir='ltr'>man-</span> 
     </span>
     <span class='ocr_line' id='line_1_98' title="bbox 1328 2573 2343 2612; baseline 0.001 -9"><span class='ocrx_word' id='word_1_668' title='bbox 1328 2573 1460 2610; x_wconf 89' lang='lat' dir='ltr'>damus,</span> <span class='ocrx_word' id='word_1_669' title='bbox 1472 2574 1691 2612; x_wconf 89' lang='lat' dir='ltr'>precipimus,</span> <span class='ocrx_word' id='word_1_670' title='bbox 1702 2573 1908 2604; x_wconf 89' lang='lat' dir='ltr'>arbitramur</span> <span class='ocrx_word' id='word_1_671' title='bbox 1923 2575 1954 2604; x_wconf 90' lang='lat' dir='ltr'>et</span> <span class='ocrx_word' id='word_1_672' title='bbox 1967 2573 2229 2612; x_wconf 87' lang='lat' dir='ltr'>pronuntiamus</span> <span class='ocrx_word' id='word_1_673' title='bbox 2242 2573 2343 2612; x_wconf 88' lang='lat' dir='ltr'>quod,</span> 
     </span>
     <span class='ocr_line' id='line_1_99' title="bbox 1328 2626 2344 2666; baseline -0.001 -9"><span class='ocrx_word' id='word_1_674' title='bbox 1328 2627 1356 2657; x_wconf 88' lang='lat' dir='ltr'>si</span> <span class='ocrx_word' id='word_1_675' title='bbox 1379 2626 1420 2657; x_wconf 89' lang='lat' dir='ltr'>ab</span> <span class='ocrx_word' id='word_1_676' title='bbox 1438 2627 1503 2657; x_wconf 88' lang='lat' dir='ltr'>isto</span> <span class='ocrx_word' id='word_1_677' title='bbox 1521 2627 1607 2657; x_wconf 81' lang='lat' dir='ltr'>sesto</span> <span class='ocrx_word' id='word_1_678' title='bbox 1622 2627 1822 2657; x_wconf 83' lang='lat' dir='ltr'>Nativitatis</span> <span class='ocrx_word' id='word_1_679' title='bbox 1838 2626 1976 2657; x_wconf 89' lang='lat' dir='ltr'>Domini</span> <span class='ocrx_word' id='word_1_680' title='bbox 1995 2627 2154 2666; x_wconf 80' lang='lat' dir='ltr'>proximo</span> <span class='ocrx_word' id='word_1_681' title='bbox 2173 2634 2282 2665; x_wconf 89' lang='lat' dir='ltr'>usque</span> <span class='ocrx_word' id='word_1_682' title='bbox 2302 2626 2344 2657; x_wconf 86' lang='lat' dir='ltr'>ad</span> 
     </span>
     <span class='ocr_line' id='line_1_100' title="bbox 1328 2678 2344 2719; baseline 0 -9"><span class='ocrx_word' id='word_1_683' title='bbox 1328 2680 1420 2710; x_wconf 89' lang='lat' dir='ltr'>aliud</span> <span class='ocrx_word' id='word_1_684' title='bbox 1450 2680 1576 2710; x_wconf 86' lang='lat' dir='ltr'>festum</span> <span class='ocrx_word' id='word_1_685' title='bbox 1602 2680 1754 2719; x_wconf 87' lang='lat' dir='ltr'>ejusdem</span> <span class='ocrx_word' id='word_1_686' title='bbox 1783 2679 1982 2710; x_wconf 70' lang='lat' dir='ltr'>Nativitatis</span> <span class='ocrx_word' id='word_1_687' title='bbox 2008 2680 2203 2710; x_wconf 86' lang='lat' dir='ltr'>immediate</span> <span class='ocrx_word' id='word_1_688' title='bbox 2230 2678 2344 2710; x_wconf 85' lang='lat' dir='ltr'>subse-</span> 
     </span>
     <span class='ocr_line' id='line_1_101' title="bbox 1327 2733 2345 2772; baseline 0.001 -9"><span class='ocrx_word' id='word_1_689' title='bbox 1327 2742 1447 2772; x_wconf 88' lang='lat' dir='ltr'>quens,</span> <span class='ocrx_word' id='word_1_690' title='bbox 1458 2733 1584 2763; x_wconf 90' lang='lat' dir='ltr'>dictum</span> <span class='ocrx_word' id='word_1_691' title='bbox 1596 2733 1784 2764; x_wconf 47' lang='lat' dir='ltr'>,Iohannem</span> <span class='ocrx_word' id='word_1_692' title='bbox 1798 2733 1915 2764; x_wconf 86' lang='lat' dir='ltr'>cedere</span> <span class='ocrx_word' id='word_1_693' title='bbox 1926 2733 1978 2763; x_wconf 86' lang='lat' dir='ltr'>vel</span> <span class='ocrx_word' id='word_1_694' title='bbox 1991 2733 2152 2763; x_wconf 88' lang='lat' dir='ltr'>decedere</span> <span class='ocrx_word' id='word_1_695' title='bbox 2165 2733 2345 2772; x_wconf 84' lang='lat' dir='ltr'>contigerit</span> 
     </span>
     <span class='ocr_line' id='line_1_102' title="bbox 1327 2785 2342 2825; baseline 0 -9"><span class='ocrx_word' id='word_1_696' title='bbox 1327 2788 1358 2816; x_wconf 91' lang='lat' dir='ltr'>et</span> <span class='ocrx_word' id='word_1_697' title='bbox 1372 2786 1412 2817; x_wconf 91' lang='lat' dir='ltr'>de</span> <span class='ocrx_word' id='word_1_698' title='bbox 1422 2785 1520 2816; x_wconf 91' lang='lat' dir='ltr'>bonis</span> <span class='ocrx_word' id='word_1_699' title='bbox 1531 2794 1595 2825; x_wconf 90' lang='lat' dir='ltr'>que</span> <span class='ocrx_word' id='word_1_700' title='bbox 1609 2786 1894 2825; x_wconf 89' lang='lat' dir='ltr'>inpresentiarum</span> <span class='ocrx_word' id='word_1_701' title='bbox 1910 2785 2060 2822; x_wconf 79' lang='lat' dir='ltr'>haberet,</span> <span class='ocrx_word' id='word_1_702' title='bbox 2072 2786 2184 2816; x_wconf 87' lang='lat' dir='ltr'>debita</span> <span class='ocrx_word' id='word_1_703' title='bbox 2199 2794 2261 2816; x_wconf 83' lang='lat' dir='ltr'>sua</span> <span class='ocrx_word' id='word_1_704' title='bbox 2271 2785 2342 2824; x_wconf 89' lang='lat' dir='ltr'>jam</span> 
     </span>
    </p>
   </div>
   <div class='ocr_carea' id='block_1_11' title="bbox 1326 2891 2341 2985">
    <p class='ocr_par' dir='ltr' id='par_1_13' title="bbox 1326 2891 2341 2985">
     <span class='ocr_line' id='line_1_103' title="bbox 1326 2891 2340 2932; baseline 0.002 -11"><span class='ocrx_word' id='word_1_705' title='bbox 1326 2900 1390 2931; x_wconf 88' lang='lat' dir='ltr'>que</span> <span class='ocrx_word' id='word_1_706' title='bbox 1409 2900 1577 2923; x_wconf 84' lang='lat' dir='ltr'>summani</span> <span class='ocrx_word' id='word_1_707' title='bbox 1602 2893 1902 2932; x_wconf 79' lang='lat' dir='ltr'>quadrigentarum</span> <span class='ocrx_word' id='word_1_708' title='bbox 1923 2892 2087 2923; x_wconf 85' lang='lat' dir='ltr'>librarum</span> <span class='ocrx_word' id='word_1_709' title='bbox 2104 2891 2340 2923; x_wconf 89' lang='lat' dir='ltr'>turonensium</span> 
     </span>
     <span class='ocr_line' id='line_1_104' title="bbox 1326 2944 2341 2985; baseline 0 -9"><span class='ocrx_word' id='word_1_710' title='bbox 1326 2954 1392 2976; x_wconf 91' lang='lat' dir='ltr'>non</span> <span class='ocrx_word' id='word_1_711' title='bbox 1403 2945 1577 2981; x_wconf 76' lang='lat' dir='ltr'>excedant,</span> <span class='ocrx_word' id='word_1_712' title='bbox 1588 2946 1716 2985; x_wconf 83' lang='lat' dir='ltr'>integre</span> <span class='ocrx_word' id='word_1_713' title='bbox 1726 2945 1874 2984; x_wconf 88' lang='lat' dir='ltr'>persolvi</span> <span class='ocrx_word' id='word_1_714' title='bbox 1885 2954 1950 2976; x_wconf 94' lang='lat' dir='ltr'>non</span> <span class='ocrx_word' id='word_1_715' title='bbox 1959 2948 2110 2985; x_wconf 86' lang='lat' dir='ltr'>possent,</span> <span class='ocrx_word' id='word_1_716' title='bbox 2120 2945 2208 2985; x_wconf 73' lang='lat' dir='ltr'>‹piod</span> <span class='ocrx_word' id='word_1_717' title='bbox 2218 2944 2341 2984; x_wconf 86' lang='lat' dir='ltr'>prefati</span> 
     </span>
    </p>
   </div>
  </div>
 </body>
</html>
