2547 3289
1110 246 1346 285 DEUXIEME
1374 245 1537 283 ANNEE.

281 335 340 370 ris,
363 335 408 365 ita
433 337 625 374 promptum
649 336 808 367 exhibeas
835 337 958 375 regalis
976 337 1109 376 pietatis
1141 337 1294 367 affectum

282 389 368 426 quod
386 389 484 418 ceteri
509 388 626 419 fideles
644 390 684 420 ad
705 390 863 420 festinum
887 390 1037 429 ejusdem
1054 392 1138 421 terre
1164 399 1295 421 succur-

282 449 368 476 sum,
390 450 488 480 quem
507 442 614 480 ipsius
631 444 779 473 extrema
801 443 982 473 necessitas
998 444 1158 473 instanter
1180 443 1294 482 exigit,

278 495 336 524 tuo
355 494 556 525 inducantur
571 495 736 534 exemplo,
751 496 866 535 sicque
885 496 998 526 divine
1011 497 1155 534 potentie
1173 497 1295 526 virtute

279 546 477 584 preambula
495 547 720 585 reprimantur
738 547 885 577 nationis
901 556 1002 586 prave
1025 549 1122 586 atque
1139 556 1294 586 perverse

280 600 418 629 conatus
442 601 484 635 et,
502 599 716 630 inimicorum
735 600 812 630 fidei
828 600 1008 630 confractis
1027 600 1196 633 cornibus,
1214 600 1294 630 fide-

281 651 363 681 lium
391 661 516 682 cornua
540 653 738 687 exaltentur,
761 653 899 683 Domini
934 653 1092 683 liberetur
1116 653 1294 687 hereditas,

281 705 486 736 christianus
511 706 654 745 populus
679 706 718 736 de
747 714 802 736 ore
826 706 932 736 leonis
951 707 981 736 et
1009 706 1113 736 bestIe
1139 706 1295 736 manibus
1325 700 1326 705 ¹

281 759 428 792 eruatur,
452 758 578 797 tibique
601 767 668 789 non
693 759 802 789 solum
822 759 861 788 de
886 758 1071 792 beneficiis,
1089 767 1151 796 qne
1168 760 1203 788 tn
1224 759 1295 796 ipse
1325 799 1326 803 Ἰ

281 811 332 841 1111
355 813 440 841 terre
461 812 674 850 impenderis,
692 812 750 844 sed
768 813 799 842 et
821 812 861 842 de
881 812 958 847 hiis,
978 820 1041 850 que
1060 811 1100 841 ab
1117 812 1194 841 aliis
1214 813 1242 841 te
1261 812 1294 841 in

280 863 341 894 hoc
364 864 580 895 laudabiliter
602 864 811 895 imitantibus
831 865 1078 903 impendentur.
1100 873 1226 894 merces
1244 873 1293 894 ac-

279 919 429 948 crescant
446 918 675 948 retributionis
691 919 815 948 eterne.
832 918 957 948 Datum
973 918 1060 956 apud
1079 918 1294 949 Urbemvete-

280 979 363 1005 rem,
384 980 443 1000 xni
461 971 622 1001 kalendas
639 970 851 1009 septembris,
870 979 957 1000 anno
977 971 1036 1000 110.
1054 982 1069 997 »

347 1116 420 1147 345
867 1114 993 1146 Orvieto,
1011 1116 1043 1140 23
1060 1116 1127 1141 nont
1146 1115 1222 1141 1263.

314 1194 542 1229 Conjurationes,
557 1202 628 1229 quas
650 1194 783 1221 nonnulli
800 1196 952 1229 magnates
969 1196 997 1221 et
1013 1194 1062 1221 alii
1079 1193 1160 1228 regni
1176 1193 1295 1228 Angliae

280 1243 410 1270 fecerunt
425 1243 460 1270 ad
476 1243 614 1276 invicem,
630 1246 725 1270 cassat
748 1246 775 1270 et
788 1243 896 1270 irritat.
914 1243 994 1277 (nro.
1011 1244 1056 1275 26,
1071 1242 1120 1270 sol.
1142 1244 1189 1269 113
1206 1251 1246 1274 vo,
1264 1247 1296 1269 11ο
1327 1244 1328 1267 1

279 1291 353 1322 207).

322 1390 336 1404 «
351 1377 504 1407 [snz'versis
516 1376 776 1415 Christifidelibus
785 1382 941 1416 presentes
951 1376 1069 1406 litteras
1082 1377 1261 1416 inspecturis
1272 1378 1292 1408 ¹.

281 1431 446 1469 Egressus
458 1431 581 1461 Sathan
597 1439 615 1460 a
632 1430 715 1460 facie
732 1430 870 1460 Domini
885 1432 915 1460 et
933 1431 1070 1460 mittens
1086 1432 1223 1460 ventum
1241 1439 1296 1460 va-

281 1484 387 1514 lidum
400 1493 418 1514 a
428 1484 561 1523 regione
574 1483 707 1519 deserti,
720 1492 859 1522 regnum
872 1483 993 1522 Anglie
1004 1488 1013 1505 2
1027 1484 1197 1514 conc-ussit
1213 1484 1296 1514 acri·
1327 1482 1328 1522 j

1327 1534 1328 1540 ¹
1358 1532 1518 1568 congruat
1544 1530 1637 1559 oneri
1657 1531 1687 1560 et
1705 1530 1825 1561 honori
1847 1533 1879 1561 et
1898 1532 1938 1561 de
1961 1541 2025 1570 quo
2050 1533 2210 1571 expedire
2232 1533 2373 1569 videris,

280 1539 330 1568 ter
358 1537 526 1576 ollamque
554 1536 796 1576 indignationis
824 1537 856 1567 in
885 1537 957 1576 ipso
986 1537 1169 1567 succendit.
1197 1537 1294 1573 Nam,

280 1591 367 1621 sicut
383 1591 586 1629 accepimns,
607 1590 761 1621 nonnulli
779 1592 952 1629 magnates
971 1592 1002 1620 et
1020 1590 1077 1620 alii
1096 1591 1189 1629 regni
1211 1591 1296 1630 ejus-

279 1644 355 1675 dem
378 1645 530 1674 diversas
548 1643 808 1682 conjurationes,
827 1643 1056 1682 colligationes
1075 1644 1105 1674 et
1126 1645 1295 1683 conspira-

280 1698 388 1728 tiones
414 1698 561 1728 fecerunt
587 1698 628 1728 ad
647 1697 807 1732 invicem,
831 1697 995 1727 vallantes
1020 1706 1077 1727 eas
1093 1698 1296 1736 juramentis

281 1752 427 1790 propriis
444 1753 475 1781 et
488 1751 697 1781 diversarum
711 1751 895 1789 adjectione
912 1759 1085 1790 penarum.
1098 1751 1167 1781 Nos
1185 1751 1296 1790 itaque

282 1805 488 1835 attendentes
514 1804 602 1843 quod
631 1812 691 1843 per
720 1804 979 1843 conjurationes,
1012 1804 1242 1843 colligationes
1265 1807 1295 1835 et

281 1858 547 1897 conspirationes
575 1858 768 1896 hujusmodi
792 1857 941 1896 predicto
959 1866 1060 1896 regno
1090 1866 1126 1887 ac
1151 1858 1222 1897 ejus
1247 1858 1296 1888 in-

281 1911 377 1946 colis,
394 1913 503 1950 preter
518 1911 708 1941 animarum
724 1911 883 1950 pericula,
901 1911 1007 1941 multa
1023 1913 1163 1950 possunt
1179 1920 1296 1950 prove·
1328 1946 1329 1952 ἵ

280 1965 352 1995 nire
369 1964 544 2004 dispendia
560 1965 591 1994 et
608 1964 706 1994 etiam
726 1965 936 2000 nocumenta,
949 1964 1200 1994 considerantes
1217 1973 1296 2003 quo·
1328 1996 1329 2003 ἵ

281 2029 344 2059 que
359 2019 645 2059 perturbationem
658 2018 768 2057 ipsius
783 2019 889 2057 regni,
908 2019 996 2057 quod
1012 2019 1099 2049 inter
1115 2019 1180 2049 alia
1196 2027 1299 2057 regna

281 2073 395 2104 fidelia
411 2074 482 2103 Deo
500 2075 531 2103 et
553 2072 734 2111 apostolice
753 2072 825 2102 sedi
843 2081 861 2102 a
879 2072 1075 2111 longinquis
1090 2073 1297 2111 temporibus
1328 2071 1330 2081 ”

280 2127 470 2166 specialiter
484 2127 643 2157 devotum
660 2125 781 2161 extitit,
799 2127 907 2164 potest
920 2126 1027 2156 eidem
1045 2126 1117 2156 sedi
1132 2125 1166 2156 in
1182 2126 1298 2156 multis
1329 2163 1330 2174 ἵ

280 2181 432 2220 generari
449 2179 673 2219 prejudicium
691 2181 722 2210 et
741 2179 885 2210 libertati
902 2179 1082 2218 apostolice
1104 2188 1169 2210 11011
1189 2180 1298 2210 modi-

280 2243 357 2264 cum
373 2234 621 2267 detrimentum,
643 2232 868 2271 tranquillum
897 2234 1020 2263 statum
1044 2234 1075 2263 et
1099 2241 1298 2272 prosperum

280 2340 357 2371 simi
371 2340 405 2370 in
418 2340 550 2370 Christo
563 2339 624 2369 filii
637 2339 743 2370 nostri
758 2362 778 2369 ..
795 2340 881 2378 regis
894 2339 1014 2378 Anglie
1026 2339 1182 2375 illustris,
1199 2348 1297 2378 quem

282 2394 410 2424 sincere
425 2393 573 2423 caritatis
585 2392 731 2423 brachiis
746 2393 779 2422 in
794 2393 940 2423 Domino
957 2393 1201 2432 amplexamur,
1212 2393 1296 2423 mul·
1328 2402 1329 2405 ¹

279 2447 436 2486 t-ipliciter
461 2446 661 2478 affectantes.
690 2446 778 2476 circa
804 2454 842 2476 ea
874 2446 1050 2485 diligenter
1075 2446 1295 2482 intendimus,
1327 2443 1328 2452 ¹

279 2509 338 2540 per
354 2509 417 2539 que
442 2508 507 2538 pax
534 2502 565 2530 et
588 2499 816 2538 tranquillitas
839 2499 908 2538 regi
931 2501 962 2529 et
987 2508 1088 2538 regno
1115 2508 1152 2530 ac
1175 2499 1295 2530 incolis
1326 2490 1327 2501 ¹

278 2553 450 2593 predictis,
478 2553 550 2583 Deo
577 2553 732 2591 propitio,
759 2552 869 2583 valeat
896 2553 1085 2591 provenire.
1111 2554 1155 2584 Ut
1180 2552 1294 2592 igitur,

280 2606 504 2637 dissensionis
520 2608 551 2636 et
566 2606 715 2636 scandali
731 2605 771 2636 ab
788 2606 903 2636 eodeni
920 2614 1021 2644 regno
1043 2607 1211 2636 summota
1227 2615 1295 2636 ma-

280 2661 373 2695 teria,
400 2668 540 2698 regnum
560 2659 669 2698 ipsum
695 2659 729 2688 in
747 2658 916 2698 opulentia
940 2659 1032 2698 pacis
1053 2660 1083 2689 et
1107 2660 1295 2698 tranquilli-

280 2714 473 2752 tatis‚juxta
487 2714 600 2742 nostra
613 2713 701 2744 vota.
714 2711 881 2750 persistat,
893 2711 1152 2750 conjurationes,
1163 2712 1296 2751 colliga-

279 2767 388 2797 tiones
406 2768 436 2796 et
453 2765 718 2804 conspirationes
733 2764 910 2804 predictas
931 2773 1141 2804 quocumque
1162 2766 1297 2796 nomine

314 2862 333 2885 t.
353 2862 391 2886 Le
415 2861 434 2885 1⁶⁰
457 2862 498 2884 113
517 2860 597 2885 etant
619 2867 651 2884 en
672 2860 765 2890 partie
788 2859 972 2890 endommage
996 2867 1047 2890 par
1070 2860 1245 2888 l'bumidite,
1268 2862 1296 2886 la

280 2901 389 2926 lecture
405 2908 438 2925 en
456 2903 499 2924 est
515 2900 624 2931 parfois
640 2900 767 2924 difficile.

311 2943 335 2966 2.
354 2942 392 2966 Le
408 2941 541 2971 Registre
560 2943 641 2971 porte
655 2940 749 2971 Anque

2313 259 2371 289 163

1357 336 1565 370 censeantur,
1590 344 1761 367 cassamus
1788 339 1817 368 et
1843 338 2026 373 irritamus,
2055 348 2148 369 cassa
2173 342 2203 369 et
2229 340 2320 370 irrita
2338 341 2371 371 et

1357 388 1483 418 nullius
1501 388 1668 419 firmitatis
1690 390 1831 421 existere
1849 392 2054 427 nuntiamus,
2072 401 2176 431 penas
2194 401 2373 430 quascum-

1356 449 1419 479 que
1434 450 1534 480 snpcr
1545 442 1607 472 boc
1623 443 1766 481 adjectas
1782 445 1813 474 et
1824 445 2013 482 juramenta
2026 445 2163 483 prestita
2180 445 2370 476 relaxantes

1356 502 1392 523 ac
1404 494 1619 525 decernentes
1633 504 1861 535 quoscumque
1873 498 1911 526 ad
1925 497 2373 537 observationemjuramen-

1325 582 1326 597 }
1356 547 1463 576 torum
1481 547 1673 585 hujusmodi
1695 550 1725 579 et
1745 550 1784 579 ad
1802 559 1906 588 penas
1927 551 2059 581 easdem
2077 551 2287 589 aliquatenus
2305 559 2373 581 non

1356 599 1472 629 teneri.
1493 600 1586 630 Nulli
1607 609 1684 639 ergo
1703 604 1814 633 nostre
1831 603 2043 639 cassationis,
2062 604 2268 636 irritationis.
2286 613 2370 634 nun-

1355 652 1515 687 tiationis,
1529 654 1745 685 relaxationis
1758 657 1787 685 et
1803 655 2052 686 constitntIOnis
2067 658 2128 686 etc.
2146 657 2270 686 Datum
2282 656 2371 695 apud

1356 705 1638 743 Urbetnveterem,
1658 717 1678 736 x
1694 708 1855 739 kalendas
1872 709 2081 748 septembris,
2096 718 2182 739 anno
2198 710 2254 739 II0.
2274 723 2288 736 ι»

1425 872 1498 902 346

1940 874 2064 905 Orvieto,
2085 876 2119 900 223
2135 877 2202 901 aont
2222 877 2297 903 1263.

1392 949 1426 975 L't
1446 949 1538 975 virum
1559 949 1691 976 idoneum
1710 950 1847 977 eeclesiae
1864 952 2028 979 Α110131001131
2048 953 2193 986 praeficiat
2215 954 2243 980 in
2261 955 2372 989 episco-

1357 1005 1424 1031 pum
1441 1001 1467 1024 et
1483 1001 1639 1032 pastorem.
1660 999 1736 1031 (nm.
1755 1001 1800 1031 ⁴26,
1818 1000 1866 1026 fol.
1889 1002 1936 1027 113
1954 1009 1993 1033 vo,
2010 1007 2039 1027 n⁰
2056 1003 2129 1035 208),

1400 1114 1413 1129 (ι
1434 1102 1597 1138 Anibalrlo,
1625 1103 1746 1133 basilice
1769 1104 1924 1134 duodecim
1948 1105 2165 1145 Apostolorum
2190 1107 2372 1147 presbytero

1358 1155 1519 1184 cardinali.
1540 1156 1623 1186 Cum
1640 1157 1780 1188 ecclesia
1798 1157 2016 1188 Marsicensis
2034 1160 2169 1197 pastore
2188 1169 2306 1190 vacare
2324 1160 2374 1190 di-

1357 1210 1451 1238 catur
1473 1209 1513 1238 ad
1534 1218 1688 1247 presens,
1713 1219 1773 1240 nos
1792 1211 1945 1241 nolentes
1968 1214 2002 1242 ut
2028 1213 2145 1242 eadem
2166 1212 2310 1243 ecclesia
2329 1221 2371 1243 ex

1358 1262 1532 1292 vacatione
1555 1262 1688 1293 diutina
1715 1263 1865 1302 aliquam
1893 1265 2042 1295 incurrat
2071 1265 2105 1295 in
2131 1265 2373 1304 spiritualibus

1327 1315 1329 1351 1
1358 1318 1390 1346 et
1419 1316 1668 1354 temporalibus
1698 1317 1880 1352 lesionem,
1915 1318 2113 1348 discretioni
2146 1321 2202 1349 tue
2236 1320 2275 1348 de
2308 1327 2375 1358 qua

1357 1369 1493 1408 plenam
1517 1369 1550 1399 in
1576 1370 1723 1401 Domino
1746 1371 1904 1401 fiduciam
1931 1371 2135 1402 obtinemus.
2162 1373 2374 1411 presentium

1358 1423 1558 1453 auctoritate
1581 1424 1827 1454 committimus
1847 1425 2019 1463 quatinus,
2041 1425 2168 1455 habens
2189 1435 2246 1464 pre
2265 1426 2374 1456 oculis

1359 1475 1469 1505 solum
1502 1476 1622 1510 Deum,
1656 1477 1805 1515 aliquem
1839 1477 1949 1507 virum
1986 1479 2157 1517 ydoneum
2188 1479 2246 1517 qni
2279 1481 2374 1510 tanto

1357 1590 1417 1620 per
1435 1584 1467 1612 te
1485 1582 1537 1612 vel
1554 1591 1614 1621 per
1630 1583 1736 1612 alium
1752 1583 1863 1613 eidem
1878 1584 2018 1614 ecclesie
2035 1585 2068 1614 in
2085 1585 2281 1623 episcopum
2299 1594 2373 1624 pre-

1358 1635 1452 1665 ficias
1467 1637 1496 1665 et
1512 1637 1696 1674 pastorem,
1720 1636 1848 1667 faciens
1868 1637 1898 1666 ei
1917 1637 1956 1667 de
1975 1646 2039 1676 quo
2056 1638 2121 1676 ipsi
2140 1638 2281 1668 ecclesie
2300 1647 2375 1677 pro-

1327 1682 1328 1700 *
1358 1689 1540 1718 videndum
1559 1689 1710 1723 duxeris,
1736 1698 1754 1719 a
1774 1690 1922 1728 capitulo
1946 1692 1977 1720 et
1999 1691 2078 1720 aliis
2102 1691 2212 1729 ipsius
2231 1691 2374 1722 ecclesie

1359 1741 1518 1778 subditiS,
1539 1744 1701 1781 tanquam
1719 1743 1807 1781 patri
1826 1745 1857 1773 et·
1875 1744 2002 1782 pastori
2023 1744 2213 1774 animarum
2235 1753 2373 1774 suarum

1360 1795 1587 1826 obedientiam
1608 1798 1639 1826 et
1658 1797 1888 1827 venerationis
1906 1797 2057 1828 debitum
2077 1798 2243 1831 exbiberi,
2269 1807 2305 1828 ac
2325 1798 2375 1828 ni-

1327 1848 1328 1851 ’
1359 1849 1563 1879 011110111111113
1582 1859 1600 1879 a
1619 1849 1730 1880 tribus
1752 1851 1922 1889 episcopis
1945 1859 2029 1889 quos
2048 1852 2223 1883 malueris.
2249 1860 2375 1882 munus

1359 1903 1624 1933 consecrationis
1635 1903 1797 1942 impendi.
1807 1904 2081 1935 Contradictores
2097 1923 2140 1935 -—.
2151 1905 2275 1935 Datum
2287 1905 2376 1944 apud

1358 1956 1644 1992 Urbemveterem,
1657 1967 1714 1986 vni
1731 1957 1893 1987 Kalendas
1909 1957 2120 1996 septembris,
2139 1967 2225 1989 anno
2242 1959 2299 1989 11⁰.
2319 1971 2333 1985 »

1427 2123 1499 2154 347

1970 2121 2096 2154 Orvieto,
2113 2123 2127 2147 7
2141 2122 2205 2158 juin
2226 2123 2301 2150 1263.

1395 2202 1577 2236 Dispensatio
1595 2210 1680 2236 super
1692 2201 1858 2236 pluralitate
1874 2202 2089 2229 beneficiorum.
2105 2203 2182 2238 (nm,
2199 2204 2243 2236 26,
2258 2204 2306 2230 fol.
2326 2203 2375 2231 113

1329 2271 1330 2274 1
1359 2259 1388 2277 vc·
1415 2258 1447 2278 n⁰
1463 2252 1513 2277 209
1532 2272 1539 2278 .

280 2286 420 2326 predicti
436 2286 529 2325 regni
546 2288 577 2316 et
596 2286 784 2316 incolarum
809 2286 918 2325 ipsius
934 2294 971 2316 ac
989 2285 1181 2324 specialiter
1196 2286 1297 2316 caris·
1328 2284 1330 2319 (
1392 2272 1399 2283 ’
1517 2251 1525 2287 )

1400 2356 1414 2370 «
1428 2344 1577 2383 Masjislro
1590 2344 1711 2379 leomc,
1722 2342 1985 2383 archipresbytero
1995 2343 2114 2373 ecclesie
2125 2343 2160 2372 de
2171 2343 2286 2378 Semta,
2298 2350 2375 2373 Len.-

1358 2397 1455 2427 densis
1474 2397 1608 2428 diocesis.
1628 2397 1772 2428 Obtentu
1792 2397 1903 2427 dilecti
1920 2397 1982 2426 filii
2002 2397 2108 2427 nostri
2125 2397 2178 2432 G„
2195 2406 2221 2427 3.
2238 2397 2374 2437 Georgii

1357 2452 1398 2482 ad
1413 2451 1534 2482 Velum
1549 2452 1698 2481 Aureum
1711 2451 1842 2480 diaconi
1857 2450 2051 2485 cardinalis,
2066 2459 2125 2489 pro
2139 2452 2168 2480 te
2183 2450 2279 2480 nobis
2296 2460 2372 2482 cum

1358 2505 1516 2535 instantia
1536 2504 1768 2543 supplicantis,
1787 2512 1965 2543 personam
1991 2506 2081 2533 tuam
2107 2504 2244 2542 speciali
2266 2505 2374 2544 gratia

1356 2559 1596 2597 prosequentes
1609 2559 1654 2591 ut,
1668 2556 2028 2595 archipresbyteratum
2042 2556 2180 2586 ecclesie
2193 2557 2232 2586 de
2245 2557 2373 2594 Senna,

1356 2611 1542 2641 Laudensis
1559 2610 1715 2646 diocesis,
1734 2618 1849 2640 curam
1866 2610 2055 2639 animarum
2072 2609 2262 2646 habentem,
2277 2612 2309 2641 et
2324 2619 2377 2642 ca-

1359 2664 1533 2695 nonicatus
1550 2673 1588 2694 ac
1600 2663 1787 2702 prebendas
1806 2671 1891 2702 quos
1909 2663 1942 2693 in
1957 2663 2075 2702 majori
2090 2663 2230 2694 ecclesia
2246 2673 2273 2694 s.
2291 2664 2380 2694 Lau-

1358 2718 1458 2748 rentii
1480 2717 1668 2747 Laudensis
1695 2726 1732 2747 ac
1761 2726 1787 2747 s.
1816 2716 1979 2746 Antonini
2009 2716 2198 2747 Placentini
2226 2717 2378 2748 ecclesiis

1359 2771 1515 2802 canonice
1542 2772 1573 2800 te
1605 2770 1765 2809 proponis
1796 2769 1952 2808 adeptum
1985 2771 2016 2799 et
2045 2769 2169 2808 quibus
2186 2771 2377 2801 animarum

1359 2833 1438 2855 cura
1454 2823 1645 2854 nullatenus
1661 2827 1710 2854 est
1726 2831 1866 2857 annexa,
1886 2822 1991 2853 libere
2007 2823 2121 2853 valeas
2137 2823 2291 2859 retinere,
2309 2833 2375 2855 non

1360 2878 1511 2908 obstante
1522 2877 1758 2907 constitutione
1776 2885 1876 2915 quam
1888 2876 1996 2906 felicis
2011 2877 2250 2907 recordationis
2265 2877 2377 2908 Celes-

1362 2931 1451 2962 tinus
1466 2939 1561 2970 papa,
1578 2930 1794 2969 predecessor
1810 2930 1934 2966 noster,
1947 2931 2025 2960 tunc
2042 2939 2068 2960 s.
2088 2930 2191 2960 Marci
2203 2930 2378 2969 presbyt-er
