2547 3289
1147 263 1361 294 D'L'RBAIN
1385 264 1444 293 IV.
2279 262 2331 291 151

246 356 304 378 ras
322 347 540 386 apostolicas,
560 346 694 385 plenam
711 347 742 376 et
768 355 966 384 expressam
987 356 1022 376 ac
1040 346 1080 375 de
1099 345 1201 376 verbo
1220 346 1262 376 ad

246 400 388 431 verbum
409 409 476 430 non
497 399 660 430 facientes
680 399 719 428 de
748 399 878 429 indulto
898 399 1093 438 hujusmodi
1120 399 1261 429 mentio-

247 462 336 488 nem,
359 454 391 483 et
416 452 567 492 qualibet
599 453 667 482 alia
689 452 818 491 prefate
844 453 936 482 sedis
958 452 1181 489 indulgentia,
1203 461 1262 490 per

247 515 349 545 quam
374 505 571 545 hujusmodi
599 505 748 535 mandati
777 506 883 535 nostri
918 505 1073 535 executio
1103 505 1260 543 impediri

246 559 358 589 valeat
372 559 426 589 ve]
453 559 581 589 differri
598 560 629 589 et·
653 558 692 588 de
711 567 777 597 qua
796 559 830 588 in
850 558 976 588 nostris
991 558 1114 587 litteris
1134 558 1261 587 mentio

246 611 321 642 fieri
337 611 457 642 debeat
472 612 632 650 specialis
650 613 682 642 et
699 611 940 641 constitutione
955 611 994 640 de
1011 610 1142 640 duabus
1161 610 1261 640 dietis

247 664 338 695 edita
363 665 398 694 in
422 665 565 694 concilio
589 664 752 703 generali.
774 664 877 693 Porro
906 672 1121 701 nequaquam
1147 664 1261 692 nostre
1292 666 1293 674 ¹

1292 722 1293 726 ¹
1323 713 1568 743 recordationis
1601 715 1660 742 etc.
1697 731 1744 740 —.
1774 713 1896 742 Datum
1928 714 2015 751 apud
2045 713 2330 746 Ι’1-110111101010111,

247 717 445 748 intentionis
477 717 594 747 existit
622 719 657 747 ut
688 717 904 747 Cluuiacensi
926 716 1145 751 monasterio,
1173 715 1262 754 quod

247 771 381 800 sincera
396 770 576 800 dilectione
593 769 861 808 complectimur,
882 778 940 807 per
958 768 1017 798 hoc
1035 769 1172 806 aliquod
1189 776 1262 806 pre-

243 824 411 864 judicium
435 825 626 863 generetur,
646 833 721 853 cum
750 823 860 861 ipsum
887 822 1073 852 honoribus
1091 822 1262 852 desidere-

247 886 323 908 mus
346 877 510 913 attollere,
531 885 568 906 ac
580 885 598 906 a
616 875 806 914 dispendiis
823 877 854 905 et
874 875 1010 915 injuriis
1029 877 1183 914 prompte
1198 875 1263 905 sol-

245 930 436 961 licitudinis
454 930 568 960 studio
584 937 794 968 preservare.
823 929 946 959 Datum
972 929 1060 967 apud
1080 928 1261 958 L'rbemve-

245 985 363 1019 terem,
382 992 415 1012 121
433 991 540 1012 nonas
557 982 731 1019 februarii,
751 991 837 1011 anno
855 982 964 1012 tertio.
986 995 1000 1008 n

809 1168 936 1202 Orvieto,
956 1170 971 1194 5
989 1168 1091 1195 t'evrier
1112 1170 1189 1195 1264.

335 1171 409 1203 500

280 1250 397 1277 Eisdem
425 1250 544 1277 mandat
571 1251 711 1284 quatenus
738 1249 864 1283 priorem
895 1251 921 1275 S.
942 1249 1057 1277 Martini
1084 1250 1119 1276 de
1145 1249 1261 1284 Campis

245 1299 421 1334 compellant
436 1301 465 1325 ut
482 1298 551 1333 ipsis
576 1299 671 1325 tradat
694 1298 768 1325 bona
789 1299 935 1333 quondam
957 1298 1082 1333 episcopi
1099 1298 1259 1329 Olenensis,

244 1356 316 1383 quac
336 1349 373 1375 ad
390 1348 479 1382 ipsius
497 1356 599 1374 manus
616 1348 800 1374 dezenerant.
821 1348 900 1381 (11110.
919 1349 963 1379 27,
978 1347 1026 1374 rol.
1055 1348 1102 1374 ¹46
1120 1353 1159 1380 v0,
1175 1353 1204 1374 11ο
1219 1349 1261 1382 3.)

288 1458 302 1473 «
323 1446 458 1476 Eisiem.
480 1446 605 1476 Felicis
624 1445 881 1482 recordationis,
901 1447 961 1475 etc.
980 1447 1018 1475 ut
1038 1454 1140 1484 supra
1153 1454 1260 1484 usque

246 1500 623 1534 satisfactum.Verum,
641 1499 758 1529 eodem
770 1498 929 1537 episcopo
946 1507 1052 1536 nuper
1064 1498 1097 1528 in
1115 1499 1261 1537 quodam

245 1561 307 1583 suo
336 1552 486 1582 manerio
515 1551 723 1582 Parisiensis
749 1551 907 1587 diocesis,
941 1553 1026 1581 sicut
1055 1551 1260 1590 accepimus,

245 1606 336 1635 viam
356 1605 515 1635 universe
536 1605 647 1634 carnis
665 1605 831 1643 ingresso,
851 1604 996 1634 dilectus
1009 1604 1101 1633 filius
1118 1629 1123 1633 .
1147 1627 1152 1632 .
1169 1604 1262 1642 prior

245 1659 354 1689 sancti
364 1658 503 1688 Martini
514 1658 554 1688 de
566 1658 704 1696 Campis
714 1657 935 1693 Parisiensis,
952 1666 990 1687 eo
1001 1658 1158 1695 pretextu
1173 1657 1263 1696 quod

247 1711 337 1742 idem
363 1712 544 1750 episcopus
570 1711 633 1741 fuit
662 1711 744 1741 olim
769 1710 872 1740 abbas
890 1710 1035 1749 predicti
1063 1710 1261 1740 monasterii

246 1764 495 1800 Cluniacensis‚
517 1764 631 1794 omnia
650 1763 737 1793 bona
754 1772 826 1800 sua,
844 1772 907 1802 que
925 1763 1015 1802 apud
1032 1772 1108 1793 emn
1126 1763 1263 1794 inventa

246 1820 336 1852 sunt,
364 1820 515 1856 tempore
542 1817 662 1847 mortis
686 1825 758 1851 sue,
783 1825 897 1846 secum
915 1817 956 1846 ad
975 1825 1075 1846 sumn
1094 1820 1261 1847 monaste-

248 1871 339 1902 rium
354 1880 413 1909 pro
433 1879 493 1901 sue
511 1870 697 1901 voluntatis
719 1869 815 1900 libito
833 1870 1032 1908 asportavit.
1057 1870 1164 1906 Unde,
1187 1879 1263 1900 cuin
1293 1897 1294 1908 ¹

246 1925 321 1964 ipsa
341 1924 485 1954 ecclesia
503 1923 752 1962 multipliciter,
771 1925 833 1953 etc.
860 1924 896 1953 ut
917 1931 1031 1961 supra,
1052 1931 1160 1961 usque
1183 1923 1263 1953 tole-

245 1986 372 2014 remus,
397 1977 495 2007 vobis
513 1986 572 2016 per
591 1977 677 2007 alias
693 1979 828 2007 nostras
851 1976 913 2006 sub
933 1978 1024 2006 certa
1049 1976 1157 2006 fornia
1174 1976 1263 2006 dedi·
1293 1999 1295 2010 1

244 2040 322 2062 mus
342 2031 475 2062 litteras
502 2030 536 2060 in
564 2030 746 2066 mandatis,
770 2031 807 2060 ut
832 2038 892 2060 vos
922 2029 975 2059 vel
998 2029 1082 2059 alter
1111 2031 1263 2060 vestrum

245 2085 359 2115 omnia
370 2083 469 2119 bona,
485 2085 545 2114 etc.
563 2092 670 2122 usque
686 2083 769 2113 tutis
787 2083 883 2119 locis,
905 2082 1101 2113 rescribatis
1118 2082 1264 2113 fideliter

244 2138 344 2168 nobis
371 2137 453 2176 quid
481 2139 512 2167 et
533 2139 698 2176 quantum
725 2139 756 2167 et
784 2137 873 2175 apud
899 2145 985 2175 quos
1008 2136 1068 2166 illa
1096 2137 1264 2167 duxeritis

245 2191 455 2230 deponenda.
483 2190 639 2229 Injuncto
665 2189 909 2220 nichilominus
935 2190 1045 2220 eidem
1070 2190 1176 2228 priori
1204 2198 1264 2228 per
1293 2183 1294 2215 Ῠ

245 2244 332 2274 alias
351 2245 486 2274 nostras
505 2244 637 2274 litteras
658 2245 694 2273 ut
719 2252 758 2273 ea
777 2252 842 2281 que
865 2243 906 2273 ad
925 2252 1001 2273 eum
1021 2243 1061 2273 de
1080 2243 1179 2273 bonis
1205 2243 1263 2273 110-
1293 2231 1295 2287 J

1294 2290 1295 2299 ¹
1325 2293 1354 2322 si
1371 2294 1422 2322 est
1439 2293 1497 2327 ita,
1519 2291 1673 2321 nolentes
1689 2291 1858 2330 prefatum
1871 2298 2048 2320 commune
2065 2289 2116 2319 vel
2132 2289 2218 2319 alios
2237 2298 2339 2327 super

241 2297 392 2336 jusmodi
412 2298 649 2336 pervenerunt,
670 2296 780 2331 vobis,
801 2295 933 2326 sublato
950 2296 1132 2335 cujuslibet
1154 2296 1264 2326 obsta-

245 2350 321 2380 culo
341 2350 567 2386 difficultatis,
588 2350 749 2389 assignet,
764 2349 992 2388 rescripturus
1010 2349 1108 2379 nobis
1132 2349 1213 2388 quid
1232 2351 1263 2379 et

246 2405 410 2441 quantum
429 2402 526 2433 vobis
543 2402 678 2433 duxerit
697 2402 952 2441 assignandum.
975 2402 1121 2440 Ideoque
1140 2402 1263 2432 discre-

244 2455 329 2487 tioni
344 2457 456 2485 vestre
474 2464 533 2494 per
556 2456 743 2494 apostolica
769 2455 897 2494 scripta
926 2455 1130 2486 mandamus
1148 2457 1262 2494 quate-

246 2518 312 2539 nus
337 2517 398 2538 vos
424 2508 478 2538 vel
507 2508 591 2538 alter
610 2510 761 2539 vestrum
790 2509 918 2540 dictum
935 2509 1084 2547 priorem
1103 2509 1144 2538 ad
1166 2509 1211 2542 id.
1233 2509 1263 2539 si

245 2570 385 2592 necesse
406 2561 518 2597 fuerit,
540 2569 600 2600 per
619 2570 797 2591 censuram
813 2561 1094 2598 ecclesiasticam,
1115 2561 1263 2600 appella-

248 2616 341 2646 tione
364 2616 505 2650 remota,
524 2614 663 2653 cogatis.
681 2615 757 2645 Non
774 2614 928 2645 obstante
945 2615 974 2644 si
991 2615 1100 2645 eidem
1119 2614 1225 2653 priori
1245 2623 1264 2644 a

244 2668 397 2708 predicta
418 2667 462 2697 sit
486 2667 565 2696 sede
588 2667 770 2702 indultum,
791 2668 880 2706 quod
901 2667 1068 2704 interdici,
1100 2667 1263 2706 suspendi

245 2722 300 2752 vel
329 2720 581 2752 excomunicari
610 2728 676 2750 non
695 2722 816 2763 posset,
838 2721 893 2751 vel
911 2723 1007 2751 extra
1024 2723 1113 2751 certa
1133 2721 1207 2750 loca
1229 2721 1263 2750 in

245 2783 384 2805 causam
402 2773 491 2804 trahi
519 2774 590 2804 sive
619 2773 660 2803 ad
685 2773 850 2812 judicium
880 2774 1013 2804 evocari
1040 2782 1100 2812 per
1131 2774 1263 2804 litteras

245 2828 463 2867 apostolicas,
495 2828 557 2857 etc.
586 2835 694 2865 usque
720 2826 892 2865 specialis.
921 2827 1039 2863 Porro,
1064 2829 1125 2857 ete.
1155 2836 1264 2866 usque

244 2889 455 2920 preservare.
492 2881 618 2911 Datum
651 2879 739 2918 apud
770 2879 1060 2916 Urbemveterem,
1089 2880 1188 2910 nonis
1221 2880 1264 2911 fe-

244 2934 386 2972 bruarii,
407 2942 494 2964 anno
513 2933 625 2964 tertio.
647 2945 662 2961 »

1859 345 1983 377 Orrieto,
2005 347 2040 371 1Μ
2060 345 2164 371 t'cvricr
2186 346 2259 371 mot.

1413 348 1481 378 3301

1360 426 1450 452 l’riori
1472 427 1498 451 S.
1518 426 1653 452 Germani
1678 426 1711 452 (10
1736 426 1828 451 l'ratis
1853 425 2023 451 l'nrisicnsis
2049 425 2165 451 mandat
2195 427 2333 458 quatiam<

1292 482 1293 492 ¹
1323 475 1472 509 magistris
1503 475 1610 501 oddoni
1629 475 1662 501 de
1680 475 1706 500 S.
1727 474 1853 500 Dionisio
1869 477 1895 501 et
1917 475 2051 505 (herardo,
2067 475 2143 500 dicto
2161 475 2283 504 1111111011,
2301 484 2333 500 va

1322 532 1392 557 quac
1410 523 1549 557 adipsum
1563 524 1596 549 de
1610 523 1690 549 bonis
1704 523 1829 557 episcopi
1842 523 1988 549 olo-nensis
2001 523 2177 555 devenerint,
2193 523 2331 557 assignet.

1323 572 1401 606 (ltsso.
1424 573 1467 602 27,
1489 572 1536 597 t'ol.
1557 573 1617 602 ¹47,
1634 576 1666 598 11ο
1686 572 1720 605 1.)

1363 670 1379 691 ((
1399 684 1404 689 .
1426 685 1432 690 .
1455 660 1556 699 priori
1579 660 1613 688 S.
1640 659 1783 690 Germani
1804 660 1839 687 tlt‘
1861 660 1964 689 Pralt's
1989 661 2180 689 I’nrisicusis.
2209 661 2332 691 Felici>⁴

1323 766 1480 796 kalendis
1500 765 1675 801 februarii,
1695 774 1780 794 anuo
1797 766 1907 796 tertio.
1932 778 1945 793 11

1413 918 1487 948 502
1902 915 2027 946 ‹Tim-5010,
2045 917 2077 941 30
2096 916 2166 942 avril
2188 918 2261 942 ti‘fi'e.

1363 996 1503 1030 Episcopo
1519 995 1694 1022 Ferrariensi
1712 996 1828 1021 mandat
1850 998 1999 1029 quatenus,
2021 998 2084 1029 pest
2101 996 2255 1022 triennium
2275 999 2333 1022 tan·

1323 1047 1397 1079 tum,
1414 1053 1515 1071 census
1533 1047 1560 1071 et
1576 1044 1648 1071 alios
1664 1052 1764 1070 omncs
1777 1044 1902 1070 redditus
1917 1044 2055 1070 ecclesiae
2071 1045 2213 1071 Romanae
2228 1045 2254 1070 111
2269 1045 2335 1071 civi-

1324 1096 1382 1120 tate
1405 1096 1432 1120 et
1455 1093 1562 1120 diocesi
1579 1093 1810 1119 Ferrariensibus
1836 1102 1852 1119 a
1867 1093 2013 1120 communi
2030 1093 2204 1120 Feri-ariensi
2225 1095 2334 1120 debitos

1322 1143 1430 1177 exigat.
1447 1144 1526 1178 (usu.
1544 1143 1588 1173 27,
1607 1142 1657 1169 fol.
1683 1143 1739 1174 147,
1757 1147 1788 1168 n⁰
1811 1145 1845 1174 Ι.)

1365 1240 1379 1255 (1
1403 1254 1408 1258 ,
1428 1251 1433 1256 .
1452 1228 1591 1267 episcopo
1610 1227 1811 1258 Feri-arivnsi.
1831 1228 1879 1258 De
1898 1228 2091 1258 sinteritatc
2113 1228 2190 1258 tidei
2216 1238 2251 1257 ac
2269 1229 2333 1257 dis—

1323 1282 1484 1312 cretionis
1510 1283 1565 1311 tue
1585 1281 1753 1310 industria
1771 1281 1989 1316 cmiiidentes,
2012 1281 2138 1310 nostris
2164 1281 2224 1311 tibi
2245 1281 2334 1311 dedi-

1323 1344 1399 1365 mus
1417 1335 1542 1364 litteris
1570 1335 1604 1364 in
1627 1334 1808 1370 mandatis,
1831 1335 1865 1363 ut
1893 1342 2015 1363 census
2041 1342 2078 1363 ac
2105 1334 2191 1364 alios
2219 1343 2336 1364 omnes

1323 1388 1475 1418 redditus
1495 1389 1525 1417 et
1539 1389 1724 1426 proventus
1740 1388 1773 1417 in
1792 1387 1926 1418 civitate
1942 1396 1978 1417 ac
1998 1387 2124 1417 diocesi
2146 1387 2336 1417 Ferrarien-

1324 1441 1419 1471 sibus
1436 1450 1453 1471 a
1468 1442 1638 1471 communi
1664 1441 1872 1471 Ferrariensi
1893 1440 1946 1470 vel
1975 1440 2053 1469 aliis
2069 1439 2335 1479 quibuscumque

1324 1495 1479 1533 personis
1509 1503 1549 1524 ex
1582 1502 1793 1532 quacumque
1822 1494 1949 1524 ratione
1980 1493 2032 1523 vel
2068 1502 2169 1523 causa
2195 1493 2335 1523 ecclesie

1338 1549 1474 1579 1011111110
1496 1547 1640 1584 debitos,
1666 1547 1819 1586 exigeres
1837 1555 1896 1585 per
1916 1548 1947 1576 te
1968 1547 2020 1576 vel
2045 1546 2131 1576 alios
2151 1555 2187 1576 ac
2209 1546 2335 1576 faceres

1323 1601 1396 1635 tihi,
1408 1601 1543 1631 nomine
1554 1602 1670 1630 nostro
1682 1602 1712 1630 et
1727 1600 1866 1629 ecclesie
1882 1602 2079 1635 memorate,
2090 1599 2248 1637 persolvi.
2260 1600 2333 1629 Non

1324 1654 1478 1685 obstante
1497 1654 1714 1683 concessione
1731 1653 1846 1691 aliqua
1866 1653 1905 1682 de
1924 1653 2086 1691 predictis
2102 1652 2260 1682 censibus
2276 1661 2335 1682 seu

1323 1706 1515 1737 redditibus
1533 1707 1585 1736 vel
1605 1708 1699 1745 parte
1719 1706 1871 1744 ipsorum
1891 1705 2161 1744 quibuscumque
2179 1706 2335 1744 personis

1324 1760 1508 1799 apostolice
1544 1760 1636 1790 sedis
1673 1759 1726 1789 vel
1758 1759 1824 1788 alia
1853 1759 1974 1797 quavis
2004 1759 2203 1789 auctoritate
2237 1759 2334 1788 faeta.

1324 1814 1463 1847 Verum,
1475 1821 1564 1849 cum,
1582 1813 1667 1843 sicut
1679 1821 1738 1850 per
1754 1813 1830 1842 tuas
1848 1811 1946 1841 uobis
1960 1811 2277 1845 litterasintiniasti,
2297 1812 2336 1841 110

1325 1875 1428 1896 censu
1448 1874 1557 1896 annuo
1570 1865 1709 1904 triginta
1721 1865 1869 1904 quinque
1886 1873 2075 1894 marcarum
2092 1865 2219 1904 argenti
2236 1874 2253 1894 a
2265 1873 2336 1903 pre-

1324 1920 1391 1949 fato
1411 1919 1583 1949 communi
1600 1918 1741 1948 ecclesie
1760 1919 1824 1956 ipsi
1846 1917 1970 1953 debito,
1990 1918 2157 1956 qmmdam
2178 1918 2232 1953 A.‚
2252 1927 2338 1947 mar-

1325 1973 1435 2003 chioni
1471 1973 1619 2007 Estensi,
1651 1974 1681 2002 et
1712 1972 1751 2001 (10
1783 1970 1973 2001 redditibus
1991 1970 2077 2009 Ripe
2113 1971 2269 2001 Ferrarie
2301 1980 2337 2000 ac

1324 2026 1470 2065 Sigaroli
1492 2025 1673 2064 Stephano,
1694 2024 1864 2063 quondam
1886 2024 1998 2062 nepoti
2018 2023 2223 2053 marchionis
2252 2024 2339 2062 ejus-

1325 2079 1412 2113 dem,
1436 2079 1559 2118 ‹pribus
1588 2087 1726 2109 censum
1760 2080 1789 2107 et
1814 2077 1967 2108 redditus
1992 2078 2087 2115 ipsos
2114 2078 2223 2115 primo
2253 2086 2338 2107 auno

1325 2133 1537 2171 pontificatus
1563 2133 1669 2162 nostri
1698 2140 1756 2170 pro
1781 2131 1897 2160 00110111
1930 2139 2016 2160 anno
2047 2133 2078 2160 et
2110 2130 2241 2160 duobus
2262 2130 2338 2160 aliis

1325 2186 1435 2221 annis,
1455 2186 1612 2224 proximo
1626 2186 1705 2215 tunc
1723 2184 1861 2219 futuris,
1878 2183 2088 2213 concessisse
2106 2183 2262 2219 dicimur,
2280 2192 2339 2222 per

1326 2239 1584 2278 inquisitionem
1602 2247 1620 2268 a
1633 2240 1665 2268 te
1685 2237 1806 2268 factam
1829 2237 2001 2267 inveneris
2018 2236 2243 2272 satist'actuiii‚
2265 2245 2337 2272 nos,

1324 2345 1519 2385 hujusmodi
1548 2353 1651 2375 censu
1688 2344 1741 2374 vel
1768 2343 1957 2374 redditibus
1983 2351 2042 2381 pro
2074 2342 2161 2372 dicto
2192 2342 2338 2372 triennio

1326 2399 1514 2433 molestari,
1527 2398 1685 2428 volumus
1701 2400 1731 2427 et
1752 2396 1952 2426 mandamus
1967 2397 2133 2434 quatenus
2151 2395 2336 2424 adeosdem

1326 2460 1463 2482 censum
1483 2453 1515 2482 et
1532 2451 1695 2486 redditus,
1710 2452 1785 2488 post
1810 2450 1898 2479 idern
1915 2449 2110 2483 triennium,
2130 2447 2338 2486 colligendos

1326 2505 1501 2544 procedas,
1523 2505 1621 2543 Juxta
1642 2504 1801 2534 traditam
1823 2503 1857 2532 in
1877 2502 1956 2531 aliis
1979 2501 2105 2531 nostris
2124 2501 2250 2530 litteris
2275 2500 2337 2530 tibi

1325 2558 1481 2588 formam.
1516 2558 1641 2588 Datum
1672 2556 1759 2595 apud
1793 2555 2079 2588 Urbemveterem⁵
2121 2563 2144 2583 11
2175 2553 2338 2583 kalendas

1325 2610 1418 2646 maii,
1440 2618 1527 2640 anno
1545 2610 1655 2640 tertio.
1678 2620 1693 2637 n

1915 2754 2039 2785 Orvicto⁷
2055 2755 2089 2780 ‘22
2109 2753 2166 2780 mai
2188 2754 2263 2780 ¹262.

1396 2760 1470 2791 503

1361 2838 1531 2873 Praeposito
1547 2840 1574 2864 et
1591 2838 1698 2864 decano
1721 2834 1983 2862 llildesemcnsibus
1997 2834 2114 2860 mandat
2129 2835 2233 2867 cogant
2249 2832 2338 2859 comi-

1326 2890 1385 2915 tem
1414 2887 1569 2914 Ludulfum
1591 2886 1625 2912 de
1650 2886 1796 2915 Everstcn,
1816 2883 2019 2910 Wollimarum
2040 2882 2149 2909 dictum
2169 2883 2202 2909 de
2220 2882 2339 2908 3101105-

1326 2936 1410 2967 wiell,
1425 2939 1452 2963 et
1462 2935 1615 2962 Rodulfum
1630 2934 1718 2968 Long,
1731 2934 1902 2968 burgensem
1912 2932 1940 2959 in
1951 2931 2083 2962 lluxaria,
2094 2930 2336 2957 Paderburnensis
