2547 3289
92 949 194 974 Forma

65 979 226 1005 nuntiorun.

43 2397 100 2424 Pro
116 2398 231 2423 nuntiis.

272 211 292 239 2
1069 201 1295 233 REGISTRE
1318 194 1542 232 CAMERAL.

274 294 385 323 vestra
403 290 575 321 devotione
592 289 723 324 referre,
745 296 870 326 nosque
889 287 1110 317 sinceritatem
1132 285 1276 315 vestram

274 345 454 376 debeamus
474 343 593 374 exinde
613 342 730 379 merito
754 340 998 371 commendare.
1025 337 1183 377 Alioquin
1196 337 1276 376 {sen-

278 397 415 428 tentiam
429 414 477 426 —.
493 395 568 426 Non
587 393 794 425 obstantibus
812 393 879 423 ¹-.

340 564 363 594 2
807 559 931 592 Viierbe‚
949 560 983 585 27
999 558 1113 584 octobre
1133 558 1206 586 1261,

312 645 426 673 Eisdem
450 645 568 672 mandat
585 646 724 679 quatenus
745 643 918 678 magistrum
941 642 1090 669 Albertum
1108 641 1142 667 de
1163 641 1278 671 Parma,

279 694 449 728 scriptorem
474 693 675 728 apostolieum,
693 692 864 718 addiversas
886 692 980 725 partes
1001 690 1119 721 Galliae,
1142 689 1278 715 Alaman-

277 742 353 774 niae,
369 742 478 768 Scotino
492 744 519 768 ct
536 741 685 775 Hispaniae
703 740 917 772 destinandum,
930 747 995 765 cum
1015 738 1109 765 debita
1121 737 1281 764 reverentia

278 790 420 825 recipiant
439 790 520 824 eique
534 790 560 816 in
577 789 676 824 viginti
689 788 787 815 solidis
801 787 997 815 turonensium
1011 786 1158 822 providere
1170 787 1279 813 curent.

277 839 356 874 (Rae.
367 840 412 872 27,
433 838 479 866 sol.
500 840 522 870 1,
539 842 570 864 n⁰
587 838 627 873 2.)

322 954 337 970 «
362 940 485 971 Eisdem
513 945 568 970 etc.
597 949 689 979 usque
716 948 739 969 s.
772 937 919 967 joliannis
951 935 1198 970 Jerosolimitani,
1227 935 1283 965 Cu-

279 994 458 1026 lalrancnsis
499 998 525 1022 et
568 992 696 1022 retensis
732 991 773 1020 ad
803 1000 875 1030 quos
911 995 967 1020 etc.
1009 989 1091 1020 Cum
1124 989 1281 1018 dilectum

280 1048 387 1079 filium
417 1046 612 1084 magistrum
645 1044 817 1074 Albertum
850 1036 890 1072 de
919 1043 1050 1077 Parma,
1088 1042 1281 1080 scriptorem

278 1102 440 1135 nostrum,
459 1099 498 1128 de
509 1099 602 1137 oujiis
618 1098 695 1127 nota
707 1096 801 1126 nobis
817 1097 848 1126 et
858 1095 1016 1126 fratribus
1031 1094 1152 1124 nostris
1169 1094 1233 1123 fide
1245 1102 1282 1123 ac

278 1153 476 1185 discretione
491 1151 586 1190 plene
596 1149 806 1183 confidimus,
823 1149 863 1178 ad
872 1148 1022 1178 diversas
1034 1148 1143 1186 partes
1160 1146 1279 1182 Gallie,

277 1205 489 1239 Alamannie,
510 1203 629 1235 Scene.
653 1204 684 1233 et
699 1201 832 1241 Ispanie
857 1209 916 1239 pro
930 1200 1129 1239 quibusdan]
1144 1198 1282 1229 ecclesie

276 1258 427 1289 Romane
452 1258 483 1287 et
506 1257 644 1286 fratrum
663 1255 887 1294 predictorum
908 1253 1048 1291 negotiis
1063 1252 1279 1286 destinemus,

276 1310 528 1341 universitatem
540 1310 683 1339 vestram
696 1315 862 1345 rogamus,
873 1314 1049 1336 monemus
1066 1306 1097 1334 ct
1112 1304 1282 1334 hortamur

275 1364 397 1394 attente
415 1364 476 1392 etc.
497 1361 817 1400 usquemandantes,
835 1360 999 1397 quatenus
1016 1357 1141 1387 dictum
1161 1357 1281 1394 inagis-

275 1418 365 1447 trum
389 1424 464 1445 cum
485 1415 591 1445 tribus
605 1412 801 1452 equitaturis
816 1413 846 1442 et
862 1412 1002 1450 quatuor
1017 1410 1170 1449 personis
1187 1409 1280 1439 fami-

274 1468 414 1500 liaribus
430 1468 501 1498 suis
516 1475 590 1497 cum
601 1475 658 1505 per
668 1474 727 1495 vos
737 1466 796 1495 etc.
814 1473 919 1502 usque
937 1464 1111 1493 tractantes
1127 1462 1280 1497 eundem,

275 1522 306 1553 ei
323 1522 362 1552 de
379 1520 575 1552 necessariis
593 1519 664 1548 suis
682 1518 735 1547 vel
749 1526 808 1556 pro
825 1517 885 1552 eis,
897 1516 926 1546 si
943 1516 1040 1551 idem,
1053 1515 1115 1545 loci
1133 1515 1189 1543 aut
1204 1515 1282 1543 tem-

272 1574 364 1614 poris
381 1573 538 1612 qualitate
554 1569 897 1605 suadente,maluerit,
916 1568 950 1597 111
968 1567 1084 1606 viginti
1101 1566 1218 1596 solidis
1232 1567 1283 1595 tu-

275 1626 469 1657 ronensium
486 1624 633 1663 quolibet
650 1623 701 1652 die
726 1630 854 1652 necnon
875 1621 914 1651 de
935 1628 1050 1650 securo
1066 1619 1229 1649 conductu
1248 1618 1282 1648 in

273 1679 394 1713 eundo,
410 1677 568 1707 morando
582 1677 613 1706 et
630 1675 729 1705 etiam
744 1673 912 1704 redeundo
931 1673 1066 1702 honeste
1084 1681 1120 1701 ac
1138 1671 1280 1701 liberali-

273 1732 322 1762 ter
334 1729 508 1771 prox-idere
529 1728 661 1758 curetis.
682 1727 718 1758 Si
733 1727 843 1757 autem
860 1725 1002 1756 eundem
1018 1724 1214 1763 magistrum
1230 1741 1279 1753 —.

274 1783 435 1823 Alioquin
461 1781 658 1812 sententiam
681 1797 730 1808 —.
758 1779 835 1809 Non
855 1777 1064 1808 obstantibus
1082 1794 1131 1807 —.
1156 1777 1280 1806 Datum

273 1835 427 1872 Viterbii,
444 1844 466 1865 v
481 1834 640 1865 kalendas
656 1831 858 1866 novembris,
875 1838 962 1860 anno
975 1829 1094 1869 primo.
1114 1841 1129 1855 »

339 2011 362 2043 3
837 2003 963 2035 Viterbe,
979 2004 994 2028 5
1011 2002 1114 2029 sevrier
1131 2003 1205 2028 1262.

309 2092 448 2121 Omnibus
462 2088 662 2117 ecelesiasticis
677 2087 805 2122 personis
817 2086 1087 2124 mandat-quatenus
1102 2085 1277 2119 magistrum

275 2141 454 2168 Leonarduin
476 2140 613 2171 Cunterey
632 2137 854 2167 Messanensem‚
875 2135 1056 2169 capellanum
1077 2133 1278 2169 apostolicum,

274 2190 311 2217 ad
329 2191 424 2223 partes
444 2187 561 2221 Angliae
582 2194 614 2212 ac
635 2185 756 2212 Walliae
774 2183 978 2210 destinandum
1001 2190 1066 2209 cuin
1084 2182 1179 2208 debila
1199 2190 1276 2208 reve-

274 2238 369 2265 rentia
384 2236 541 2270 suscipiunt
557 2235 637 2268 eique
653 2234 681 2260 in
702 2233 800 2259 decem
818 2231 915 2258 solidis
932 2231 1138 2265 sterlingorum
1157 2230 1279 2265 singulis

277 2286 381 2313 diebus
400 2284 546 2320 providere
563 2284 673 2310 curent.
692 2281 770 2316 (Rnc.
787 2282 832 2314 27,
849 2280 871 2307 s⁰
891 2282 900 2306 1
921 2285 961 2311 v0,
978 2285 1010 2306 n⁰
1030 2280 1063 2314 1.)

316 2391 331 2407 «
344 2374 718 2415 Venerabilibussi-utribus
728 2372 1282 2412 zmiversis‚‹1rcbiepiscopis,episcopis

274 2437 303 2463 et
314 2431 429 2462 dilectis
439 2430 513 2470 filiis
524 2429 635 2464 electis,
645 2427 813 2462 abbatibus,
823 2425 988 2466 prioribus,
1003 2424 1134 2459 decanis,
1145 2425 1282 2464 preposi-

274 2486 324 2521 tis,
340 2482 572 2520 archidiaconis,
584 2479 846 2520 archipresbiteris
857 2477 1049 2518 seuplcbanis
1063 2483 1090 2507 ec
1106 2477 1174 2507 aliis
1190 2477 1281 2508 eccle-

273 2539 533 2581 szlzrumprelalis,
545 2546 703 2577 eorumque
715 2535 906 2566 conventibus
922 2539 949 2564 et
967 2534 1106 2574 capitulis
1124 2544 1158 2564 ac
1176 2535 1282 2564 celeris

272 2593 478 2625 ecclesiasticis
490 2591 627 2632 personis
636 2589 779 2629 exemplis
795 2594 890 2618 elnon
903 2587 1046 2627 exemptis
1064 2587 1279 2623 Cisterciensis‚

275 2645 493 2681 cluniacensis,
506 2641 806 2677 Premonstratensis,
816 2651 840 2671 s.
851 2640 1016 2675 Benedicti,
1035 2649 1059 2670 s.
1074 2640 1237 2679 Augustini
1253 2644 1281 2669 ee

273 2699 403 2730 aliorum
418 2698 568 2733 ordinum,
585 2705 697 2726 necnon
714 2694 868 2734 maqislris
886 2698 941 2723 etc.
962 2702 1054 2733 usque
1070 2692 1155 2724 Cum
1181 2692 1279 2723 dilec-

301 2794 324 2818 1.
346 2793 383 2818 Le
400 2792 527 2823 Registre
538 2797 570 2815 ne
583 2791 659 2822 porte
673 2796 723 2820 pas
735 2788 766 2813 de
781 2788 843 2812 date
859 2795 864 2817 ;
877 2787 896 2812 il
907 2788 966 2812 faut
980 2794 1046 2811 sans
1057 2786 1137 2811 doute
1152 2786 1282 2818 suppleer

270 2834 306 2860 lci
319 2834 347 2858 la
364 2833 424 2857 data
440 2832 472 2856 do
487 2832 513 2856 la
526 2832 605 2856 letti-o
619 2830 747 2854 suivante
767 2829 814 2860 qui
833 2828 913 2852 traito
929 2827 967 2852 du
984 2828 1070 2852 meina
1086 2827 1158 2857 sujot
1170 2829 1197 2851 et
1211 2834 1227 2852 a
1241 2827 1278 2852 dn

271 2874 329 2899 etro
342 2871 472 2904 expedieo
485 2878 516 2895 en
531 2872 616 2895 memo
625 2871 713 2900 temps
724 2875 777 2899 que
787 2867 904 2893 cello-ci.

1339 284 1408 313 turn
1425 283 1544 320 silium,
1558 285 1753 323 magistrum
1763 286 1971 316 Leonardum
1983 285 2144 325 Canterey
2153 286 2343 317 Messanen-

1341 344 1421 372 sem,
1437 337 1644 376 capellanum
1658 339 1816 374 nostrum,
1829 339 1869 368 de
1881 339 1974 377 cujus
1984 340 2043 369 etc.
2060 347 2165 378 usque
2179 340 2219 369 ad
2233 340 2344 378 partes

1338 389 1457 427 Anglie
1475 398 1512 420 ac
1523 390 1645 420 Wallie
1657 392 1717 420 etc.
1734 399 1838 429 usque
1854 391 2000 421 districte
2015 391 2238 430 precipiendo,
2253 399 2345 422 man-

1339 441 1455 471 dantes
1472 444 1635 481 quatenus
1651 443 1859 482 capellanum
1877 443 1987 482 ipsum
2001 452 2077 473 cum
2089 444 2235 482 quinque
2253 444 2343 482 equi-

1340 494 1459 524 taturiS
1475 496 1504 524 et
1521 497 1645 534 septem
1663 496 1826 534 personis,
1842 504 1880 525 eo
1902 504 1966 525 non
1985 497 2183 534 computato,
2206 496 2344 526 familia-

1339 546 1431 576 ribus
1447 548 1528 582 suis,
1546 556 1622 577 cuin
1642 558 1700 587 per
1715 557 1773 578 vos
1789 550 1849 578 etc.
1866 557 1970 586 usque
1991 548 2157 582 maluerit,
2175 549 2209 579 in
2231 549 2343 579 decem

1337 599 1455 630 solidis
1475 601 1709 640 sterlingorum
1726 601 1866 639 singulis
1882 601 2011 636 diebus,
2030 609 2158 630 necnon
2173 601 2212 631 de
2229 608 2345 631 securo

1339 653 1502 683 conductu
1517 655 1576 683 etc.
1587 662 1690 692 usque
1706 654 1852 692 alloquin
1872 653 2234 692 sententiam—,usque
2251 661 2345 683 men-

1340 705 1462 735 tionem
1477 707 1508 736 et
1523 715 1581 745 per
1598 716 1660 744 que
1676 707 1710 736 id
1725 706 1971 744 quomodolibet
1992 706 2147 745 impediri
2163 706 2269 736 valeat
2286 714 2345 737 seu

1340 758 1439 788 etiam
1468 760 1627 789 retardari
1651 777 1700 789 —.
1718 760 1841 790 Datum
1870 759 2025 794 Yiterbii,
2053 759 2150 789 nonis
2174 758 2344 794 februarii,

1343 820 1429 841 anno
1446 812 1565 850 primo.
1586 823 1601 839 »

1382 893 1419 923 In
1432 904 1461 924 e.
1473 899 1565 923 mele
1576 899 1619 922 ,ut
1635 904 1727 934 supra
1741 903 1846 933 usque
1861 894 2128 933 obtinemus‚pro
2145 893 2346 933 quibusdam

1342 946 1478 976 ecclesie
1491 947 1642 977 Romane
1656 947 1999 985 negotiisduxerimus
2012 947 2258 982 destinandum,
2273 946 2347 976 uni—

1344 999 1534 1029 versitatem
1548 1001 1690 1029 vestram
1703 1001 1762 1029 etc.
1777 1008 1882 1038 usque
1894 999 2059 1033 maluerit,
2075 999 2109 1028 in
2126 999 2259 1038 triginta
2270 998 2347 1029 soli-

1342 1052 1394 1081 dis
1407 1053 1637 1082 turonensium
1651 1052 1793 1090 singulis
1805 1052 1922 1082 diebus
1937 1053 1997 1087 etc,
2017 1060 2135 1090 usque.
2152 1052 2275 1082 Datum
2291 1051 2347 1081 Vi-

1342 1104 1454 1139 terbii‚
1474 1114 1493 1133 v
1512 1105 1587 1134 idus
1603 1104 1773 1139 februarii,
1790 1113 1876 1134 anno
1890 1105 2010 1144 primo.
2030 1116 2044 1132 »

1408 1266 1430 1297 4
1933 1263 2059 1294 Vilerbe,
2079 1264 2108 1289 15
2123 1264 2180 1290 mai
2201 1265 2277 1289 ¹252.

1380 1349 1526 1376 Universis
1557 1348 1743 1374 ecclesiarum
1772 1348 1908 1382 praelatis
1935 1350 1961 1374 et
1990 1348 2148 1375 rectoribus
2174 1348 2347 1382 magistrum

1343 1398 1459 1424 Petrum
1474 1397 1507 1423 de
1525 1397 1708 1427 pontecurvo,
1725 1396 1861 1422 clericum
1879 1396 2004 1429 capellae
2019 1404 2097 1428 sune,
2113 1396 2348 1423 archidiaconum

1345 1446 1557 1477 Gradicensem,
1580 1445 1641 1479 juni
1663 1445 1771 1472 dudum
1798 1445 1825 1470 111
1852 1444 1982 1471 Boemiae
2006 1452 2038 1470 ac
2066 1445 2197 1471 l'oloniae
2221 1445 2349 1478 partibus

1343 1494 1518 1528 apostolicae
1546 1494 1620 1520 sedis
1647 1493 1795 1525 nuncium,
1819 1493 1941 1519 Romam
1964 1493 2348 1525 redeuntem,commeudai.

1344 1542 1421 1575 (Rae.
1439 1543 1484 1573 27,
1502 1541 1551 1567 sol.
1571 1543 1580 1567 1
1599 1546 1639 1573 v0,
1655 1546 1688 1567 n⁹
1704 1541 1734 1571 2;
1751 1541 1889 1566 Ροττιιᾼετ
1907 1540 2013 1574 18322.)

1384 1632 1399 1647 «
1423 1619 1645 1649 venerabilibus
1669 1619 1819 1658 fratribus
1843 1618 2077 1658 archiepiscopis
2101 1623 2128 1647 et
2148 1618 2297 1658 episcopis
2314 1628 2350 1648 ac

1342 1673 1457 1702 dilectis
1476 1672 1561 1712 filiis,
1581 1672 1748 1707 abbatibus,
1762 1671 1918 1711 prioribus
1951 1671 2157 1701 cisterciensis
2174 1676 2202 1700 et
2220 1670 2350 1700 aliorum

1344 1726 1483 1756 ordinum
1501 1735 1536 1755 ac
1551 1725 1682 1762 decanis,
1696 1724 1870 1764 prepositis,
1888 1723 2285 1763 archidiaconis,plebanis,
2300 1733 2350 1753 ca-

1340 1779 1449 1819 pitulis
1466 1778 1610 1818 exemplis
1628 1783 1654 1808 et
1678 1788 1737 1806 non
1752 1777 1898 1816 exemptis
1913 1781 1939 1806 et
1958 1776 2026 1806 aliis
2043 1776 2233 1806 ecclesiarum
2246 1776 2349 1816 prela-

1341 1832 1378 1861 tis
1393 1842 1442 1861 seu
1458 1829 1928 1869 reclorz'busmecnonHospitalis
1944 1827 2184 1859 Jerosolimitani
2199 1833 2225 1859 et
2241 1828 2350 1859 Miliet'e

1344 1884 1460 1923 Templi
1471 1882 1865 1923 magyislris,preceptoribus
1877 1887 1903 1912 et
1913 1882 2062 1920 frutribus
2073 1881 2256 1921 adquoselc.
2266 1881 2349 1912 Cum

1339 1938 1499 1967 dilectum
1516 1937 1635 1971 filium,
1648 1937 1846 1975 magistrum
1866 1935 2002 1965 Petrum
2018 1935 2058 1966 de
2077 1935 2285 1965 Pontecurvo
2296 1952 2347 1962 —.

1342 1990 1467 2022 Datum
1499 1989 1655 2025 Viterbii,
1684 1989 1760 2019 idus
1787 1988 1879 2023 maii,
1908 1988 2120 2027 pontificatus
2139 1987 2242 2018 nostri
2262 1995 2349 2017 anno

1338 2044 1458 2083 primo.
1479 2054 1494 2070 n

1406 2202 1429 2232 5
1927 2197 2054 2229 Viterbe,
2076 2198 2106 2225 15
2124 2197 2182 2224 mai
2202 2198 2277 2224 1262.

1378 2283 1494 2311 Eisdem
1515 2284 1633 2311 mandat
1650 2285 1678 2310 ut
1700 2283 1863 2318 pecuniam,
1883 2282 1906 2309 si
1927 2290 2013 2316 quam
2035 2281 2176 2316 magister
2196 2282 2295 2309 Petrus
2315 2282 2349 2308 de

1343 2334 1520 2360 Ponteeurvo
1543 2333 1583 2359 eis
1608 2332 1838 2359 transferendam
1863 2330 2064 2366 assignaverit,
2089 2331 2227 2364 recipiant
2250 2332 2279 2356 et
2299 2338 2350 2364 per

1344 2390 1463 2409 securas
1481 2381 1632 2415 fidelesque
1651 2388 1787 2415 personas
1805 2379 1958 2406 transferri
1975 2378 2093 2405 saciant.
2114 2379 2190 2413 illac.
2207 2379 2252 2410 27,
2268 2378 2316 2404 sol.
2334 2379 2344 2404 1

1343 2435 1383 2464 v⁰‚
1399 2435 1430 2457 n⁰
1445 2431 1476 2464 ὃς
1493 2430 1637 2457 Ροττιιᾼετ
1658 2430 1765 2463 18323.)

1383 2535 1398 2551 «
1418 2523 1538 2554 Eidem.
1556 2524 1815 2555 Universitatem
1833 2525 1974 2554 vestram
1992 2531 2146 2562 rogamus
2162 2541 2212 2554 —.
2225 2523 2349 2554 Datum

1343 2577 1427 2609 utin
1445 2577 1608 2617 proxima.
1629 2588 1644 2604 »

1408 2724 1432 2755 3
2115 2720 2186 2747 Sans
2199 2719 2275 2746 date.

1378 2805 1547 2833 Consulibus
1574 2807 1769 2832 mercatorum
1796 2804 1830 2831 de
1856 2804 2003 2833 Calemaia
2029 2803 2202 2832 Florentinis
2228 2802 2348 2830 mandat

1349 2856 1488 2890 quatenus
1499 2854 1610 2889 aliquos
1625 2856 1798 2880 mercatores
1814 2853 2006 2886 Florentinos,
2016 2852 2157 2880 rationem
2172 2859 2238 2878 eum
2254 2859 2348 2880 came·
