2547 3289
1066 270 1307 308 'snOIsOEME
1331 271 1495 308 ANNFIE.
2268 279 2325 308 253

238 361 466 398 pensavisset,
486 360 621 390 studere
637 359 799 390 debuerat
815 361 851 389 ut
866 360 973 398 ipsam
993 368 1070 398 erga
1088 368 1251 389 memora-

238 415 311 444 tum
329 413 535 444 cardinalem
554 415 585 443 et
604 422 684 443 suos
700 413 880 451 repensiva
899 413 1090 442 devotionis
1107 414 1135 441 et
1153 413 1251 451 grati·
1281 400 1282 435 Ῐ

239 467 370 496 tudinis
401 468 648 505 compensaret,
680 468 711 496 et
746 474 811 495 non
847 466 957 495 solum
995 466 1037 495 ad
1071 474 1251 504 personam

239 520 349 558 ipsius
379 528 414 549 se
432 520 591 549 devotum
612 519 814 549 ostenderet,
837 519 896 548 sed
912 520 943 548 et
966 519 1004 548 ad
1023 519 1099 556 jura
1121 527 1185 548 non
1206 519 1251 548 in-

235 572 419 611 juriosum,
436 573 539 602 immo
551 572 591 601 ad
608 572 900 602 conservationem
912 572 1075 609 ipsorum,
1088 573 1251 609 ‹piant-,im
1281 563 1283 569 ’

508 625 780 654 conservatorem
810 623 1031 653 favorabilem
1065 623 1249 654 exhiberet.
1282 622 1283 640 ³

239 624 273 653 in
302 633 339 654 eo
369 627 469 657 esset.

238 678 378 711 Verum,
394 677 481 707 idem
501 677 699 715 capitulum,
718 677 911 715 hujusmodi
940 677 1046 713 gratie
1075 676 1253 705 immemor

239 732 272 760 et
290 730 330 759 ad
356 730 449 759 illam
479 738 514 758 se
533 730 670 759 omnino
698 729 842 759 reddens
870 729 1052 767 ingratum,
1084 730 1253 758 immerita

241 791 314 812 eam
328 783 601 821 compensatione
614 782 834 820 prosequitur
847 783 878 811 et
894 782 1018 819 injusta
1031 780 1252 819 1;›roculdubio
1282 771 1283 780 ¹

237 835 485 874 prosecutione,
512 835 613 864 immo
634 835 750 873 iniqua
769 835 1002 872 persecutione
1020 834 1144 872 potius,
1166 833 1252 862 sicut

239 897 298 928 per
321 888 475 918 eumdem
501 887 707 917 cardinalem
734 887 979 922 intelleximus,
1006 888 1250 925 recompensat,

239 942 348 972 eidem
371 941 534 971 cardinali
561 942 629 969 tam
654 940 688 969 in
708 948 743 969 se
769 949 869 978 quam
888 940 919 969 in
941 940 1013 969 suis
1034 940 1176 978 injurias
1194 948 1252 977 pro

240 994 440 1033 injuriarum
458 993 660 1023 remissione
681 993 884 1028 retribuens,
903 994 934 1022 et
951 1002 1010 1031 pro
1028 1002 1065 1022 eo
1079 993 1168 1031 quod
1181 993 1252 1030 ipse

240 1047 423 1077 cardinalis
439 1048 508 1076 tam
527 1046 670 1085 benigne
690 1055 708 1075 a
725 1046 777 1075 sui
791 1046 879 1085 Juris
898 1046 1135 1084 prosecutione
1153 1045 1254 1075 desti-

238 1100 291 1135 tit,
322 1100 351 1130 ei
379 1100 583 1138 multiplicia
620 1099 862 1137 impedimenta
896 1099 930 1128 in
960 1107 1100 1128 suorum
1123 1098 1253 1136 jurium

239 1153 435 1183 executione
464 1152 665 1190 rependens.
697 1153 781 1182 Cum
815 1152 905 1182 enim
934 1152 1023 1181 idem
1056 1151 1252 1186 cardinalis,

238 1206 324 1236 sicut
342 1215 379 1236 eo
400 1206 567 1236 referente
584 1206 778 1238 didicimus,
799 1207 886 1235 esset
905 1205 939 1234 in
956 1205 1056 1243 plena
1070 1206 1101 1234 ct
1115 1205 1252 1243 pacifica

238 1260 455 1298 possessione
472 1259 676 1289 convocandi
687 1261 717 1288 et
730 1259 866 1288 tenendi
878 1259 1046 1297 synodum
1065 1258 1099 1287 in
1117 1259 1252 1288 civitate

238 1313 412 1347 Remensi,
435 1314 534 1351 prout
553 1313 593 1342 ad
613 1321 702 1347 eum,
719 1313 848 1342 ratione
868 1311 1162 1341 archidiaconatus
1181 1321 1255 1350 pre-

240 1365 331 1401 dicti,
347 1366 386 1395 de
404 1366 543 1404 antiqua
560 1367 591 1394 et
609 1365 795 1404 approbata
811 1367 842 1395 et
862 1365 1023 1395 hactenus
1041 1365 1178 1403 pacifice
1196 1365 1251 1395 ob-

242 1420 375 1449 servata
400 1419 657 1452 consuetmline,
681 1419 843 1449 Remensi
865 1419 942 1448 sede
961 1421 1111 1454 vacante,
1130 1418 1253 1448 dicitur

239 1472 420 1510 pertinere,
440 1481 475 1502 ac
486 1472 597 1502 dictus
614 1472 771 1501 officialis
790 1473 820 1501 et
832 1471 968 1510 quidam
986 1471 1042 1501 alii
1066 1471 1252 1502 familiares

240 1526 305 1561 sui,
338 1525 416 1555 sede
438 1525 559 1564 ipsius,
586 1525 673 1555 sicut
691 1525 797 1555 adhuc
824 1527 886 1559 est,
917 1525 1081 1554 destituta
1104 1526 1251 1563 pastore,

239 1578 439 1608 auctoritate
450 1579 571 1617 ipsius,
582 1579 751 1617 synodum
764 1579 1004 1608 convocassent
1015 1579 1251 1615 memoratum,

239 1632 426 1670 capitulum
454 1631 755 1670 archiepiscopalis
777 1631 1028 1669 jurisdictionis
1052 1632 1253 1661 exercitium

240 1685 281 1714 ad
298 1694 333 1715 se
351 1687 503 1723 spectare
521 1694 557 1715 ac
576 1694 649 1715 eam
667 1693 824 1715 exercere
844 1693 878 1714 se
902 1693 1071 1719 asserens,
1090 1685 1253 1715 cardinali

238 1739 402 1777 predicto,
416 1738 520 1769 immo
534 1738 631 1768 nobis
649 1738 834 1768 etecclesie
850 1739 1000 1768 Romane
1016 1739 1049 1768 in
1063 1738 1253 1776 ipso‚tant0

239 1793 271 1822 et
290 1793 358 1821 tam
377 1791 483 1821 nobili
502 1791 653 1829 ejusdem
666 1791 808 1821 ecclesie
820 1791 984 1826 membro,
1000 1800 1065 1820 non
1083 1791 1251 1827 deferens,

238 1844 376 1875 officiali
401 1844 531 1882 prefato
551 1844 752 1874 inhibitione
778 1844 874 1878 facta,
895 1852 934 1874 ne
952 1844 1120 1882 synodum
1142 1844 1252 1883 ipsam

237 1899 351 1928 tenere
380 1898 434 1927 vel
454 1897 608 1927 decetero
636 1906 819 1927 convocare
845 1899 1068 1936 presumeret,
1097 1897 1130 1927 in
1150 1898 1252 1927 cardi-

237 1951 349 1980 nalem
364 1951 489 1989 ipsum,
509 1951 599 1989 quod
615 1951 718 1980 etiam
735 1950 865 1980 auditui
883 1952 933 1980 est
948 1950 1164 1985 horrendum,
1184 1951 1254 1980 offi-

237 2004 358 2034 cialem
377 2005 409 2034 et
439 2004 625 2034 familiares
648 2004 798 2040 eosdem,
821 2004 849 2032 si
877 2012 975 2033 secus
994 2004 1097 2039 fieret,
1119 2013 1253 2033 excom-

237 2057 480 2087 municationis
525 2057 729 2087 sententiam
774 2057 1029 2095 presumptione
1066 2057 1253 2087 damnabili

237 2110 421 2140 fulminare
435 2111 655 2149 presumpsit,
674 2110 802 2140 faciens
816 2110 1055 2141 nichilominus
1071 2111 1252 2141 officialem

237 2166 269 2194 et
297 2164 484 2194 familiares
514 2164 685 2202 predictos
717 2164 1006 2194 excommunicari
1038 2164 1186 2202 publice,
1217 2174 1252 2194 ac

237 2219 410 2256 tamquam
427 2217 740 2247 excommunicatos
754 2217 794 2247 de
805 2217 904 2247 choro
914 2218 1061 2256 predicte
1072 2218 1253 2248 Remensis

238 2269 380 2300 ecclesie
400 2279 459 2309 per
475 2271 676 2301 Gualterum
700 2270 740 2300 de
764 2270 887 2300 Bretis.
910 2271 1020 2308 ipsius
1043 2270 1184 2301 ecclesie
1205 2280 1254 2301 ca-

240 2323 411 2358 nonicum,
434 2323 661 2362 ignominiose
688 2323 819 2362 repelli,
839 2331 969 2353 necnon
991 2326 1022 2354 et
1041 2324 1121 2354 illos
1138 2324 1194 2363 qui
1213 2324 1253 2353 ad

240 2375 408 2414 synodum
425 2375 611 2413 predictam
633 2377 871 2410 convenerant,
890 2375 987 2414 equis
1006 2377 1037 2405 et
1055 2375 1156 2405 rebus
1176 2375 1253 2405 aliis

238 2429 394 2467 nequiter
422 2428 576 2466 spoliari,
603 2429 653 2458 eis
671 2429 761 2467 quod
788 2431 904 2459 contra
924 2429 1018 2467 ipsos
1034 2429 1253 2467 procederent

239 2481 359 2511 durius
386 2481 533 2511 diversis
557 2481 794 2512 comminando
808 2481 998 2512 terroribus
1019 2491 1056 2512 ac
1074 2491 1132 2512 eos
1149 2482 1253 2511 variis

239 2544 254 2565 c
271 2534 562 2564 nnminationibus
578 2534 790 2564 deterrendo.

281 2589 387 2618 Porro
410 2587 542 2617 solebat
563 2587 725 2617 hactenus
749 2587 900 2626 predicta
926 2588 1051 2617 nobilis
1074 2588 1254 2619 Remensis

239 2641 383 2671 ecclesia
398 2641 557 2671 discretis
574 2641 740 2679 remigare
760 2650 818 2679 per
835 2641 936 2679 hujus
955 2641 1071 2671 mundi
1090 2641 1255 2672 fluctuosa

239 2695 439 2734 remigibus.
472 2693 608 2724 Solebat
639 2693 844 2724 discretione
872 2694 1054 2732 gubernari
1080 2695 1254 2733 magistra,
1284 2709 1286 2735 3

241 2748 342 2787 dirigi
368 2748 566 2786 magisterio
589 2747 742 2777 rationis.
761 2747 908 2781 Solebat,
925 2749 955 2778 et
971 2747 1076 2777 adhuc
1094 2748 1252 2784 creditur,
1285 2758 1286 2763 ¹

239 2801 332 2832 viros
363 2801 487 2831 habere
520 2801 663 2830 scientia
697 2801 858 2839 preditos,
894 2801 1029 2830 consilii
1060 2802 1255 2831 maturitate
1285 2838 1286 2843 ¹

240 2855 443 2893 conspicuos
462 2856 494 2884 et
513 2862 645 2883 morum
670 2854 835 2892 gravitate
854 2855 1016 2883 maturos.
1036 2854 1101 2883 Sed
1123 2854 1156 2883 in
1176 2854 1253 2890 hiis,
1285 2846 1286 2886 Ϊ

241 2909 269 2938 si
306 2908 495 2937 fulciuntur
528 2907 670 2936 veritate
709 2908 860 2940 narrata,
900 2907 1048 2945 impetus
1090 2907 1255 2937 rationem

242 2960 428 2997 absorbuit,
457 2960 660 2999 sapientiam
686 2960 794 2998 ipsius
819 2960 977 2998 superbie
1004 2961 1123 2990 ventus
1146 2959 1256 2990 abstu-

1315 359 1395 389 lisse
1422 360 1554 390 videtur
1579 362 1608 389 et
1634 360 1800 398 prefatum
1829 360 2015 398 capitulum
2043 361 2076 389 in
2105 361 2326 390 consiliorum

1314 422 1450 442 suornm
1478 413 1694 443 multitudine
1723 413 1899 442 defecisse.
1930 414 2025 443 subn
2055 414 2156 451 igitur
2181 423 2219 443 ex
2246 414 2323 450 hiis,

1314 474 1372 494 nec
1407 467 1586 495 innncrito.
1624 466 1719 495 nobis·
1752 468 1781 495 et
1815 466 1941 495 cunctis
1974 466 2189 495 audientibus
2221 467 2326 497 multe

1314 519 1550 548 admirationis
1580 519 1722 549 occasio.
1755 520 1838 554 Quis
1866 529 1943 558 crgo
1971 528 2034 548 non
2066 520 2206 549 miretur
2236 520 2326 549 viros

1314 572 1483 609 providos.
1512 572 1632 601 solitos
1661 572 1964 610 circuinspcctione
1993 572 2132 611 pollere,
2153 573 2200 601 sic
2227 573 2312 602 incir

1314 628 1517 662 cumspcctc,
1546 625 1592 654 sic
1619 625 1805 663 improvide
1830 625 2040 663 proccssisci'
2063 626 2146 660 Quis
2173 635 2237 655 non
2264 626 2309 655 ini

1314 680 1405 707 rctur
1432 678 1498 707 tale
1527 678 1704 715 collegium
1739 678 1771 707 in
1802 679 1926 708 tantam
1962 678 2177 708 insolentiam
2210 687 2314 709 conve

1315 731 1405 760 nisse
1434 733 1467 760 nt
1494 732 1525 759 in
1545 732 1750 761 cardinalem
1776 732 1986 763 anctoritate.
2013 732 2115 761 imino
2135 733 2324 762 temeritate

1315 784 1447 822 propria
1472 785 1674 813 sententiam
1709 785 1915 817 t'uln‘iinarct,
1942 793 1999 813 nec
2025 785 2216 814 ministerio
2238 786 2326 815 defe-

1282 845 1284 887 ᾖ,
1314 846 1391 866 rens
1419 846 1477 866 nec
1507 837 1673 867 ministro,
1698 839 1727 866 ct
1756 838 1795 866 ad
1815 847 1874 867 suc
1896 838 2107 867 s·s›1it'usi‹:›11is
2137 839 2321 872 ‹·1nnul¹nn‚

1314 898 1379 919 non
1399 890 1686 928 attendensquod⁷
1707 890 1733 919 si
1754 891 1853 919 ctiam
1875 891 1906 919 in
1926 891 2036 928 ipsum
2050 891 2325 929 jurisdictimwm

1315 942 1461 972 haberet.
1475 943 1684 981 juristamen
1704 951 1845 972 censura
1865 952 1927 972 non
1948 944 2074 981 patitur
2094 947 2228 982 proptm‘
2247 945 2326 973 altc-

1315 996 1386 1024 rius
1403 996 1631 1034 procuratoris
1646 996 1747 1025 etiam
1765 996 1923 1025 delictum
1944 997 1995 1026 vel
2014 998 2271 1026 contumaciam,
2292 998 2324 1026 in

1315 1048 1459 1078 alterum
1482 1048 1562 1077 ferri
1582 1049 1784 1078 sententiam
1813 1049 1863 1078 vel
1891 1049 1948 1078 alii
1975 1058 2096 1087 penam
2121 1050 2240 1087 intliggi,
2266 1059 2326 1088 per

1316 1110 1416 1139 quam
1429 1111 1447 1131 a
1460 1104 1749 1131 sacramentorum
1764 1102 1999 1131 communione
2015 1102 2132 1131 insons
2148 1106 2179 1132 et
2196 1103 2326 1132 inscius

1315 1154 1516 1185 excluditur.
1541 1155 1609 1184 Nec
1633 1155 1666 1183 in
1689 1155 1851 1192 predictis
1871 1157 2022 1189 excusat,
2043 1156 2101 1185 sed
2120 1159 2251 1185 accusat
2272 1165 2326 1194 po-

1315 1208 1381 1238 tius
1399 1207 1488 1246 quod
1505 1207 1742 1246 jurisdictione
1763 1208 2042 1246 archiepist-opali
2063 1217 2097 1237 se
2121 1209 2169 1237 uti
2189 1210 2324 1244 asserit,

1315 1261 1501 1290 vacationis
1518 1261 1669 1298 eJ'usdem
1695 1261 1876 1290 Hemensis
1899 1261 2038 1291 ecclesie
2056 1264 2218 1299 tempore,
2239 1263 2327 1300 capi-

1314 1313 1423 1343 tulum
1450 1315 1686 1347 memoratum7
1716 1322 1804 1347 cum,
1828 1314 1915 1342 sicut
1936 1313 2024 1343 idem
2055 1314 2240 1352 capitulum
2263 1323 2327 1344 non

1315 1366 1470 1405 ignorare
1492 1366 1627 1402 dicitur,
1648 1366 1774 1396 dudum
1801 1366 1888 1396 inter
1906 1366 1991 1396 bone
2012 1367 2174 1396 memorie
2192 1368 2243 1403 T„
2263 1368 2328 1397 Re-

1314 1428 1466 1450 mensem
1505 1419 1808 1458 archiepiscopum,
1838 1422 1869 1449 et
1904 1420 2071 1458 profatum
2106 1420 2324 1456 cardinalem,

1315 1482 1416 1511 super
1433 1473 1535 1503 certis
1560 1473 1705 1502 invicem
1728 1473 1969 1503 contendentes
1985 1473 2151 1507 articulis,
2175 1474 2327 1504 extiterit

1315 1535 1373 1564 per
1401 1526 1515 1556 sedem
1535 1526 1757 1564 apostolicam
1774 1526 1965 1556 ordinatum
1988 1527 2077 1564 quod
2096 1526 2181 1556 alter
2198 1527 2230 1556 in
2248 1527 2328 1557 alte-

1314 1580 1387 1609 rius
1409 1579 2029 1618 familiamjurisdictionemaliquam
2049 1588 2114 1609 non
2128 1580 2275 1614 haberet,
2295 1582 2328 1610 et

1316 1633 1481 1663 ordinatio
1502 1632 1710 1670 hujusmodi,
1729 1641 1794 1662 non
1812 1632 1966 1662 obstante
1985 1633 2073 1671 quod
2097 1634 2131 1663 in
2150 1642 2188 1662 ea
2204 1634 2327 1671 prefati

1315 1686 1454 1724 capituli
1486 1695 1551 1715 non
1586 1686 1766 1716 intervenit
1799 1695 1972 1719 assensus,
2007 1687 2207 1716 auctoritate
2235 1687 2328 1717 sedis

1315 1739 1465 1778 ejusdem
1494 1741 1691 1769 confirmata
1712 1741 1743 1769 et
1761 1742 1940 1777 prorogata
1965 1739 2067 1769 fuerit
2084 1740 2125 1769 ad
2149 1741 2327 1778 utriusque

1316 1793 1467 1831 ipsorum
1487 1793 1670 1822 cardinalis
1685 1794 1715 1823 et
1732 1793 1977 1831 archiepiscopi
1997 1802 2221 1829 successores,
2242 1793 2328 1824 sicut

1316 1846 1348 1875 in
1380 1846 1506 1876 litteris
1537 1846 1734 1884 apostolicis
1765 1855 1866 1884 super
1896 1846 2089 1884 hujusmodi
2116 1847 2327 1876 ordinatione

1315 1899 1488 1934 confectis
1506 1899 1593 1929 inter
1610 1901 1721 1929 cetera
1739 1899 1978 1937 perspeximus
1995 1899 2172 1934 contineri,
2192 1902 2328 1938 propter

1315 1953 1402 1990 quod
1422 1953 1627 1990 premissum
1639 1961 1847 1990 processum
1868 1953 1970 1981 immo
1990 1961 2167 1982 excessum
2185 1953 2327 1990 predicti

1315 2005 1466 2044 capituli,
1497 2006 1709 2035 attendentes
1733 2005 1824 2035 omni
1855 2014 1967 2035 carere
1995 2005 2113 2035 robore
2142 2006 2326 2041 firmitatis,

1314 2059 1410 2088 illum
1442 2067 1568 2089 necnon
1590 2061 1621 2089 et
1649 2059 1834 2097 predictam
1860 2059 2062 2088 sententiam
2090 2061 2203 2088 contra
2224 2059 2328 2088 cardi-

1315 2112 1437 2148 nalem,
1451 2112 1629 2142 officialem
1647 2114 1679 2142 ct
1698 2112 1885 2142 familiares
1900 2112 2068 2150 predictos
2083 2112 2198 2145 latam,
2212 2113 2328 2142 irritos

1315 2166 1529 2195 decernimus
1548 2168 1577 2195 et
1592 2166 1721 2201 inanes,
1742 2167 1771 2195 et
1788 2165 2029 2195 nichilominus
2047 2166 2181 2195 eosdem
2196 2174 2327 2203 proces-

1315 2228 1389 2249 sum
1411 2221 1442 2248 et
1470 2219 1685 2254 sententiam,
1709 2228 1745 2248 ac
1764 2219 1925 2257 quicquid
1953 2227 1994 2248 ex
2014 2219 2063 2248 eis
2092 2221 2244 2248 secutum
2263 2220 2325 2255 est,

1315 2271 1481 2306 quatenus
1504 2268 1543 2297 de
1570 2268 1655 2297 facto
1683 2270 1932 2305 processerunt,
1960 2267 2095 2305 penitus
2116 2276 2325 2303 revocamus,

1315 2321 1519 2351 frateri‘iitati
1549 2323 1604 2350 tue
1636 2321 1835 2350 mandantes
1869 2320 2029 2358 quatinus
2062 2320 2262 2349 sententiam
2295 2321 2327 2349 et

1315 2383 1511 2412 processum
1536 2374 1742 2413 hujusmodi,
1768 2373 1823 2402 ubi
1846 2376 1875 2402 et
1897 2373 2030 2411 quando
2053 2373 2212 2410 expedire
2236 2373 2326 2402 vide-

1315 2428 1374 2462 ris,
1391 2429 1496 2466 perte
1513 2427 1566 2457 vel
1586 2436 1646 2466 per
1664 2426 1767 2456 alium
1787 2435 1847 2456 seu
1864 2426 1950 2456 alios
1969 2426 2172 2455 denuntians
2189 2426 2326 2464 penitus

1316 2489 1390 2511 esse
1403 2481 1515 2510 nullos
1531 2489 1566 2509 ac
1580 2482 1766 2515 revocatos,
1779 2481 1944 2517 quatenus
1958 2487 2152 2517 processere
2167 2478 2207 2508 de
2226 2479 2325 2515 sacto,

1316 2534 1446 2572 prefato
1477 2533 1625 2572 capitulo
1645 2532 1885 2562 nichilominus
1911 2532 2062 2562 districte
2087 2532 2256 2570 precipias
2276 2534 2324 2569 ut,

1317 2587 1442 2626 absque
1462 2586 1661 2616 difficultate
1680 2586 1805 2624 aliqua,
1826 2587 1957 2615 revocet
1977 2594 2085 2623 perse
2105 2585 2216 2623 ipsum
2235 2586 2325 2624 quic-

1317 2641 1398 2679 quid
1428 2640 1460 2669 in
1478 2639 1656 2678 premissis
1679 2638 1868 2668 dinoscitur
1885 2640 2116 2676 attemptasse,
2143 2638 2326 2669 inhibendo

1317 2694 1382 2724 sibi
1401 2693 1590 2724 districtius
1610 2701 1649 2722 ne
1669 2692 1702 2722 in
1718 2692 1877 2731 injuriam
1901 2692 2097 2728 cardinalis,
2120 2692 2277 2722 officialis
2295 2693 2328 2722 et

1318 2746 1538 2777 familiarium
1557 2745 1784 2784 predictorum
1804 2745 1931 2775 similia
1951 2745 2104 2775 decetero
2126 2747 2326 2784 attemptare

1317 2801 1527 2839 presumant.
1558 2799 1830 2829 Contradictores
1856 2801 1916 2828 etc.
1943 2799 2018 2828 Non
2042 2798 2196 2829 obstante
2221 2799 2249 2829 si
2275 2817 2325 2830 —.

1317 2854 1487 2887 Ceterum,
1507 2852 1586 2890 quia
1598 2851 1691 2881 cordi
1707 2851 1806 2881 nobis
1823 2853 1885 2887 est,
1901 2851 1989 2881 sicut
2006 2853 2037 2881 et
2052 2852 2159 2882 nostri
2174 2851 2327 2882 debitum

1318 2906 1469 2945 exposcit
1485 2905 1600 2940 oflicii,
1620 2904 1834 2934 subditorum
1851 2913 1982 2934 errores
1993 2905 2145 2935 doctrina
2159 2905 2326 2943 corrigere

1320 2968 1356 2989 ac
1372 2967 1535 2989 excessus
1552 2958 1733 2997 disciplina
1745 2957 1858 2988 debita
1869 2957 2045 2997 castigare,
2060 2959 2095 2988 ut
2111 2960 2202 2988 tanto
2214 2967 2328 2988 exces-
