2547 3289
242 206 299 233 1245
998 201 1240 231 tiliths'sltt-JS
1263 201 1474 231 D'L'RbAIN
1502 202 1556 231 [V.

238 296 369 316 ‹nnneni
395 285 502 323 ipsius
529 284 622 313 electi
649 292 842 321 processum
868 292 970 322 super
993 284 1051 313 ho«
1080 283 1245 318 habitum,

237 340 395 369 duximus
423 338 462 367 de
493 338 631 367 fratrum
657 338 848 365 nostrorum
883 337 1025 366 consilio
1051 337 1243 367 irritandos.

237 391 455 421 Postmodum
478 392 601 425 autem,
624 390 711 418 idem
737 389 938 427 Pliylippus‚
959 390 1183 427 personaliter
1205 390 1245 419 ad

236 444 441 483 presentiam
456 446 604 471 nostram
622 442 794 477 accedens,
811 451 908 472 omne
920 443 988 481 jus,
1010 443 1097 481 quod
1117 443 1183 472 sibi
1203 451 1245 472 ex

236 498 397 527 electione
408 495 613 534 competebat
630 495 757 531 eadem,
775 498 892 534 sponte
906 505 942 525 ac
956 495 1105 525 liberein
1121 496 1246 526 nostris

237 550 392 579 manibus
406 549 600 586 resignavit.
618 548 786 587 sicigitur
803 549 918 578 eadem
930 549 1069 578 ecclesia
1083 549 1245 587 pastorali

236 603 396 632 destituta
413 602 587 639 regimine,
603 602 701 640 digne
720 602 938 640 pensavimus
954 604 987 631 ut
1008 602 1079 640 ipsa
1097 602 1246 641 presidio

236 658 371 694 paterne
392 655 642 693 propitiationis
661 655 784 693 adjuta,
802 655 907 693 optati
921 655 1035 693 sponsi
1052 655 1246 693 provisione

237 710 380 747 1·eeepta‚
408 709 555 746 vigorem
586 708 650 737 leta
677 710 825 737 resumat
847 708 945 738 solite
964 708 1164 738 venustatis.
1185 708 1246 738 De-

235 770 313 791 eens
329 770 461 800 quoque
477 760 679 791 arbitrantes
694 762 724 790 et
740 770 924 798 congruum
939 762 973 790 ut
991 761 1129 791 eandem
1146 760 1244 791 eccle-

236 815 333 850 siam,
352 814 454 844 multe
468 814 643 853 dignitatis
658 814 836 853 privilegio
851 814 1052 850 decoratam,
1071 814 1246 852 oportunis

238 867 408 897 favoribus
426 876 682 906 prosequamur,
703 867 741 897 de
759 876 902 906 persona
919 867 983 897 sibi
1001 867 1245 906 providendum

237 920 306 950 fore
334 920 557 954 decrevimus,
586 928 687 958 quam
712 920 946 950 verisimiliter
967 921 996 950 ei
1021 928 1198 959 speramus
1216 922 1246 950 et

237 974 405 1003 credimus
423 974 491 1003 sore
506 973 697 1012 perutilem,
714 982 894 1012 quamque,
911 974 983 1003 suis
998 974 1099 1003 claris
1113 974 1246 1012 exigen-

237 1026 328 1056 tibus
346 1027 487 1063 meritis,
514 1027 601 1057 infra
618 1027 724 1057 nostri
743 1027 917 1066 precordia
935 1027 1082 1066 pectoris
1098 1027 1248 1057 dilectio-

238 1080 291 1109 nis
322 1080 533 1118 prerogativa
561 1081 745 1118 portamus.
780 1080 1002 1110 Attendentes
1032 1081 1133 1119 igitur
1159 1080 1247 1119 quod

237 1133 351 1162 divina
380 1133 558 1163 elen‘ientia
588 1135 630 1167 te,
664 1134 702 1162 de
733 1133 904 1163 nobilibus
930 1136 1040 1164 ortum
1064 1134 1245 1169 natalibus,

237 1186 323 1216 dono
352 1186 502 1222 scientie,
533 1186 662 1225 providi
688 1187 882 1216 maturitate
906 1187 1040 1217 consilii
1062 1187 1246 1226 multisque

238 1239 420 1269 virtutibus
439 1239 625 1277 insignivit,
643 1239 681 1269 de
697 1240 951 1270 conversatione
967 1249 1099 1279 quoque
1112 1243 1168 1270 tue
1182 1240 1247 1270 vite

237 1292 430 1326 laudabilis,
452 1301 582 1322 morum
605 1292 777 1322 honestate
800 1294 924 1331 tuaque
945 1292 1112 1332 probitate
1137 1293 1249 1322 multi-

238 1345 316 1383 plici
330 1354 388 1383 per
404 1345 606 1375 familiarem
620 1346 865 1383 experientiam
877 1346 1029 1376 notitiam
1044 1345 1245 1381 obtinentes,

238 1408 275 1428 ac
296 1397 336 1428 ob
363 1398 395 1427 id
423 1399 618 1436 reputantes
645 1398 764 1428 merito
792 1398 954 1434 debitum,
975 1400 1011 1428 ut
1030 1408 1089 1437 per
1107 1399 1246 1428 eandem

238 1451 364 1486 sedem,
384 1460 484 1489 quam
503 1451 614 1481 studio
632 1451 736 1481 multe
756 1452 946 1482 devotionis
960 1451 1116 1486 honoras,
1136 1452 1248 1490 dignis

237 1503 421 1534 honoribus
438 1504 628 1539 extollaris,
646 1504 686 1534 de
702 1505 842 1534 fratrum
862 1505 1090 1543 predictorum
1106 1505 1247 1536 consilio

237 1559 268 1587 et
293 1557 478 1595 apostolice
507 1557 716 1596 plenitudine
742 1557 932 1596 potestatis,
959 1560 990 1588 te
1015 1558 1079 1597 ipsi
1105 1558 1247 1589 Metensi

237 1610 377 1640 ecclesie
401 1610 604 1648 prefecimus
629 1610 662 1639 in
687 1611 881 1649 episcopum
906 1613 935 1641 et
961 1614 1149 1649 pastorem
1174 1620 1247 1650 spe-

237 1665 349 1693 rantes
374 1663 461 1701 quod
488 1672 547 1702 per
571 1666 625 1693 tue
653 1663 967 1702 circumspectionis
992 1665 1194 1694 industriam
1216 1666 1248 1695 et

236 1718 328 1746 tuam
347 1718 549 1755 tuorumque
571 1717 755 1755 potentiam
779 1717 894 1747 eadem
913 1718 1066 1754 ecclesia,
1086 1718 1154 1748 Deo
1173 1727 1247 1757 pro-

237 1770 333 1808 pitio,
354 1769 522 1800 relevetur
536 1779 553 1799 a
570 1770 683 1800 noxiis
701 1772 733 1800 et
749 1770 782 1800 in
799 1770 871 1800 suis
887 1769 1021 1809 juribus
1036 1771 1246 1805 defendatur,

238 1832 274 1852 ac
298 1823 383 1853 alias
409 1823 444 1852 in
466 1823 704 1862 spiritualibus
731 1826 763 1854 et
790 1824 1036 1862 temporalibus
1063 1824 1248 1855 laudabilia

238 1876 400 1915 suscipiat
419 1876 636 1906 incrementa.
655 1876 799 1915 Ideoque
818 1877 1014 1907 discretioni
1037 1879 1092 1908 tue
1111 1878 1246 1908 manda-

238 1938 313 1958 mus
331 1929 490 1967 quatinus
510 1929 706 1966 impositum
724 1929 786 1958 tibi
807 1938 891 1959 onus
911 1929 1028 1960 devote
1044 1931 1246 1969 suscipiens,

238 1990 351 2011 curam
370 1982 510 2012 ecclesie
525 1982 672 2020 predicte
688 1983 736 2011 sic
748 1982 965 2012 laudabiliter
978 1992 1092 2021 gerere
1110 1984 1248 2014 studeas
1277 1976 1278 1985 ¹

239 2035 354 2073 sicque
373 2035 444 2064 suis
463 2034 670 2073 profectibus
689 2036 720 2064 et
743 2035 860 2064 honori
879 2035 1057 2074 vigilanter
1080 2036 1246 2071 intendas,
1277 2042 1278 2045 ’

239 2088 327 2126 quod
357 2088 477 2117 exinde
513 2087 759 2125 plenitudinem
793 2089 905 2117 nostre
941 2087 1184 2119 benedictionis
1216 2091 1247 2119 et

238 2141 344 2179 gratie
376 2140 537 2170 merearis
567 2142 599 2170 et
630 2140 761 2170 clarens
789 2149 848 2179 per
878 2141 944 2171 vite
972 2141 1131 2172 meritum
1159 2143 1247 2180 apud

239 2194 358 2229 Deum,
385 2194 462 2223 aliis
486 2194 646 2232 prolicere
674 2193 788 2223 valeas
810 2202 869 2232 per
891 2194 1097 2233 exemplum,
1120 2204 1247 2235 nosque
1277 2212 1278 2222 κ

238 2255 417 2286 personam
438 2249 530 2276 tuam
551 2247 672 2277 exinde
690 2247 850 2286 precipuo
871 2247 983 2277 favore
1005 2248 1165 2287 prosequi
1182 2257 1247 2279 non
1277 2243 1278 2246 '

238 2300 408 2330 immerito
438 2302 624 2330 teneamur.
652 2300 776 2330 Datum
799 2300 887 2338 apud
915 2300 1201 2337 Urbemvetereni,
1224 2313 1245 2331 11

239 2353 314 2383 idus
334 2352 507 2386 februarii,
530 2361 615 2383 anno
633 2353 705 2383 111⁰.
728 2364 742 2379 »

782 2483 907 2510 Orvieto.
927 2485 959 2512 r13
973 2483 1080 2511 fevi-ier
1097 2485 1175 2512 1:364.

282 2564 316 2593 ln
335 2572 363 2593 e.
389 2572 433 2592 m.
455 2587 461 2592 .
480 2587 485 2593 .
507 2563 631 2593 decano
651 2564 682 2593 et
701 2563 848 2602 capitulo
871 2563 1091 2595 Metensibus.
1118 2565 1249 2595 Sollici-

240 2616 368 2646 tudinis
384 2615 567 2654 apostolice
587 2615 736 2645 studium
752 2635 801 2646 —.
822 2616 944 2647 Datum
962 2617 1048 2656 apud
1067 2617 1247 2649 Urbemve-

240 2670 357 2705 terem,
373 2669 447 2698 idus
465 2668 638 2704 februarii,
658 2677 744 2699 anno
762 2669 831 2699 111⁰.

282 2722 318 2751 In
337 2730 365 2752 e.
385 2731 427 2751 m.
446 2722 534 2753 clero
553 2722 701 2752 civitatis
718 2723 750 2752 et
768 2722 914 2752 diocesis
932 2723 1146 2753 Metensium.

283 2775 319 2804 ln
335 2783 363 2805 e.
383 2783 426 2804 m.
446 2775 568 2813 populo
586 2775 740 2806 Metelis-i.

282 2828 319 2857 ln
335 2836 364 2858 e.
384 2836 428 2858 m.
446 2828 605 2857 vassallis
619 2829 649 2858 et
666 2827 948 2858 ministerialibus
964 2829 1106 2859 ecclesie
1122 2830 1247 2860 Meten-

243 2890 302 2911 s1s.

1399 286 1420 316 ὅ
1424 286 1446 316 0
1453 287 1468 316 1

1875 286 1999 317 Orvieto,
2017 289 2033 313 5
2049 287 2152 314 t‘evrier
2170 289 2246 315 1204.

1343 369 1380 394 De
1405 369 1583 395 at›«s›1utio:1e
1606 369 1912 396 excommunicationis
1933 374 2125 397 mercatorum
2144 372 2323 400 Florentino-

1308 425 1370 443 rum
1388 417 1413 443 in
1432 418 1571 444 comitatu
1592 418 1757 445 Provinciae
1775 419 2033 451 commorantium,
2049 420 2084 446 ad
2099 419 2220 448 ecclesie
2237 429 2318 448 man-

1306 467 1371 492 data
1389 466 1580 493 redeuntium.
1599 467 1677 500 (ttae.
1699 469 1742 499 28,
1759 467 1808 494 sol.
1825 468 1857 494 31
1876 474 1915 498 νῦ,
1934 476 2002 494 ann.
2024 467 2069 494 ΙΙΙ.
2086 476 2118 494 no
2139 469 2211 500 104.)

1347 586 1362 605 «
1394 600 1422 606 ..
1452 577 1588 615 εμίεεορο
1607 577 1786 615 Aqatlzensi.
1814 577 1904 608 Olini
1930 578 1964 607 in
1991 578 2044 608 die
2070 578 2157 608 Cene
2184 578 2322 608 Domini

1275 635 1277 644 ¹
1306 630 1462 668 proximo
1481 630 1653 668 preterito,
1672 633 1746 666 etc„
1770 634 1803 660 ut
1827 631 2017 661 continetur
2036 631 2068 660 in
2086 631 2200 661 littera
2221 631 2322 662 Giani

1308 683 1512 719 Bonaguide,
1541 683 1739 713 mercatoris
1758 684 1958 719 Florentini,
1979 684 2061 713 folio
2081 686 2200 722 quarto
2219 684 2322 722 primi

1275 757 1277 769 2
1307 736 1474 774 quaterni.
1504 736 1650 774 capitulo
1680 736 1791 772 xliv,
1821 745 1927 775 usque
1954 739 2158 773 constanter,
2186 739 2322 767 auctore

1307 789 1654 827 1)0mi110‚procedere
1667 798 1873 819 curaremus,
1885 789 1971 820 Sane
1980 789 2142 819 Cambius
2152 790 2322 828 quondam

1307 841 1478 880 Phylippi‚
1492 843 1576 872 civis
1591 845 1622 872 et
1637 845 1802 873 mercator
1815 843 2043 877 Florentinus,
2056 842 2189 881 reprobi
2201 851 2323 872 sensus

1308 894 1488 933 dampnata
1518 895 1641 931 studia,
1674 898 1749 928 etc..
1776 904 1882 934 usque
1910 896 2123 934 promittens,
2150 895 2213 925 sub
2236 904 2323 934 pena

1307 948 1567 986 ‹Vluingentarum
1582 957 1770 979 marcarum
1786 949 2040 987 sterlingorum,
2054 958 2088 979 se
2104 949 2270 979 facturum
2288 950 2322 979 et

1307 1004 1501 1031 curaturum
1522 1003 1609 1040 qnod
1629 1003 1832 1041 llaynerins,
1858 1002 1960 1032 frater
1978 1011 2072 1038 sum,
2094 1002 2322 1041 Capiardinus

1306 1054 1481 1085 Guillelmi
1509 1055 1672 1091 Danielis,
1700 1055 1813 1094 Lapus
1834 1057 1863 1085 et
1891 1056 2077 1085 Marcutius
2102 1056 2235 1091 fratres,
2260 1055 2322 1086 filii

1308 1108 1443 1138 Bizoclii
1464 1109 1580 1144 Marci,
1605 1109 1657 1138 sui
1677 1109 1758 1138 socii
1784 1111 1815 1139 et
1842 1109 2007 1144 concives
2029 1109 2216 1139 Florentini
2235 1118 2322 1138 iner-

1309 1163 1450 1197 catores,
1469 1162 1509 1191 ad
1524 1162 1665 1192 ecclesie
1682 1162 1837 1192 mandata
1857 1162 2025 1197 redibunt,
2045 1164 2121 1195 etc.‚
2135 1171 2242 1200 usque
2259 1161 2322 1191 sub

1309 1223 1393 1252 pena
1412 1216 1671 1253 quingentarum
1690 1224 1879 1244 marcarum
1898 1215 2151 1253 sterlingorum,
2171 1217 2247 1249 etc,
2268 1223 2322 1244 us-

1309 1276 1372 1305 que
1403 1268 1552 1305 amplum
1581 1268 1705 1301 sinum,
1735 1277 1770 1297 ac
1799 1268 1949 1306 predicto
1975 1267 2126 1302 cambio,
2155 1268 2212 1306 qui
2242 1270 2323 1298 tunc

1309 1329 1449 1359 presens
1473 1321 1598 1354 aderat,
1625 1324 1699 1355 etc,
1728 1330 1832 1360 usque
1854 1321 1998 1359 recipias
2016 1330 2034 1351 a
2050 1321 2211 1359 predictis
2232 1322 2323 1361 Ray-

1309 1373 1421 1409 nerio‚
1456 1374 1674 1412 Capiardin0‚
1710 1375 1801 1413 Lapo
1837 1377 1867 1405 et
1901 1375 2064 1404 Marcutio
2094 1375 2128 1404 in
2160 1375 2322 1405 comitatu

1308 1426 1486 1456 Provincie
1515 1427 1814 1463 commorantibus,
1846 1428 1885 1457 de
1906 1427 2025 1457 stando
2052 1436 2153 1465 super
2179 1427 2323 1466 premis-

1310 1479 1369 1515 sis,
1396 1482 1471 1513 etc.‚
1492 1488 1599 1519 usque
1624 1491 1628 1509 :
1655 1480 1787 1515 Quibus
1817 1481 1880 1510 rite
1910 1481 2066 1519 peractis,
2088 1482 2157 1510 tam
2185 1481 2323 1511 eosdem

1309 1532 1531 1571 Raynerium,
1558 1533 1811 1572 Capiardinum,
1833 1534 1974 1572 Lapum,
1996 1534 2198 1564 Mart-utinm
2220 1542 2322 1573 quam

1309 1585 1435 1616 dictum
1463 1586 1640 1617 Cambium
1660 1595 1719 1625 per
1747 1588 1861 1618 omnia
1879 1587 1962 1623 loca,
1990 1587 2023 1617 in
2041 1586 2165 1626 quibus
2183 1587 2249 1625 ipsi
2267 1595 2322 1617 vo-

1309 1639 1447 1675 luerint,
1475 1642 1551 1676 etc„
1579 1649 1687 1679 usque
1716 1640 1756 1670 de
1783 1640 1881 1670 bonis
1911 1641 2063 1679 ipsorum
2094 1641 2241 1679 propriis
2268 1640 2323 1671 vel

1309 1693 1558 1726 communibus,
1584 1696 1751 1732 quatenus
1777 1694 1973 1731 contingunt
2001 1694 2149 1726 eosdem,
2173 1693 2323 1724 habenti-

1309 1745 1383 1780 bus,
1399 1748 1474 1782 etc,
1495 1755 1602 1785 usque
1622 1747 1819 1786 compellas.
1847 1747 1971 1778 Datum
1996 1747 2085 1786 apud
2105 1746 2322 1777 Urbemvete-

1309 1807 1393 1835 rem,
1415 1800 1513 1829 nonis
1532 1799 1706 1836 februarii,
1726 1809 1813 1831 anno
1830 1801 1900 1831 1110.
1921 1811 1935 1829 ))

1398 2003 1471 2033 502
1849 2000 1974 2031 Orvieto.
1995 2001 2031 2027 1⁴²r
2047 1999 2150 2026 sevrier
2170 2000 2246 2027 1264.

1344 2086 1380 2112 De
1397 2085 1589 2112 celebratione
1605 2085 1721 2119 capituli
1738 2085 1880 2119 generalis
1895 2087 1920 2111 et
1940 2085 1974 2110 de
1988 2092 2108 2119 persona
2126 2085 2258 2119 magistri
2276 2093 2321 2112 or-

1308 2134 1381 2161 dinis
1399 2134 1551 2161 ordinatio.
1569 2134 1650 2168 (nm.
1667 2134 1710 2161 28.
1733 2133 1779 2160 sol.
1798 2134 1828 2161 31
1848 2141 1887 2164 vv,
1901 2141 1968 2159 ann.
1985 2133 2031 2160 tlt.
2047 2141 2077 2159 n⁴¹
2096 2134 2168 2168 11¹5.)

1348 2254 1365 2274 (t
1383 2267 1389 2273 .
1408 2269 1413 2273 ,
1434 2244 1581 2283 71ια9ἱείνο
1608 2249 1635 2273 et
1660 2243 1811 2282 fratribus
1838 2242 1946 2272 :llilitic
1977 2254 2000 2272 s.
2026 2243 2144 2273 jacobi.
2173 2244 2323 2283 Insignis

1309 2298 1439 2328 ordinis
1451 2297 1554 2328 vestri
1564 2315 1613 2327 —.
1624 2297 1695 2328 Nos
1710 2297 1835 2336 itaque,
1845 2298 1880 2326 ut
1891 2296 2064 2327 efficacius
2077 2297 2109 2326 in
2122 2298 2190 2327 tam
2205 2299 2322 2328 sancto

1308 2350 1494 2390 proficiatis
1508 2350 1692 2388 proposito,
1704 2349 1911 2388 profectibus
1922 2349 2047 2380 vestris
2058 2349 2204 2380 libenter
2215 2350 2323 2380 inten—

1309 2404 1422 2434 dimus
1440 2405 1483 2438 et,
1502 2412 1542 2433 ne
1559 2403 1646 2434 inter
1659 2411 1719 2433 vos
1732 2403 1893 2433 vitiorum
1909 2403 2006 2441 spine
2022 2405 2246 2438 succrescant,
2263 2403 2322 2433 sed

1310 2457 1399 2487 idem
1416 2457 1496 2487 ordo
1512 2457 1611 2487 flores
1625 2456 1762 2486 honoris
1779 2458 1809 2486 et
1825 2455 2013 2486 honestatis
2030 2455 2160 2486 fruetus
2177 2456 2212 2486 in
2227 2455 2323 2486 uber·

1308 2512 1376 2541 tate
1398 2510 1571 2549 producat,
1599 2518 1741 2548 operose
1759 2509 2003 2539 sollicitudinis
2023 2509 2174 2539 studium
2197 2511 2229 2539 et
2253 2510 2324 2540 stu—

1310 2563 1439 2593 diosam
1467 2572 1602 2602 operam
1638 2562 1805 2602 promptis
1839 2561 2015 2592 affectibus
2041 2561 2252 2592 adhibemus.
2280 2561 2322 2592 Et

1310 2617 1395 2653 ideo,
1422 2626 1496 2646 cum
1515 2616 1548 2646 in
1569 2615 1747 2655 privilegio
1770 2615 1865 2645 vobis
1883 2614 1924 2645 ab
1941 2615 2128 2654 apostolica
2145 2615 2223 2645 sede
2245 2623 2320 2645 con-

1309 2679 1416 2706 cesso,
1440 2670 1651 2700 contineatur
1676 2674 1837 2708 expresse
1856 2668 1945 2708 quod
1971 2668 2066 2698 locus
2086 2668 2211 2707 aliquis
2233 2667 2321 2698 ordi—

1310 2725 1419 2759 netur,
1445 2723 1478 2752 in
1508 2731 1573 2761 quo
1602 2731 1660 2761 per
1685 2721 1838 2761 singulos
1871 2730 1989 2757 annos,
2018 2721 2050 2751 in
2081 2721 2320 2760 solempnitate

1278 2808 1279 2817 ἵ
1310 2777 1469 2808 Omnium
1489 2776 1700 2810 Sanctorum,
1723 2775 1876 2814 generale
1897 2774 2081 2813 capitulum
2104 2776 2269 2810 teneatur,
2288 2776 2322 2805 et

1311 2830 1355 2860 sit
1381 2829 1427 2859 ibi
1457 2829 1656 2859 clericorum
1682 2830 1865 2858 conventus
1889 2831 1920 2858 et
1945 2828 2048 2866 prior,
2074 2827 2130 2866 qni
2151 2835 2266 2857 eorum
2288 2829 2321 2857 et

1310 2883 1455 2913 aliorum
1472 2882 1684 2917 clericorum,
1705 2881 1761 2920 qui
1779 2881 1819 2910 de
1837 2880 1953 2910 ordine
1971 2881 2084 2910 vestro
2103 2880 2239 2916 fuerint,
2265 2888 2322 2910 cu·
