2547 3289
259 260 319 289 368
1015 254 1257 285 lzlssfflsfflES
1284 255 1497 285 D'URBAIN
1526 255 1582 285 IV.

258 343 471 380 quantusque
486 340 712 378 contemptus!
734 341 767 369 lit
784 340 811 368 si
831 339 917 369 circa
937 340 1067 368 tantum
1086 339 1261 374 rectorem,

260 395 290 423 in
308 394 479 432 provincia
494 394 559 422 tam
578 391 766 421 honorabili
782 401 840 430 per
854 392 961 430 ipsam
976 391 1152 421 ecclesiam
1173 399 1265 420 cons·
1293 420 1294 423 ,

260 446 466 481 11111111111,31(;
485 445 629 475 excessit
649 444 831 474 insolentia
847 444 1073 480 subditorum,
1096 443 1263 482 quomodo

258 500 408 537 presides
426 497 558 527 1111131111
577 497 726 535 ejusdem
739 497 879 527 ecclesie
897 497 1046 526 dominio
1061 498 1092 526 et
1105 496 1263 526 districtu

256 552 362 581 secari
396 550 605 579 manebunt?
634 550 782 588 Fragilis
811 550 898 579 enim
931 551 982 579 est
1009 551 1039 579 et
1067 549 1106 578 ad
1136 549 1261 578 malum

256 613 359 642 prona
391 603 537 633 humana
567 603 781 638 (21:›ndiei0‚0t
809 612 884 632 cum
915 603 1016 632 unius
1041 602 1262 632 commissum
1292 638 1293 648 γ

256 657 398 686 inultum
417 656 631 694 relinquitur,
651 656 707 685 alii
726 665 786 694 per
800 656 859 685 hoc
875 655 914 685 ad
932 655 1044 685 simih¹
1065 655 1260 691 invitantur7

254 710 332 748 qnia
365 709 487 739 11101010
516 709 657 739 omissio
692 710 743 738 est
780 709 896 738 multis
928 708 1035 738 multa
1064 708 1194 738 occasio
1222 707 1263 737 ad
1291 736 1292 746 ,

255 762 378 792 multas
394 762 534 800 injurias
549 764 581 791 et
596 762 752 792 offensas.
772 761 869 791 Absit
886 770 964 799 ergo
983 761 1069 800 quod
1087 770 1146 799 per
1163 761 1262 790 dissi-

255 815 473 845 11111111110110111
501 815 553 844 vel
579 815 830 854 negligentiam,
858 816 926 844 tam
956 814 1105 844 enormis
1136 814 1263 843 offensa

255 869 421 907 impunita
445 870 627 902 remaneat,
657 870 687 898 et
718 877 758 898 ex
787 868 986 906 impunitate
1014 867 1166 898 trahatur
1194 867 1262 897 ullo
1291 856 1293 911 J

1291 912 1293 939 3
1323 931 1409 958 rum,
1438 924 1589 952 nostrum
1619 922 1855 960 prevenientes
1876 922 2055 961 judicium,
2079 923 2333 960 processerunt,

254 923 402 960 tempore
432 922 463 951 in
490 921 695 960 exemplum.
729 921 860 951 Clamat
888 921 1023 960 quidem
1060 921 1098 951 ad
1132 929 1192 950 nos
1223 920 1262 950 de

254 975 342 1004 terra
355 983 418 1004 vox
433 974 608 1013 sanguinis
625 973 782 1004 officialis
800 974 904 1004 nostri
922 973 1102 1004 carissimi.
1121 974 1261 1010 Clamat,

254 1027 390 1065 inquam
425 1029 457 1057 et
491 1027 603 1066 pulsat
638 1027 801 1057 instanter
831 1027 919 1066 apud
945 1027 1071 1057 Christi
1099 1028 1262 1057 vicarium

254 1089 313 1118 pro
336 1080 494 1110 vindicta.

294 1134 411 1164 Restat
430 1133 532 1171 igitur
551 1135 597 1169 ut,
615 1133 712 1171 juxta
734 1133 999 1171 magnitudinem
1018 1133 1169 1169 sceleris,
1189 1143 1262 1172 pro-

254 1186 505 1224 deatjudicium
522 1186 675 1222 ultionis,
690 1188 720 1217 et
733 1186 901 1224 predictos
917 1187 1077 1222 nel'ariOS,
1096 1195 1180 1225 qnos
1194 1187 1261 1217 lese

254 1239 442 1277 majestatis
461 1239 588 1269 crimen
615 1248 679 1269 non
707 1240 757 1269 est
782 1239 920 1268 dubium
945 1240 1170 1275 commisisse,
1192 1240 1261 1270 dis-

252 1293 349 1322 tricte
367 1301 506 1322 censure
526 1293 616 1331 rigor
636 1293 683 1322 310
708 1293 817 1329 feriat,
841 1293 929 1332 quod
951 1294 982 1323 et
1007 1293 1098 1331 ipsos
1125 1294 1208 1323 dura
1231 1294 1261 1323 et

253 1348 413 1385 perpetua
428 1346 665 1384 dampnatione
682 1346 874 1381 confundat,
891 1348 921 1376 et
935 1346 1012 1375 aliis
1030 1346 1260 1376 vehementem

253 1399 393 1428 incutiat
415 1407 498 1437 pene
522 1398 704 1428 acerbitate
733 1401 906 1429 terrorem.
934 1399 1088 1429 Prefatos
1116 1409 1261 1438 namque

251 1451 412 1481 Jacohum
445 1453 475 1481 01
510 1451 719 1481 Tancredum
749 1461 785 1481 ac
819 1452 960 1490 predicti
996 1452 1127 1482 Nicolai
1158 1453 1258 1488 tilios,

253 1512 380 1534 necnon
404 1513 520 1534 omnes
546 1504 604 1542 qui
625 1504 761 1534 fuerunt
784 1504 978 1543 hujusmodi
1001 1505 1153 1535 criminis
1178 1505 1261 1535 socii

252 1561 284 1588 et
305 1561 488 1594 consortes,
510 1559 664 1595 consilio,
687 1559 812 1589 auxilio
836 1559 887 1589 vel
912 1560 1036 1594 favore,
1056 1560 1086 1589 in
1105 1559 1261 1598 pluribus

250 1611 333 1641 locis
351 1611 542 1649 insignibus
553 1611 831 1651 vicinis,publice
847 1621 881 1642 ac
898 1612 1144 1651 sollempniter,
1161 1614 1260 1643 citari

251 1665 404 1701 fecimus,
422 1666 468 1701 ut,
485 1673 560 1694 cum
575 1665 740 1703 flagitium
758 1665 949 1703 hujusmodi
969 1667 1058 1696 esset
1077 1667 1258 1703 notorium,

249 1718 290 1747 ad
313 1717 446 1747 initium
466 1718 635 1756 presentis
657 1718 925 1757 quadragesime,
953 1719 1042 1758 quod
1060 1719 1110 1749 eis
1127 1728 1187 1758 pro
1206 1729 1260 1758 pe-

250 1771 432 1809 remptorio
460 1771 604 1801 termino
631 1771 841 1810 assignatum
871 1772 995 1808 extitit,
1025 1775 1258 1811 comparerent

249 1823 473 1862 personaliter
503 1832 615 1854 coram
646 1824 755 1859 nobis,
785 1825 988 1855 sententiam
1019 1827 1051 1855 et
1079 1834 1259 1864 processus

251 1877 384 1906 nostros
405 1876 490 1906 alios
514 1877 675 1907 audituri.
696 1877 820 1908 Habita
838 1878 951 1917 itaque
975 1887 1078 1917 super
1096 1878 1162 1909 hiis
1183 1888 1259 1909 cum

251 1929 413 1959 fratribus
431 1929 556 1959 nostris
575 1929 817 1960 deliberatione
837 1931 1029 1970 sollempni,
1049 1932 1088 1961 de
1108 1933 1259 1970 ipsorum
1288 1948 1290 1952 v

251 1982 403 2018 consilio,
425 1983 621 2013 auctoritate
644 1983 840 2021 apostolica,
860 1985 1093 2015 sententiando
1112 1985 1259 2015 decerni-

252 2044 327 2064 mus
348 2036 379 2065 et
400 2036 658 2073 pronuntianms
680 2036 849 2074 predictos
873 2036 1035 2067 Jacobum
1061 2039 1092 2067 et
1118 2038 1260 2068 'l‘ancrc-

251 2088 329 2117 dum
354 2096 536 2126 eorumque
559 2088 592 2117 in
617 2088 676 2117 hoc
703 2089 823 2124 socios,
846 2098 881 2119 ac
904 2098 1020 2119 omnes
1041 2090 1098 2128 qui
1117 2091 1259 2121 consilio

251 2140 303 2170 vel
324 2140 447 2176 favore,
474 2141 559 2170 tanti
587 2141 742 2173 maleficii
767 2142 859 2172 suere
882 2143 1074 2181 participes,
1098 2146 1260 2182 perpetuo
1289 2160 1290 2170 1

253 2202 386 2223 manere
412 2193 555 2224 infames
582 2195 613 2224 et
639 2203 772 2233 semper
800 2195 946 2225 existere
970 2195 1194 2233 intestabiles,
1224 2200 1259 2228 ut

252 2255 310 2276 nec
334 2247 480 2276 testandi
506 2246 647 2277 liberam
667 2247 811 2278 habeant
830 2249 1037 2285 facultatem,
1063 2258 1120 2280 nec
1146 2250 1178 2280 111
1200 2250 1259 2280 1111-
1288 2277 1289 2280 ,

1288 2301 1290 2329 ζ
1320 2302 1499 2340 premissa,
1519 2301 1872 2338 favorem,consilium
1886 2301 1939 2331 vel
1953 2300 2121 2330 auxilium
2132 2300 2333 2340 largiantur,

251 2308 392 2338 (1110111111
416 2299 514 2329 bonis
534 2308 575 2330 ex
598 2302 802 2331 testamento
828 2301 880 2331 vel
901 2301 942 2331 ab
964 2302 1123 2333 intestato
1149 2312 1261 2333 succe-

251 2352 340 2382 dant.
366 2352 487 2383 Omnia
512 2361 643 2392 quoque
661 2354 813 2392 ipsorum
834 2356 865 2384 et
884 2355 1005 2393 prefati
1026 2355 1159 2386 Nicolai
1173 2356 1260 2386 bona
1288 2386 1290 2396 <

250 2407 282 2435 et
295 2406 371 2444 Jura
390 2404 488 2435 nobis
505 2407 536 2435 et
552 2406 693 2436 ecclesie
708 2407 859 2437 Romane
879 2409 1127 2439 sententialiter
1142 2409 1261 2439 contis·
1289 2402 1290 2430 Ῐ

251 2467 378 2493 01111103,
399 2467 463 2488 11011
483 2457 697 2489 obstantibus
719 2460 983 2497 venditionibus,
1002 2462 1259 2499 permutationi-

251 2511 325 2544 bus,
354 2511 590 2548 locationibus,
625 2512 931 2551 pignorationibus,
961 2514 1202 2545 donationibus
1228 2516 1260 2546 et

251 2563 527 2594 concessionibus
540 2566 569 2594 et
584 2565 840 2605 quibuscunque
854 2566 1128 2605 alienationilms,
1149 2568 1178 2598 si
1195 2577 1259 2607 (1110

252 2617 348 2652 sorte,
370 2617 441 2647 sive
458 2619 534 2656 post
552 2620 743 2656 conceptam
767 2619 818 2649 vel
839 2619 957 2650 initam
977 2621 1166 2658 factionem,
1188 2621 1259 2652 sive

251 2671 327 2708 post
344 2671 551 2700 contractum
570 2671 622 2701 vel
646 2672 867 2702 commissum
890 2673 1027 2709 crimen,
1051 2674 1089 2704 de
1107 2674 1206 2704 bonis
1228 2676 1259 2705 et

247 2722 382 2761 juribus
405 2723 490 2761 ipsis
515 2725 572 2754 aut
593 2732 709 2754 eorum
738 2725 909 2764 aliquibus
933 2735 992 2765 per
1015 2736 1072 2757 eos
1091 2727 1143 2758 vel
1162 2737 1260 2767 (1003-

251 2784 381 2814 cunque
406 2776 490 2806 111103
511 2777 578 2807 sint
600 2779 806 2817 presumpte,
827 2787 863 2809 ac
884 2779 1092 2818 quibuslibet
1111 2784 1260 2812 contrac-

251 2827 342 2858 tibus
365 2837 466 2867 super
496 2829 563 2860 hiis
592 2830 698 2867 initis,
726 2832 757 2861 et
782 2831 1019 2863 instrumentis
1048 2842 1108 2863 seu
1135 2834 1259 2864 litteris

252 2881 328 2911 inde
347 2882 518 2916 consectis,
535 2891 599 2921 que
615 2883 728 2913 onmia
745 2892 959 2920 evacuanms,
978 2895 1164 2923 cassamus,
1184 2887 1258 2917 irri-

251 2935 363 2964 tamus
379 2936 409 2965 et
422 2935 632 2966 decernimus
650 2937 778 2967 nullius
795 2946 870 2968 esse
887 2940 1047 2969 momenti
1066 2949 1102 2970 ac
1121 2940 1257 2971 0111111110

1324 345 1428 366 vacua
1451 339 1479 367 et
1508 337 1603 367 irrita
1625 338 1834 367 nuntiamus.
1858 338 2081 368 Decernimus
2099 339 2201 368 etiam
2219 341 2251 369 et
2271 341 2336 370 sta·

1322 390 1452 419 tninms
1469 390 1556 428 qnod
1573 389 1800 420 habitationes
1821 392 1853 420 et
1875 391 1942 420 alia
1957 391 2117 421 universa
2135 391 2267 421 edificia
2283 401 2336 422 eo-

1322 443 1464 473 rundem
1487 444 1622 481 penitus
1641 443 1869 480 destruantur,
1891 443 1984 473 nullo
2002 453 2163 482 umquam
2181 447 2335 482 tempore

1323 496 1521 534 reparanda,
1542 499 1575 526 ut
1598 497 1647 526 eis
1668 496 1884 527 manentibus
1904 498 2067 535 perpetuo
2089 497 2224 532 (1110113,
2252 505 2335 527 nun-

1292 542 1293 546 ’
1323 558 1422 587 quam
1447 548 1586 578 infamie
1605 558 1642 579 ac
1658 549 1911 587 dan‘ipnationis
1930 549 2065 579 illorum
2083 550 2246 580 memoria
2266 559 2336 580 mo-

1322 602 1440 631 riatur.
1462 602 1501 631 lit
1518 602 1597 640 quia
1614 602 1733 632 matris
1748 602 1870 641 injuria
1889 603 1997 642 tangit
2015 603 2137 632 acriter
2153 603 2254 636 111103,
2274 611 2334 633 1100

1322 656 1465 693 possunt
1495 655 1535 684 de
1568 655 1766 685 confusione
1795 657 1947 685 materna
1975 656 2076 685 corda
2105 664 2170 685 non
2201 656 2334 686 concuti

1322 708 1482 738 liliorum.
1501 708 1529 737 si
1545 708 1614 746 jam
1633 708 1796 738 officiales
1813 709 1921 738 nostri
1944 710 1999 738 aut
2019 709 2076 738 alii
2094 708 2222 745 fideles,
2243 711 2335 739 tanta

1323 761 1442 791 matris
1477 761 1617 791 ecclesie
1651 762 1779 791 offensa
1815 762 1994 795 commoti.
2029 762 2069 791 ad
2102 761 2334 792 ulciscendum

1291 804 1292 853 ᾗ
1322 814 1395 852 ejus
1414 814 1644 852 011111011110111,
1668 815 1872 844 destruendo
1894 815 1946 844 vel
1967 814 2130 844 diruendo
2149 818 2204 845 aut
2222 815 2334 845 demo-

1322 868 1434 898 liendo
1449 871 1559 898 castra
1573 868 1624 898 vel
1637 869 1769 899 edificia
1784 878 1844 899 seu
1859 877 1912 899 res
1925 868 2010 898 alias
2026 869 2231 907 perfidorum
2247 869 2336 907 ipso-

1324 974 1512 1004 devotionis
1531 975 1641 1005 zelum
1661 975 1806 1005 vindicte
1825 975 2067 1005 acceleratione
2092 977 2332 1011 monstrantes,

1323 1036 1384 1057 nos
1402 1030 1511 1058 ratum
1534 1028 1696 1058 habemus
1715 1037 1911 1067 processum
1939 1028 2131 1066 hujusmodi
2156 1030 2256 1066 atque
2279 1027 2333 1058 fir-

1322 1090 1426 1111 mum.
1446 1081 1480 1111 Si
1496 1090 1561 1120 qua
1578 1090 1655 1111 vero
1670 1082 1702 1111 in
1717 1081 1852 1111 feudum
1871 1081 1922 1111 vel
1942 1081 2008 1111 alio
2027 1081 2138 1116 modo,
2153 1084 2209 1111 aut
2221 1081 2251 1110 si
2266 1089 2333 1120 qua

1323 1134 1434 1164 ol'ticia
1449 1134 1500 1164 vel
1517 1134 1679 1164 beneficia
1696 1134 1735 1164 ab
1754 1134 1924 1172 aliquibus
1942 1136 2054 1164 tenent
2074 1134 2240 1167 ecclesiis,
2261 1133 2333 1163 illis

1322 1196 1379 1217 eos
1403 1187 1539 1217 omnino
1563 1187 1748 1225 prIvarnus,
1774 1196 1838 1225 que
1863 1186 1967 1216 libere
1990 1187 2031 1216 ad
2052 1187 2144 1224 ipsas
2172 1186 2334 1216 ecclesias

1322 1242 1545 1271 revertantur.
1581 1241 1620 1270 L’t
1651 1242 1761 1270 autem
1790 1248 1854 1270 non
1882 1240 1992 1269 solum
2019 1240 2052 1269 in
2079 1240 2173 1278 ipsos
2204 1241 2335 1270 actores

1322 1293 1474 1329 sceleris,
1490 1293 1662 1323 sedetiam
1676 1293 1709 1322 in
1720 1301 1834 1323 eorum
1847 1292 2044 1331 progeniem
2058 1292 2142 1322 ultio
2157 1292 2334 1328 inseratur,

1322 1348 1353 1377 et
1371 1355 1410 1376 ne
1432 1347 1545 1376 minus
1570 1346 1714 1375 vindicte
1734 1354 1834 1384 quam
1857 1354 2018 1375 excessus
2040 1345 2204 1375 memoria
2221 1354 2336 1384 proro-

1321 1401 1430 1438 getur,
1452 1399 1692 1429 constituimus
1712 1400 1746 1428 ut
1764 1398 1850 1428 nulli
1871 1407 1987 1428 eorum
2009 1398 2163 1437 nullique
2186 1397 2226 1428 ab
2248 1399 2336 1437 ipsis

1322 1455 1353 1483 et
1370 1453 1519 1491 predicto
1534 1452 1674 1482 Nicolao
1689 1452 1981 1487 descendentium,
1993 1460 2100 1490 usque
2120 1452 2161 1481 ad
2175 1453 2335 1490 quartum

1321 1506 1474 1544 gradum,
1486 1505 1657 1544 aperiatur
1671 1504 1818 1544 alicujus
1828 1504 1933 1543 janua
1947 1504 2136 1543 dignitatis,
2151 1507 2206 1534 aut
2223 1504 2334 1543 cujus-

1321 1568 1385 1598 que
1401 1559 1539 1589 honoris
1557 1558 1780 1588 ecclesiastici
1798 1558 1850 1588 vel
1869 1557 2043 1593 mundani,
2062 1566 2120 1587 nec
2138 1557 2257 1587 horum
2277 1557 2334 1587 ali-

1321 1613 1398 1651 quis
1423 1612 1465 1642 ad
1489 1611 1685 1642 clericatum
1710 1612 1761 1641 vel
1787 1611 2018 1642 ministerium
2042 1620 2102 1641 seu
2130 1610 2333 1641 beneficium

1321 1665 1601 1701 ecclesiasticum,
1625 1666 1681 1695 aut
1705 1665 1738 1694 in
1757 1664 1915 1694 domibus
1941 1663 2156 1703 regularibus
2173 1663 2214 1694 ad
2233 1663 2335 1694 alicu-

1317 1719 1373 1758 jus
1393 1718 1594 1758 prelationis
1611 1718 1784 1754 honorem,
1804 1726 1912 1757 neque
1933 1717 1973 1747 ad
1991 1717 2188 1756 potestarie,
2206 1717 2334 1754 judica-

1320 1774 1387 1808 tus,
1411 1772 1653 1802 tabellionatus
1673 1771 1724 1801 vel
1749 1771 1972 1810 quodcunque
1995 1771 2088 1800 aliud
2106 1770 2256 1800 officium
2271 1779 2334 1810 pu-

1320 1826 1660 1855 blicumassumatur.
1678 1824 1881 1854 Diftidamus
1896 1824 2034 1862 insuper
2050 1826 2080 1854 et
2096 1823 2333 1854 forbannimus

1321 1879 1482 1916 perpetuo
1513 1877 1662 1915 prefatos
1694 1876 1764 1907 lese
1792 1876 1981 1916 maJestatis
2009 1884 2096 1911 reos,
2127 1875 2279 1906 volentes
2302 1876 2335 1904 et

1320 1931 1547 1969 precipientes
1574 1931 1609 1960 ut
1639 1938 1698 1968 pro
1725 1930 1889 1960 diffidatis
1920 1931 1952 1960 01
1986 1929 2137 1959 bannitis
2162 1927 2335 1959 ubililibet

1320 1983 1516 2018 habeantur,
1536 1992 1571 2013 ac
1592 1983 1762 2013 universis
1782 1982 2021 2021 potestatibus,
2038 1981 2239 2018 rectoribus,
2257 1990 2334 2011 con-

1321 2037 1411 2066 siliis
1429 2039 1459 2067 et
1479 2035 1716 2066 communibus
1736 2038 1803 2066 tam
1824 2036 1999 2065 civitatum
2015 2044 2115 2074 quam
2131 2038 2334 2069 castrorum,

1322 2099 1380 2121 nec
1406 2098 1471 2119 non
1494 2089 1696 2128 generaliter
1721 2088 1878 2118 omnibus
1908 2088 2064 2127 personis
2094 2088 2334 2118 ecclesiasticis

1321 2145 1352 2173 et
1372 2142 1594 2175 set-alaribus,
1617 2141 1680 2171 snb
1696 2150 1781 2180 pena
1801 2141 2164 2171 excommunicationis
2183 2143 2213 2171 et
2231 2142 2334 2171 inter—

1321 2196 1399 2226 dicti
1419 2194 1637 2234 prohibentes
1656 2195 1817 2231 districte,
1836 2203 1875 2224 ne
1894 2195 1988 2233 ipsos
2005 2195 2046 2224 ad
2063 2194 2262 2224 civilitatem
2279 2193 2333 2224 vel

1321 2250 1406 2280 alios
1428 2249 1572 2278 scienter
1595 2248 1757 2286 recipiant
1785 2248 1836 2277 vel
1857 2249 2038 2286 receptent,
2063 2249 2119 2277 aut
2145 2247 2195 2277 eis
2220 2249 2336 2277 contra

1320 2355 1527 2385 decernendo
1554 2354 1631 2384 illos
1654 2355 1711 2393 qui
1729 2357 1844 2384 contra
1862 2354 2057 2393 hujusmodi
2077 2355 2227 2384 nostram
2248 2353 2335 2384 inhi-

1321 2407 2335 2443 bitionemfecerint.excommunicationissententie,acloca

1321 2471 1448 2498 eorum,
1479 2462 1626 2501 quandiu
1654 2462 1686 2492 in
1710 2462 1795 2501 ipsis
1819 2462 1899 2492 dicti
1925 2462 1972 2492 rei
1995 2461 2132 2498 fuerint,
2154 2461 2333 2492 interdicto

1321 2515 1550 2545 ecclesiastico
1580 2515 1765 2554 subjacere.
1800 2516 1863 2545 Per
1887 2515 1945 2545 hec
1976 2517 2087 2545 autem
2121 2513 2333 2545 secularibus

1320 2568 1546 2608 potestatibus
1568 2577 1632 2598 non
1655 2569 1837 2598 adimimus
1860 2568 2054 2598 facultatem
2078 2568 2194 2598 utendi
2217 2570 2334 2598 contra

1320 2631 1377 2652 eos
1402 2621 1534 2660 legibus
1563 2630 1646 2660 quas
1672 2621 1835 2651 adversus
1866 2621 1952 2651 tales
1980 2620 2134 2651 catholici
2162 2621 2333 2659 principes

1321 2675 1509 2705 ediderunt.
1527 2675 1677 2713 Denique
1692 2674 1942 2713 pronuntiando
1956 2674 2182 2709 decernimus,
2198 2673 2333 2712 0111130-

1320 2737 1394 2758 rum
1413 2730 1443 2758 et
1463 2728 1638 2758 memorati
1656 2727 1788 2758 Nicolai
1810 2727 1883 2761 tilii,
1903 2736 1921 2757 a
1939 2729 2090 2757 materna
2106 2728 2136 2757 et
2157 2726 2247 2756 avita
2264 2735 2333 2756 om-

1321 2781 1482 2820 niumque
1503 2781 1738 2820 proximorum
1759 2780 1946 2810 hereditate
1970 2788 2006 2809 ac
2032 2779 2247 2809 successione
2276 2779 2334 2809 ha-

1289 2837 1290 2842 ’
1319 2834 1461 2865 beantur
1475 2834 1611 2873 penitus
1623 2833 1738 2870 alieni,
1751 2833 1966 2863 testamentis
1977 2834 2216 2862 extraneorum
2229 2831 2334 2863 nichil

1320 2888 1464 2927 capiant,
1486 2887 1621 2926 sintque
1643 2886 1788 2916 infames
1805 2887 1969 2924 perpetuo
1988 2886 2020 2915 et
2037 2885 2078 2915 ad
2097 2885 2332 2916 testimonium

1320 2940 1564 2980 pei-hiberniam
1588 2939 1730 2978 indigni,
1751 2946 1936 2977 eorumque
1955 2937 2066 2974 dictis,
2088 2941 2247 2977 tanquam
2267 2938 2331 2970 fide
