2547 3289
245 263 286 290 24¹»
1001 251 1252 283 REGISTRES
1274 249 1488 281 D'URBAIN
1511 249 1569 279 IV.

251 345 447 384 Pampilone
474 343 631 383 predictis
659 341 794 371 interfui
824 341 855 370 et
882 339 1017 378 propria
1042 346 1142 368 manu
1167 336 1260 366 subs-

249 398 362 437 cripsi.
374 398 454 435 Ego,
466 397 550 426 Pero
570 396 609 425 G.
626 395 665 424 de
681 395 762 424 Vart
775 394 814 423 de
831 392 962 423 civitate
980 390 1175 429 Pampilona
1189 398 1260 428 pre-

249 451 345 481 dictis
367 449 500 479 interfui
524 449 555 478 et
578 446 714 486 propria
732 455 834 476 manu
851 443 1046 482 subscripsi.
1071 455 1085 470 »

292 503 385 533 Nulli
407 503 597 541 ergonostre
611 499 832 539 suppletionis
845 500 875 529 et
896 495 1171 529 confirmationis,
1197 496 1258 525 etc.

263 557 387 587 Datum
400 554 554 590 Viterbiiy
575 563 613 584 111
632 561 737 583 nonas
752 551 874 586 martii,
891 559 978 582 anno
994 550 1112 588 primo.
1132 561 1146 576 »

317 717 361 746 81
835 708 958 739 vnerbe,
978 709 992 733 ὅ
1012 714 1090 733 mars
1110 707 1187 732 1202.

288 799 388 825 Abbati
419 799 452 824 de
478 797 587 831 Urdays
615 795 735 822 mandat
760 797 789 822 ut
815 793 983 828 priorissam
1011 794 1039 818 et
1065 798 1178 818 sorores
1206 789 1260 816 loci

249 858 274 877 s.
301 848 375 875 Petri
394 847 427 874 de
446 846 523 881 ltipis
539 853 625 880 super
642 844 820 879 possessione
836 843 965 879 ejusdem
989 841 1040 867 loci
1063 841 1259 866 manuteneat.

250 899 330 932 (Rae.
346 898 391 929 26,
408 896 455 922 sol.
480 896 508 921 18
526 903 568 928 vo,
585 902 618 920 no
633 895 690 927 79.)

291 1004 305 1018 «
333 1015 353 1021 ..
378 989 479 1020 abbati
501 988 537 1018 de
564 987 694 1027 Πνιῖαρε,
715 984 1004 1015 Premonslralensis
1021 982 1146 1017 ordinis,
1169 982 1260 1012 Baio-

249 1045 348 1075 nensis
358 1043 490 1074 diocesis.
504 1041 645 1072 Favoris
654 1038 826 1079 apostolici
835 1037 980 1077 presidia
990 1054 1037 1066 —.
1049 1037 1135 1067 Sanc
1143 1035 1259 1065 dilecte

251 1100 285 1129 in
312 1097 444 1128 (lhristo
460 1095 527 1126 filie
549 1118 568 1124 ..
588 1093 749 1133 priorissa
773 1093 804 1122 et
828 1099 958 1121 sorores
974 1090 1038 1120 loci
1060 1099 1087 1120 s.
1106 1088 1198 1119 Petri
1219 1088 1259 1118 de

252 1151 361 1190 Elpis,
380 1149 508 1181 ordinis
523 1157 550 1178 s.
573 1145 764 1186 Augustini,
778 1153 879 1184 prope
894 1143 1139 1182 Pampilonam,
1163 1141 1260 1172 nobis

252 1204 440 1243 significare
463 1202 621 1232 curarunt
637 1199 725 1238 quod
740 1198 820 1228 olim
841 1197 976 1236 quidam
999 1196 1116 1226 fratres
1132 1195 1260 1225 ordinis

253 1258 434 1291 Minoruni,
449 1256 563 1286 eodem
578 1254 649 1284 loco
666 1262 692 1282 s.
711 1251 802 1282 Petri
817 1259 915 1289 quem
932 1249 1260 1286 obtinebant‚sponte

250 1311 404 1345 dimisso,
423 1317 458 1338 se
475 1308 516 1338 ad
535 1307 638 1337 alium
656 1306 704 1336 eis
726 1305 833 1344 magis
854 1303 1068 1334 accomodum
1086 1301 1259 1332 transtule-

253 1363 330 1393 rri'nt
354 1364 385 1392 et
410 1360 622 1400 postmodum
638 1359 750 1389 eedem
766 1357 927 1396 priorissa
943 1357 973 1386 et
988 1364 1117 1386 sorores
1135 1354 1260 1384 dictum

253 1417 363 1447 locum
383 1424 441 1454 per
461 1412 687 1443 venerabilem
705 1411 842 1441 fratrem
860 1410 1010 1439 nostrum
1028 1433 1046 1438 ..
1069 1408 1261 1446 episcopum

254 1468 559 1507 Pampssonensem,
572 1465 637 1495 sibi
658 1464 829 1494 obtinuere
850 1462 997 1497 concedi,
1020 1461 1196 1500 ipsumque
1215 1461 1260 1490 te-

254 1523 332 1552 nent
348 1523 379 1551 et
394 1520 582 1554 tenuerunt,
598 1517 757 1548 decennio
774 1518 804 1547 et
817 1516 961 1554 amplius
973 1516 1042 1554 Jam
1056 1515 1180 1553 elapso,
1198 1514 1262 1544 Vo-

252 1576 357 1605 1011105
382 1574 490 1612 itaque
517 1573 654 1611 paterna
676 1569 900 1601 sollicitudine
921 1569 1070 1607 ipsarum
1086 1567 1261 1606 providere

252 1628 356 1667 quieti
381 1628 411 1657 et
430 1624 726 1664 indempnitatibus
742 1623 775 1653 in
791 1624 961 1662 posterum
981 1629 1170 1660 precavere,
1186 1628 1261 1650 con-

252 1682 438 1713 cessionem
455 1679 620 1709 abeodem
637 1677 791 1716 episcopo
807 1676 932 1706 eisdem
948 1674 1119 1705 sororibus
1128 1674 1259 1709 factam,

252 1737 357 1765 ratam
370 1735 400 1764 et
416 1733 542 1772 gratam
558 1731 728 1766 habentes,
746 1729 942 1760 mandamus
954 1729 1117 1767 quatenus
1129 1727 1261 1757 easdem

251 1788 448 1828 priorissam
466 1786 496 1815 et
516 1792 647 1815 sorores
665 1792 764 1822 super
779 1783 895 1813 eodem
912 1782 983 1812 loco
1005 1781 1037 1811 et
1051 1780 1261 1819 pertinentiis

252 1841 324 1871 suis
350 1840 576 1873 manuteneas,
601 1837 754 1876 protegas
775 1837 806 1865 et
826 1835 985 1865 defendas
1007 1842 1066 1864 nec
1090 1833 1262 1872 permittas

253 1894 344 1933 ipsas
362 1901 461 1931 super
476 1891 542 1921 hiis
557 1891 597 1921 ab
615 1890 741 1920 eisdem
756 1889 916 1919 fratribus
934 1888 988 1917 vel
1005 1887 1260 1926 quibuscunque

255 1946 331 1976 aliis
347 1945 528 1975 molestari.
555 1942 821 1974 Contradictores
838 1942 869 1971 et
888 1941 1116 1971 molestatores
1130 1956 1178 1968 —.
1197 1939 1261 1969 Da-

254 2000 322 2029 tum
340 1997 493 2033 vuarim,
513 2006 548 2026 111
564 2005 668 2026 nonas
686 1995 808 2030 martii,
825 2002 912 2024 anno
927 1993 1045 2032 primo.
1063 2004 1078 2019 »

321 2170 369 2200 82
825 2164 948 2196 Viterbe,
970 2165 1006 2188 ¹0¹·
1022 2162 1093 2189 avril
1114 2162 1189 2188 1262.

292 2253 363 2279 Cum
387 2251 526 2285 magistro
543 2250 687 2276 Bernardo
708 2249 810 2283 lspano
830 2256 915 2282 super
936 2247 1113 2281 possessione
1133 2247 1260 2281 plurium

253 2301 458 2329 beneficiorum
475 2299 630 2333 dispensat.
651 2298 728 2333 (Rae.
744 2299 790 2330 26,
806 2296 854 2324 sol.
876 2297 906 2321 18
923 2304 965 2329 vo,
980 2304 1013 2322 no
1028 2297 1083 2328 80.)

294 2407 309 2422 «
326 2394 472 2434 Magyistro
485 2392 645 2423 Bernardo
660 2393 784 2432 Jspano,
802 2391 962 2430 capellano
976 2395 1088 2427 nostre,
1104 2390 1140 2420 de
1154 2390 1263 2420 Salnes

255 2449 284 2477 in
303 2446 557 2487 Compostcllana,
577 2451 603 2475 ee
621 2444 656 2474 de
671 2444 810 2475 Saldana
825 2443 854 2473 in
872 2443 1051 2483 Leqionensz·
1065 2443 1196 2473 ecclesiis
1213 2454 1262 2473 ar-

255 2500 442 2530 chidiacono.
468 2498 661 2529 Laudabilis
691 2496 955 2528 conversationis
977 2497 1008 2526 et
1025 2513 1073 2526 —-.
1101 2497 1188 2526 Hinc
1213 2498 1263 2527 est

259 2553 345 2593 quod
374 2561 434 2583 nos
461 2552 666 2582 attendentes
690 2551 742 2581 tue
769 2550 886 2580 merita
909 2548 1084 2588 probitatis
1107 2550 1263 2588 grataque

258 2606 417 2644 obsequia
440 2613 501 2643 quc
520 2604 616 2634 nobis
640 2605 671 2633 et
691 2602 798 2633 felicis
816 2601 1053 2632 recordaticmis
1068 2602 1262 2632 Innocentio

257 2661 288 2690 et
297 2658 497 2693 Alexandro,
508 2656 800 2695 predecessoribus
810 2654 943 2689 nostris,
954 2655 1115 2684 Romanis
1130 2655 1263 2693 pontifi-

256 2712 362 2746 cibus,
374 2709 578 2749 impendisti,
593 2710 624 2739 et
638 2708 764 2747 perhoc
773 2708 922 2737 volentes
935 2707 994 2737 tibi
1004 2707 1143 2745 gratiam
1156 2707 1261 2738 facere

254 2763 444 2803 specialem,
460 2763 495 2792 ut
507 2762 546 2792 de
559 2761 677 2793 Salnes
692 2762 723 2791 et
738 2761 777 2791 de
791 2760 947 2791 Saldania
963 2760 1261 2797 archidiaconatus,

253 2825 338 2857 quos
363 2823 476 2845 curam
500 2815 687 2844 animarum
702 2813 862 2844 habentes
886 2813 918 2843 in
943 2812 1210 2851 Compostellana
1232 2816 1263 2844 et

252 2869 453 2909 Legionensi
471 2867 620 2898 ecclesiis
635 2875 671 2897 es
685 2866 834 2905 adeptus,
846 2875 882 2896 ac
896 2866 1080 2905 prebendas
1098 2867 1130 2896 et
1145 2868 1260 2905 presti—

252 2922 367 2954 monia
381 2929 444 2961 que
462 2921 494 2951 in
510 2921 635 2951 eisdem
655 2928 691 2950 ac
708 2919 893 2955 Patent-ina,
912 2918 1132 2950 Ulixboneusi
1147 2922 1176 2950 et
1195 2921 1261 2951 Tu-

1321 335 1415 365 densi
1427 334 1577 364 ecclesiis
1587 333 1728 368 obtines,
1738 333 1869 364 etiamsi
1878 333 2172 372 prestimoniorum
2184 333 2331 372 ipsorum

1321 388 1434 426 aliqua
1449 396 1561 417 curam
1582 387 1726 417 similem
1748 386 1902 422 habeant,
1921 395 2047 416 necnon
2069 386 2236 425 quandam
2257 395 2333 425 pen-

1321 441 1451 470 sionem
1479 448 1623 470 annuam
1653 448 1753 478 quam
1781 439 1883 469 habes
1910 440 1944 470 in
1970 440 2084 469 eadem
2112 439 2333 470 Ulixbonensi

1288 503 1290 522 1
1322 492 1473 527 ecclesia,
1489 492 1600 530 possis
1634 491 1772 521 insimul
1802 491 1889 521 licite
1927 492 2081 528 retinere,
2098 492 2333 522 constitutione

1323 545 1488 584 generalis
1501 544 1634 575 concilii
1651 546 1682 574 et
1703 544 1789 574 bone
1808 545 1968 575 memorie
1983 545 2027 580 J„
2039 545 2236 576 Sabinensis
2252 545 2334 584 epis-

1322 599 1489 637 copi,tunc
1506 598 1540 628 in
1554 597 1702 636 partibus
1718 598 1852 636 Ispanie
1869 598 2047 636 apostolice
2059 599 2147 628 sedis
2161 598 2333 637 legati‚seu

1322 652 1469 691 qualibet
1485 651 1549 681 alia
1568 652 1597 681 et
1613 651 1911 681 consuetudinibus
1927 651 2102 681 contrariis
2120 660 2185 681 non
2203 651 2333 682 obstan-

1321 705 1423 739 tibus,
1440 705 1549 734 tecum
1565 704 1757 733 auctoritate
1774 703 1956 742 apostolica
1971 704 2215 743 dispensamus,
2231 704 2337 735 defec-

1321 760 1392 788 tum
1415 757 1443 787 si
1459 757 1534 796 quis
1555 757 1618 787 fuit
1636 757 1669 786 in
1689 756 1877 795 receptione
1896 757 1948 787 vel
1965 757 2152 787 detentione
2174 757 2333 787 archidia-

1322 812 1510 846 conatuum,
1522 809 1766 849 prebendarum
1778 811 1809 840 et
1818 810 2113 849 prestimoniorum
2123 812 2152 840 et
2162 810 2335 849 pensionis

1321 864 1526 903 hujusmodi,
1538 863 1730 902 supplentes
1747 863 1787 893 de
1805 863 1984 902 apostolice
2002 863 2209 902 plenitudine
2227 864 2333 902 potes-

1321 918 1410 955 tatis,
1433 926 1470 947 ac
1494 917 1555 946 tibi
1578 916 1819 946 nichilominus
1840 917 2057 947 concedentes
2082 918 2118 946 ut
2140 916 2287 946 redditus
2303 918 2335 947 et

1321 972 1505 1010 proventus
1520 978 1604 1008 quos
1613 969 1789 1008 percepisti
1806 977 1847 999 ex
1867 969 1928 999 eis,
1945 969 2033 1000 licite
2049 969 2117 999 vale
2127 978 2162 999 as
2180 970 2332 1000 retinere.

1321 1024 1463 1055 Proviso
1479 1023 1566 1062 quod
1580 1039 1630 1052 -.
1646 1022 1799 1052 Ceterum
1818 1031 1877 1061 pro
1894 1030 1932 1052 eo
1947 1022 2035 1061 quod
2050 1022 2246 1052 decanatum
2263 1031 2335 1061 pre-

1322 1079 1406 1108 dicte
1422 1075 1663 1108 Ulixbonensis
1680 1075 1818 1105 ecclesie
1835 1084 1894 1115 per
1909 1076 2077 1114 quandam
2093 1075 2335 1106 ordinationem

1323 1130 1514 1161 auctoritate
1523 1129 1630 1168 ipsius
1643 1128 1890 1167 predecessoris
1903 1128 2087 1158 Innocentii
2098 1128 2227 1162 factam,
2239 1129 2336 1167 prout

1323 1181 1457 1217 asseris,
1474 1181 1602 1211 tamdiu
1614 1180 1761 1210 detinere
1775 1180 1886 1215 debes,
1901 1180 2004 1210 donee
2020 1180 2053 1210 in
2065 1181 2179 1210 eadem
2197 1180 2336 1210 ecclesia

1325 1235 1592 1274 Compostellana
1608 1235 1821 1272 personatum
1846 1233 1899 1263 vel
1919 1233 2111 1272 dignitatem
2130 1233 2233 1263 fueris
2250 1233 2337 1271 paci-

1323 1289 1383 1318 fice
1409 1289 1593 1322 assecutus,
1616 1296 1690 1317 cum
1712 1289 1746 1317 tu
1768 1287 1954 1325 predictum
1975 1286 2278 1316 archidiaconatum
2297 1286 2336 1316 de

1324 1342 1442 1372 Salnes
1457 1341 1498 1371 ad
1515 1341 1650 1379 plenum
1668 1349 1733 1370 non
1751 1340 1914 1374 obtineas,
1934 1339 2091 1369 nolumus
2110 1339 2168 1368 tibi
2185 1339 2336 1377 generari

1323 1394 1543 1432 prejudicium
1561 1393 1695 1431 aliquod
1710 1393 1766 1422 vel
1782 1391 1990 1422 obstaculum
2009 1391 2186 1430 interponi,
2199 1400 2258 1421 seu
2273 1391 2337 1421 ‹lis-

1324 1446 1523 1485 pensationi,
1552 1445 1755 1484 suppletioni
1780 1446 1835 1475 aut
1859 1444 2067 1474 concessioni
2092 1444 2284 1483 hujusmodi
2303 1444 2337 1474 in

1324 1499 1437 1538 aliquo
1453 1499 1618 1537 derogari.
1636 1498 1731 1528 Nulli
1747 1506 1825 1536 ergo
1843 1498 1954 1527 nostre
1971 1497 2244 1535 dispensationis,
2262 1505 2338 1536 sup—

1323 1552 1480 1592 pletionis
1498 1553 1528 1582 et
1545 1551 1783 1586 concessionis,
1799 1552 1860 1581 etc.
1876 1550 2000 1581 Datum
2016 1550 2171 1584 Yiterbib
2184 1550 2338 1581 kalendis

1325 1606 1452 1645 aprilis,
1471 1614 1558 1635 anno
1572 1605 1690 1644 primo.
1709 1616 1724 1632 »

1392 1768 1440 1799 83
1900 1764 2027 1796 Yiterbe,
2047 1763 2077 1790 19
2094 1763 2166 1790 avril
2187 1764 2264 1790 1262.

1363 1836 1523 1865 Ecclesiam
1544 1845 1567 1864 s.
1590 1836 1701 1862 Andree
1722 1836 1755 1862 de
1775 1835 1877 1866 Platia⁷
1899 1835 1934 1861 ad
1955 1833 2230 1868 ,ierosolymitanam
2250 1832 2338 1860 eccle-

1325 1887 1402 1914 siam
1427 1885 1640 1921 pertinentem,
1650 1884 1766 1920 ejusque
1790 1883 1980 1918 pertinentias
1997 1883 2031 1909 ab
2050 1883 2130 1910 omni
2150 1882 2338 1916 archiepisco·

1325 1943 1430 1970 porum
1452 1937 1480 1961 et
1498 1934 1698 1968 episcoporum
1715 1932 1916 1968 jurisdictione
1933 1931 2035 1958 eximit
2058 1931 2098 1957 ita
2117 1930 2192 1965 quod
2218 1930 2271 1957 soli
2291 1930 2335 1957 Je-

1326 1984 1538 2018 rosolymitano
1555 1981 1735 2017 patriarchae
1751 1981 1853 2008 subsit.
1871 1981 1949 2014 (Rae.
1967 1981 2010 2014 ⁵26,
2029 1980 2077 2007 sol.
2099 1981 2139 2012 19,
2155 1988 2187 2006 no
2201 1979 2254 2013 81.)

1368 2088 1383 2104 «
1404 2100 1421 2106 ..
1439 2076 1541 2116 priori
1563 2080 1590 2104 et
1607 2074 1758 2114 frutribus
1773 2073 1892 2103 ecclesie
1908 2084 1932 2104 s.
1948 2073 2068 2103 Andr-ee
2083 2073 2120 2102 de
2139 2072 2255 2108 Plana,
2275 2072 2332 2103 Ca-

1326 2129 1493 2160 tkaniensis
1510 2129 1644 2163 diocesis,
1663 2127 1703 2157 nd
1718 2126 1993 2156 Jerosolimitanam
2009 2125 2160 2155 ecclesiam
2176 2126 2336 2166 pertinen-

1325 2183 1373 2219 tis,
1388 2182 1535 2212 ordim'ss.
1550 2181 1726 2221 Auquslim'.
1741 2180 1886 2211 Grandis
1898 2180 2140 2218 affectusquem
2151 2196 2199 2209 —.
2213 2179 2336 2209 Datum

1324 2236 1482 2271 Viterbii,
1499 2244 1559 2265 xm
1576 2235 1736 2265 kalendas
1753 2234 1844 2264 maii.
1864 2242 1950 2264 anno
1968 2233 2087 2272 primo.
2104 2245 2118 2259 ›-

1392 2388 1439 2419 84
1923 2383 2048 2416 Yiterbe,
2065 2385 2079 2410 3
2096 2383 2168 2410 avril
2188 2384 2265 2411 ⁴262.

1360 2470 1534 2498 Monasterio
1556 2470 1589 2496 de
1610 2469 1744 2501 castello,
1766 2468 1984 2495 Cameracensis
2005 2467 2137 2495 diocesis.
2160 2467 2287 2502 indulget
2307 2469 2338 2494 ut

1323 2521 1412 2547 donec
1433 2521 1620 2546 exoneratum
1642 2517 1726 2544 suerit
1750 2518 1785 2544 ab
1805 2525 1891 2544 onere
1913 2517 2088 2549 debitorum,
2108 2517 2143 2543 ad
2161 2516 2333 2543 solutionem

1322 2568 1500 2597 eorumdem
1518 2568 1688 2602 pensionum
1708 2575 1763 2593 non
1780 2568 1922 2593 teneatur.
1941 2566 2021 2601 (Bne.
2040 2567 2084 2597 26,
2101 2565 2152 2592 fol.
2170 2566 2213 2598 19,
2231 2573 2264 2592 no
2280 2565 2338 2598 82.)

1368 2670 1382 2684 «
1410 2681 1429 2688 ..
1449 2656 1552 2686 abbati
1580 2662 1606 2685 e!
1626 2656 1787 2685 conventui
1801 2655 1980 2685 monasterii
2002 2654 2038 2684 dr
2065 2654 2207 2689 (astella,
2225 2653 2339 2683 ordinis

1323 2721 1346 2741 s.
1373 2709 1540 2745 Benedicti,
1564 2708 1794 2739 Cameracensis
1820 2708 1955 2737 diocesis.
1976 2707 2096 2738 Petitio
2114 2708 2222 2737 vestra
2240 2705 2337 2736 nobis

1324 2763 1470 2794 exhibita
1487 2762 1676 2793 continebat
1691 2761 1874 2800 quodsum
1887 2761 1966 2791 olim
1979 2769 2078 2790 causa
2093 2768 2156 2798 que
2170 2759 2336 2793 intervos,

1324 2816 1371 2846 fili
1389 2817 1586 2851 conventus,
1607 2823 1647 2845 ex
1668 2816 1760 2853 parte
1777 2823 1843 2844 una
1863 2815 1893 2844 et
1909 2813 2122 2847 Balduinum‚
2137 2810 2336 2842 monachum

1324 2870 1402 2899 tunc
1415 2869 1567 2899 abbatem
1581 2867 1775 2898 monasterii
1786 2866 1948 2900 vestri,ex
1960 2866 2073 2899 altera,
2088 2872 2188 2903 super
2198 2872 2236 2894 eo
2248 2863 2336 2902 quod

1324 2922 1413 2952 idern
1438 2921 1624 2951 Balduinus
1642 2920 1727 2951 hona
1746 2919 1938 2950 monasterii
1957 2916 2157 2957 dilapidabat
2174 2916 2337 2955 ejusdem,
