2547 3289
1091 306 1331 345 DEUXIEME
1353 307 1520 344 ANNEE.

247 407 309 437 etsi
331 407 373 437 sit
393 416 493 441 unus,
513 416 572 446 pro
596 415 656 437 suo
675 408 786 437 tamen
807 406 944 436 arbitrio
968 405 1127 435 membris
1151 405 1258 444 ipsius

246 460 384 490 ecclesie
407 460 634 490 diversitatem
660 460 770 490 influit
792 459 987 498 gratiarum3
1011 460 1146 497 propter
1169 457 1259 496 quod

248 513 334 543 idem
353 513 746 552 apostolus,enumeratis
768 513 913 552 Spiritus
933 512 1038 541 sancti
1062 511 1169 546 donis,
1189 511 1234 540 alt
1251 520 1257 539 z

247 578 261 593 «
285 567 355 596 Hec
370 568 481 596 autem
498 567 652 605 operatur
672 574 762 596 unus
779 567 877 603 atque
897 565 985 595 idem
1008 563 1158 603 spiritus,
1176 563 1260 593 ‹livi-

247 619 329 650 dens
351 619 495 657 singulis
518 621 614 658 prout
637 618 710 648 vult
730 629 762 655 »3
787 619 819 648 et
838 619 913 656 post
931 625 1035 656 pauca
1058 616 1230 655 subjimgit
1251 626 1257 644 :

247 683 262 698 «
286 672 325 702 In
347 680 414 702 1100
430 672 552 710 spiritu
568 680 684 702 omnes
708 680 767 701 nos
784 671 820 701 in
843 679 946 700 unum
963 678 1084 708 corpus
1101 668 1260 708 baptizati

247 733 375 754 sumus.
397 737 412 752 »
436 725 505 755 Hec
526 725 648 763 quippe
666 723 884 754 ecclesiastici
907 723 1055 761 corporis
1072 722 1184 752 unitas
1200 730 1260 760 per

246 778 481 808 inconsutilem
506 777 628 808 Christi
647 777 797 807 tunicam
813 784 887 815 que,
912 775 1033 805 divisis
1055 775 1131 804 aliis
1156 775 1258 804 vesti·
1288 812 1290 821 y

246 830 320 865 bus,
339 830 398 860 uni
422 832 553 860 tantum
575 829 675 860 cessit
690 829 725 859 in
747 830 881 863 sortem,
903 837 968 858 non
992 827 1158 857 immerito
1176 827 1258 866 figu-

246 885 347 913 ratur.
370 883 464 913 Hanc
480 883 642 912 unitatem
664 882 794 920 piscina
813 881 983 920 probatica
999 879 1199 918 designavit,
1222 880 1258 909 111
1288 904 1290 925 ¹,

243 944 309 974 qua
339 945 427 965 unus
456 935 685 965 tantummodo
715 934 906 968 sanabatur,
933 934 1025 963 extra
1053 933 1160 971 ipsam
1190 932 1259 961 lan-

243 989 416 1028 guentium
436 988 649 1018 multitudine
674 987 878 1020 remanente,
895 986 1054 1024 quoniam
1080 986 1115 1015 in
1144 985 1256 1024 hujus-

243 1041 334 1072 modi
349 1041 487 1071 unitatis
498 1041 639 1070 circuitu
650 1039 746 1078 impii
757 1039 930 1069 ambulant
947 1039 979 1068 et
996 1038 1030 1068 111
1048 1046 1121 1068 60111
1133 1038 1257 1068 intrare

242 1095 386 1125 renuunt
402 1095 437 1123 ut
460 1093 735 1123 sanentur.Hane
758 1093 858 1122 etiam
871 1091 1034 1122 unitatem
1049 1091 1257 1121 commendat

242 1155 387 1186 sponsus
404 1147 438 1176 in
462 1145 609 1177 Canticis
632 1146 748 1176 dicens
766 1155 772 1175 :
792 1157 807 1172 «
831 1146 907 1176 Una
926 1146 975 1175 est
995 1144 1151 1174 columba
1167 1152 1255 1179 mea,
1285 1166 1287 1172 s

1285 1212 1286 1216 ,
1316 1189 1479 1227 scripture
1497 1189 1642 1219 veridice
1659 1189 1799 1220 firmiter
1815 1192 2019 1220 asseverant.
2038 1191 2142 1222 Porro
2160 1201 2235 1222 cum
2252 1203 2322 1232 pre-

239 1199 385 1240 perfecta
401 1207 475 1229 mea
493 1211 520 1233 n,
544 1207 746 1237 quamquam
762 1198 877 1237 plures
888 1197 1034 1236 reginas,
1051 1196 1256 1227 concubinas

239 1254 271 1283 et
292 1251 558 1283 adolescentulas
582 1260 655 1281 esse
679 1251 854 1281 describat.
874 1251 918 1281 Ut
943 1250 1044 1288 igitur
1064 1249 1256 1288 hujusmodi

240 1305 378 1336 unitatis
409 1305 513 1344 gratia
541 1304 640 1335 firma
671 1305 702 1334 et
728 1304 857 1334 illibata
889 1303 1024 1342 penitus
1052 1303 1253 1336 servaretur,

241 1367 344 1388 unum
367 1358 476 1388 eidem
501 1357 621 1387 unitati
647 1357 826 1392 Dominus,
852 1356 1007 1386 videlicet
1031 1356 1165 1386 beatum
1192 1355 1254 1385 Pe-

240 1413 340 1445 trum,
357 1410 583 1449 apostolorum
596 1410 795 1449 principem,
809 1411 908 1448 caput
923 1409 1068 1439 instituit
1083 1410 1114 1438 et
1129 1408 1253 1446 magis—

239 1466 338 1500 trum,
356 1465 392 1494 ut
405 1464 499 1494 illam
515 1463 611 1502 quasi
625 1463 697 1493 Noe
712 1471 834 1497 arcam,
851 1463 943 1492 extra
957 1470 1056 1500 quam
1071 1461 1255 1491 animantia

240 1517 397 1548 derelicta
414 1517 448 1546 in
471 1517 566 1554 aquis
590 1515 710 1546 diluvii
726 1515 997 1554 submerguntur,
1016 1515 1051 1544 in
1067 1515 1140 1552 ipso
1159 1523 1252 1553 apos—

238 1570 384 1600 tolorum
399 1569 549 1608 principe
565 1569 655 1599 velut
669 1569 703 1598 in
716 1577 781 1599 uno
793 1568 904 1598 cubito
917 1569 1138 1602 consumaret,
1155 1567 1252 1606 eique

236 1623 467 1662 magisterium
485 1622 623 1653 ecclesie
643 1631 702 1652 sue
719 1621 894 1652 conferens
911 1622 941 1651 et
959 1621 1151 1660 primatum,
1173 1628 1251 1650 oves

240 1678 271 1707 et
289 1685 392 1715 agnos
411 1684 490 1706 suos
508 1675 557 1705 illi
574 1675 759 1714 pascendos
776 1675 941 1713 premissa
956 1674 1044 1704 trina
1063 1673 1251 1703 dilectionis

237 1729 494 1768 interrogatione
517 1728 696 1763 commisit,
714 1728 849 1758 tradens
871 1728 900 1757 ei
923 1727 1034 1757 claves
1057 1726 1149 1765 regni
1166 1727 1250 1757 celo-

238 1791 315 1812 rum
340 1791 414 1812 cum
441 1782 546 1812 libero
573 1781 699 1820 ligandi
725 1782 823 1819 atque
849 1780 1002 1810 solvendi
1024 1780 1194 1819 pontificio
1221 1781 1251 1810 et

238 1835 387 1874 plenaria
398 1836 574 1874 potestate;
590 1836 621 1864 et
636 1843 675 1864 116
689 1834 796 1873 ipsius
808 1833 971 1872 principis
984 1833 1067 1863 fides
1082 1833 1249 1868 deficeret,

237 1889 320 1919 adeo
342 1896 402 1927 pro
425 1888 498 1926 ipso
521 1887 701 1918 efficaciter
723 1887 873 1917 exoravit
891 1886 990 1925 quod,
1011 1894 1087 1915 cum
1106 1887 1248 1924 postmo-

238 1941 319 1971 dum
333 1941 475 1971 aliarum
488 1940 706 1970 ecclesiarum
719 1939 878 1970 nonnulle
890 1939 1013 1969 fuerint
1028 1939 1250 1969 hereticorum

237 2002 347 2024 errore
364 1993 483 2029 sedate,
499 1993 651 2024 Romana
667 1992 818 2029 ecclesia,
836 1992 932 2031 cujus
949 1992 1037 2021 idem
1054 1991 1171 2022 beatus
1187 1991 1249 2022 Pe-

236 2049 308 2077 trus
330 2047 488 2085 magister
505 2046 624 2080 extitit,
641 2045 854 2076 immaculata
873 2045 1033 2075 remansit
1056 2045 1250 2083 nullamque

238 2108 375 2138 prorsus
390 2099 500 2129 labem
516 2098 681 2129 contraxit
697 2099 841 2129 heretice
857 2098 1042 2137 pravitatis.
1062 2097 1158 2128 Unde
1178 2098 1251 2127 reli-

235 2153 293 2191 qui
311 2152 453 2191 apostoli
473 2154 503 2182 et
526 2151 684 2190 discipuli
704 2151 898 2190 hujusmodi
923 2151 1167 2181 institutionem
1181 2151 1249 2180 Do-

237 2205 406 2239 minio-am,
419 2205 519 2235 etiam
531 2206 606 2243 post
618 2204 742 2235 Christi
754 2205 995 2238 ascensionem,
1009 2204 1250 2234 inviolabiliter

237 2258 465 2292 observantes,
493 2259 757 2296 recognoverunt
781 2257 924 2287 eundem
948 2257 1083 2287 beatum
1110 2257 1249 2287 Petrum

236 2311 305 2341 fore
329 2310 457 2341 Christi
475 2310 638 2340 vicarium
660 2311 692 2340 et
713 2319 814 2349 super
837 2319 893 2340 605
914 2310 1078 2348 primatus
1099 2310 1248 2339 officium

237 2364 270 2393 in
287 2362 445 2393 omnibus
461 2362 621 2392 obtinere.
640 2363 693 2392 Ad
713 2363 854 2393 verbum
874 2371 1018 2401 namque
1034 2362 1143 2401 ipsius
1160 2362 1248 2392 beati

236 2415 326 2446 Petri
341 2415 511 2453 surgentis
529 2415 562 2445 in
582 2415 689 2446 medio
705 2415 845 2446 fratrum
862 2415 1067 2445 unanimiter
1081 2424 1141 2454 per
1156 2424 1248 2454 apos-

235 2468 319 2499 tolos
342 2468 384 2498 ad
404 2468 598 2498 electionem
619 2468 742 2498 Mathie
763 2469 963 2507 proceditur.
985 2468 1137 2499 Surrexit
1159 2468 1248 2498 enim

237 2521 271 2551 in
289 2521 410 2556 medio,
433 2522 601 2559 tamquam
623 2521 743 2551 ardens
765 2521 840 2560 igne
864 2521 971 2551 sancti
994 2521 1150 2560 Spiritus,
1177 2521 1247 2551 loco

236 2573 389 2613 magistri
406 2573 464 2611 qui
484 2573 514 2603 ei
536 2573 748 2604 commiserat
764 2582 897 2613 gregem
915 2583 1014 2604 suum
1031 2575 1063 2604 et
1078 2575 1248 2612 tamquam

237 2626 555 2658 honorabilissimus
572 2626 624 2656 cui
648 2634 763 2656 omnes
780 2626 904 2665 pariter
921 2626 1146 2656 intendebant,
1166 2626 1248 2665 Ejus

236 2688 367 2719 quoque
385 2679 596 2709 sermonibus
616 2678 677 2712 illi,
697 2679 756 2717 qui
772 2679 1049 2717 blasphemabant
1065 2679 1245 2717 apostolos,

236 2733 337 2763 immo
355 2733 506 2762 sanctum
521 2731 697 2770 Spiritum,
714 2731 968 2762 convincuntur.
987 2732 1093 2762 Multa
1110 2732 1248 2770 insuper

235 2785 386 2816 fidelium
416 2784 510 2815 milia
542 2785 650 2823 ipsius
677 2784 903 2823 predicatione
935 2786 1174 2815 convertuntur
1207 2785 1247 2814 ad

237 2839 349 2872 fidem,
365 2839 400 2868 in
416 2847 482 2877 qua
505 2837 642 2876 quidem
663 2837 888 2876 predicatione
905 2846 940 2868 se
963 2838 1129 2868 ferventer
1146 2839 1177 2868 et
1199 2846 1248 2868 01·-

235 2892 351 2922 denter
379 2891 471 2921 velut
497 2891 621 2921 Christi
647 2890 794 2920 vicarius
821 2890 1005 2921 exercebat.
1029 2891 1146 2929 Neque
1171 2891 1248 2921 huic

235 2943 437 2975 institutioni
453 2943 628 2974 Dominice
647 2943 753 2974 sancti
767 2944 878 2982 patres
894 2943 1107 2981 postmodum
1120 2943 1247 2973 restite-

238 2997 331 3032 runt,
349 2996 407 3026 sed
422 2996 530 3035 ipsius
544 2995 706 3034 principis
724 3003 963 3032 successorem,
978 2997 1135 3035 tanquam
1150 2995 1246 3026 illum

344 3045 490 3074 Utinam
509 3044 562 3076 IV,
579 3044 662 3072 t.1[.
679 3045 746 3077 1169.
768 3045 832 3072 ord.

2277 318 2333 347 137

1324 395 1381 434 qui
1396 396 1521 426 Christi
1536 396 1624 426 vices
1638 396 1671 426 in
1683 397 1780 426 terris
1796 397 1931 432 obtinet,
1948 398 2144 427 venerantes
2157 399 2186 427 et
2201 398 2242 427 ad
2256 398 2329 436 ejus

1317 448 1481 486 judicium
1506 449 1539 479 in
1561 449 1638 479 fidei
1662 451 1868 479 recurrentes
1891 450 2015 485 dubiis,
2039 451 2110 489 eJ'us
2133 451 2326 480 auctoritate

1319 500 1454 532 hereses
1480 502 1775 540 condempnarunt,
1805 505 1975 533 manentes
2004 503 2089 533 sicut
2116 503 2264 533 membra
2293 503 2326 533 in

1320 563 1434 584 eorum
1451 555 1568 593 capite,
1581 556 1761 594 apostolico
1778 556 1903 586 scilicet
1919 556 2037 586 throno
2053 557 2247 594 pontificum
2264 557 2328 587 Ro·

1319 615 1506 642 manorum,
1535 617 1553 637 0
1577 617 1642 646 quo
1666 609 1872 646 querendum
1899 611 1947 639 est
1974 610 2053 648 quid
2078 609 2120 639 sit
2146 609 2326 639 tenendum

1319 660 1441 697 quidve
1454 661 1668 695 credendum,
1682 670 1756 690 cum
1767 662 1839 700 ejus
1852 662 1895 691 sit
1908 662 2157 700 reprehendere,
2170 664 2327 696 statuere,

1290 711 1291 720 ¹
1319 712 1486 748 ordinare,
1514 713 1702 752 disponere,
1724 714 1904 752 precipere,
1928 715 2056 745 solvere
2080 717 2107 744 ct
2137 715 2207 745 10‹··›
2235 715 2326 746 illius

1319 765 1433 803 ligare,
1446 766 1502 804 qui
1515 766 1683 796 edificavit
1695 767 1791 796 illum
1803 768 1901 805 etqui
1918 768 2000 797 1111111
2016 768 2084 803 alii,
2099 769 2156 798 sed
2171 769 2235 807 ipsi
2248 769 2322 803 soli,

1318 818 1406 856 quod
1419 827 1517 848 suum
1528 820 1577 848 est
1592 819 1727 857 plenum
1742 821 1875 850 tradidit
1889 823 1919 850 et
1933 822 2106 850 0011co«1r
2127 822 2211 851 Huic
2226 823 2323 852 etiam

1316 870 1437 900 throno
1457 880 1572 901 omnes
1590 871 1742 901 catholici
1761 873 1835 910 jure
1857 873 1972 903 divino
1991 876 2088 912 caput
2108 875 2271 904 inclinant
2293 877 2323 905 et

1316 923 1475 961 primates
1490 924 1738 958 mundi‚veram
1753 924 1946 955 confitentes
1961 926 2247 965 11116111,10111ι;10;1111
2262 927 2328 965 11151

1287 977 1288 999 ἓ
1317 976 1461 1006 Domino
1479 976 1560 1006 Jesu
1582 976 1738 1006 obediunt
1759 978 1790 1006 et
1808 978 1994 1013 intendunt,
2013 988 2049 1008 ac
2069 980 2101 1009 in
2124 980 2219 1009 illum
2241 982 2322 1011 tam-

1317 1036 1417 1066 quam
1436 1029 1472 1058 in
1492 1029 1597 1059 solem
1620 1029 1802 1068 respiciunt
1822 1031 1852 1059 et
1875 1030 1914 1059 ab
1935 1039 1973 1060 60
1992 1031 2104 1061 lumen
2127 1033 2276 1062 veritatis
2293 1035 2325 1063 et

1287 1078 1288 1101 ἶ
1316 1082 1395 1112 fidei
1412 1082 1453 1112 ad
1474 1083 1615 1113 salutem
1634 1083 1798 1122 recipiunt
1818 1084 2016 1120 animarum,
2033 1088 2129 1124 prout
2148 1087 2323 1117 nnmullo·

1316 1143 1390 1164 rum
1406 1137 1597 1166 sanctorum
1613 1137 1757 1174 patrum,
1774 1138 1841 1166 tam
1855 1137 2036 1168 Grecorum
2051 1147 2151 1177 quam
2167 1139 2322 1175 aliorum,

1315 1242 1439 1272 cellens
1455 1242 1593 1272 ecclesie
1608 1242 1755 1281 predicte
1773 1243 1953 1274 auctoritas
1971 1246 2001 1273 et
2016 1246 2160 1282 potestas
2178 1248 2209 1276 et
2224 1255 2323 1278 evan-

1315 1295 1419 1333 gelico
1436 1296 1611 1326 1011116101
1626 1296 1804 1334 privilegio
1819 1298 1849 1326 et
1865 1297 2115 1335 quamplurium
2131 1301 2322 1330 sanctorum

1284 1362 1285 1367 =
1314 1348 1486 1378 doctorum
1506 1349 1697 1378 testimonio
1721 1349 1887 1385 fulciatur,
1908 1358 2117 1389 nequaquam
2141 1353 2323 1390 expediens

1314 1401 1383 1432 fore
1398 1401 1607 1432 decrevimus
1622 1402 1720 1440 plura
1735 1402 1855 1432 horum
1870 1411 1971 1442 super
1987 1403 2048 1433 hoc
2066 1405 2186 1443 scripta
2201 1407 2323 1444 produ-

1313 1463 1397 1489 cere,
1416 1454 1495 1493 quia
1511 1463 1756 1493 supervacuum
1778 1464 1915 1494 prorsus
1933 1456 2087 1487 existeret
2110 1459 2214 1488 solem
2230 1460 2321 1497 adju-

1314 1516 1391 1538 vare
1408 1508 1537 1538 facibus
1553 1510 1583 1538 et
1599 1508 1633 1537 id
1649 1508 1738 1546 quod
1753 1510 1801 1538 est
1818 1508 1851 1538 in
1869 1509 1939 1538 celo
1955 1511 1986 1539 et
2001 1509 2036 1539 in
2052 1512 2138 1540 terra
2155 1512 2322 1542 notorium

1313 1561 1554 1599 scripturarum
1577 1561 1745 1599 suffragiis
1769 1561 1994 1599 comprobare.
2019 1563 2083 1593 Sel
2108 1564 2236 1594 utinam
2259 1565 2321 1595 im-

1311 1614 1435 1651 periale
1449 1614 1613 1652 judicium
1632 1614 1771 1644 rationis
1787 1623 1860 1648 nos,
1877 1615 1986 1645 throni
2003 1617 2175 1654 apostolici
2192 1627 2319 1648 succes·

1312 1675 1421 1696 sorem
1441 1668 1472 1697 et
1493 1667 1703 1706 spiritualem
1726 1667 1774 1697 tui
1795 1669 1923 1706 patrem
1942 1668 2090 1707 Imperii,
2111 1670 2195 1699 sicut
2217 1671 2318 1702 verbo

1311 1720 1346 1750 in
1361 1720 1428 1750 tuis
1443 1720 1575 1754 litteris,
1595 1720 1642 1750 sic
1663 1723 1695 1750 et
1711 1729 1808 1759 opere
1825 1724 2071 1759 recognosceret
2093 1732 2129 1752 ac
2148 1723 2245 1754 nobis
2266 1724 2319 1754 de-

1310 1773 1379 1804 bita
1403 1774 1479 1812 jura
1510 1774 1659 1803 redderet
1687 1774 1870 1803 reverentie
1899 1774 2027 1804 filialis!
2058 1775 2196 1806 Utinam
2225 1777 2318 1807 illam

1310 1827 1492 1860 caritatem,
1508 1826 1603 1864 cujus
1616 1827 1646 1856 te
1659 1826 1782 1856 asseris
1795 1828 1999 1861 sectatorem,
2016 1827 2103 1857 circa
2115 1837 2176 1858 nos
2189 1831 2220 1859 et
2231 1829 2320 1860 thro-

1310 1888 1391 1909 num
1416 1879 1527 1917 ipsum
1554 1879 1732 1909 efficaciter
1759 1879 2016 1915 demonstrares,
2042 1881 2083 1910 ad
2109 1890 2243 1921 gregem
2269 1892 2318 1913 re-

1309 1932 1440 1962 deundo
1458 1931 1673 1962 Dominicum
1702 1940 1738 1961 ac
1767 1931 1955 1970 recipiendo
1980 1934 2010 1962 te
2036 1933 2148 1972 ipsum
2182 1935 2217 1965 in
2247 1937 2318 1966 tuto

1309 1985 1426 2016 matris
1441 1984 1579 2015 ecclesie
1595 1985 1733 2023 gremio,
1751 1984 1808 2014 ubi
1827 1985 2066 2016 consolationis
2085 1989 2231 2018 materne
2247 1989 2321 2018 dul—

1309 2039 1460 2069 cedinem
1490 2047 1565 2068 cum
1592 2038 1710 2068 ceteris
1744 2037 1938 2068 orthodoxis
1967 2039 2084 2069 mundi
2110 2040 2319 2080 principibus

1309 2093 1503 2131 degustares
1529 2092 1560 2122 et
1576 2091 1632 2121 ubi
1648 2091 1746 2121 etiam
1763 2091 1796 2120 in
1810 2091 1878 2121 tuis
1893 2092 2022 2121 cunctis
2039 2094 2319 2131 oportunitatibus

1308 2146 1538 2176 indesinenter
1557 2144 1617 2174 tibi
1639 2144 1755 2174 adesse
1775 2144 1917 2174 sentires
1935 2148 2090 2184 prompta
2108 2147 2160 2176 sui
2179 2149 2320 2186 presidii

1308 2199 1504 2229 favorabilis
1528 2198 1732 2237 adjumenta!
1759 2197 1846 2227 Nam
1869 2198 1897 2227 si
1919 2198 1980 2228 hoc
2003 2199 2062 2228 tibi
2080 2199 2236 2238 Spiritus,
2262 2203 2320 2240 (1111

1309 2252 1367 2282 ubi
1380 2252 1451 2282 vult
1463 2251 1578 2290 spirat,
1593 2251 1711 2280 celitus
1724 2250 1912 2289 inspiraret,
1926 2260 1992 2281 non
2008 2252 2117 2282 solnm
2131 2254 2318 2285 ostendere-

1308 2314 1385 2335 mus
1404 2306 1434 2335 et
1449 2305 1655 2343 aperiremus
1670 2303 1731 2333 tibi
1746 2303 1874 2342 paterni
1890 2304 2027 2334 affectus
2044 2305 2184 2340 viscera,
2201 2315 2316 2337 verum

1309 2360 1409 2390 etiam
1423 2360 1453 2389 te
1465 2358 1551 2388 intra
1564 2357 1621 2387 illa
1632 2358 1802 2395 tamquam
1813 2357 2052 2395 precordialem
2063 2360 2093 2388 et
2106 2360 2317 2391 carissimum

1308 2413 1416 2443 filium
1434 2412 1631 2446 locaremus,
1649 2410 1776 2448 tibique
1796 2410 1830 2440 111
1850 2410 1899 2440 1111
1918 2411 2159 2442 sustentatione
2180 2414 2210 2442 et
2228 2414 2314 2444 exal-

1309 2466 1431 2496 tatione
1450 2465 1526 2494 solii
1544 2464 1807 2494 monstraremus
1823 2464 1983 2501 quantum
2003 2464 2131 2495 thronis
2147 2466 2315 2503 regalibus

1309 2518 1487 2558 apostolice
1506 2517 1597 2547 sedis
1614 2516 1752 2555 gratiam
1772 2517 1803 2545 et
1823 2517 2092 2546 communionem
2114 2517 2315 2551 habentibus

1308 2571 1351 2600 sit
1371 2569 1570 2603 necessaria,
1593 2568 1763 2598 fructuosa
1780 2569 1811 2598 et
1833 2568 1925 2597 utilis
1942 2569 2113 2606 potestatis
2133 2571 2314 2608 apostolice

1307 2623 1490 2663 plenitudo.
1502 2622 1619 2660 Neque
1632 2621 1787 2651 volumus
1801 2620 1948 2655 diffiteri,
1963 2621 2148 2659 quinimmo
2162 2626 2315 2654 constan-

1307 2678 1356 2707 ter
1366 2675 1549 2706 asserimus
1561 2675 1649 2713 quod
1664 2674 1809 2704 maxima
1824 2673 1930 2703 eidem
1942 2674 2079 2704 ecclesie
2091 2684 2128 2706 ac
2140 2676 2199 2706 tibi
2213 2678 2314 2708 etiam

1307 2739 1349 2760 ex
1363 2729 1411 2759 tui
1425 2728 1642 2759 conversione
1659 2727 1795 2766 Imperii
1811 2726 1936 2756 utilitas
1950 2727 2196 2768 multorumque
2212 2730 2317 2762 incre-

1307 2784 1419 2813 menta
1434 2781 1643 2820 profectuum
1665 2779 1885 2819 spiritualiter
1901 2781 1931 2809 et
1954 2781 2179 2819 temporaliter
2195 2792 2314 2822 prove-

1307 2836 1427 2870 nirent,
1444 2834 1523 2873 quia
1539 2836 1570 2864 et
1585 2834 1736 2871 ejusdem
1755 2841 1876 2870 corpus
1893 2833 2031 2864 ecclesie
2049 2842 2090 2864 ex
2105 2836 2173 2865 tam
2191 2837 2314 2868 nobilis

1307 2887 1448 2918 membri
1465 2886 1719 2925 reintegratione
1741 2887 1911 2925 appareret
1935 2887 1966 2916 et
1988 2887 2143 2919 existeret
2165 2889 2200 2919 in
2222 2892 2314 2922 omni

1306 2943 1398 2981 parte
1409 2940 1462 2970 sui
1474 2940 1721 2978 elegantissime
1735 2940 1946 2970 venustatum
1958 2942 1990 2970 et
2004 2941 2190 2972 membrum
2205 2944 2315 2982 ipsum

1307 3003 1375 3025 non
1396 2994 1623 3032 languesceret
1644 3001 1751 3032 neque
1773 2992 1957 3024 tabesceret
1981 2996 2074 3026 extra
2097 3004 2227 3035 corpus,
2256 2997 2314 3028 sed

2142 3045 2174 3070 18
