2547 3289
208 234 250 263 42
1054 220 1278 251 nnois'rnn
1303 212 1516 249 cantarat,

251 325 266 340 «
300 312 449 345 Urbanus,
476 315 546 343 etc,
568 307 682 337 (tiles-tis
706 305 779 344 filiis
793 327 813 334 ..
833 302 987 343 potestati,
1009 325 1028 331 ..
1049 301 1218 340 capitaneo,

210 365 335 395 consilio
353 369 380 393 e!
400 361 547 392 communi
567 357 811 389 Tuscaacnsihus.
830 356 913 387 Cum
929 354 1043 393 gravia
1055 353 1220 383 interdum

211 417 390 456 apostolice
406 415 496 445 sedis
510 412 665 443 fidelibus
681 410 871 447 contingere
883 407 1028 447 pericula
1040 406 1166 436 soleant
1183 413 1220 434 eo

211 470 299 509 quod
323 468 467 498 indevoti
485 466 524 496 ad
546 467 707 496 terrarum
724 462 861 493 ecclesie
880 461 1024 499 regimen
1044 466 1219 489 assumun-

210 524 274 557 tur,
298 521 502 560 presentium
522 518 617 549 vobis
633 516 825 546 auctoritato
842 514 903 543 sub
922 513 1032 543 debito
1054 511 1222 541 fidelitatis

208 584 275 614 qua
291 574 428 604 ecclesie
440 573 590 602 Romane
604 569 774 602 tenemini,
791 569 822 598 et
837 576 922 606 pena
933 566 1023 596 inille
1036 573 1220 595 marcarum

208 627 354 666 argenti,
394 625 541 655 districte
580 621 792 662 precipiendo
823 620 1022 650 mandamus
1059 618 1222 656 quatenus

209 680 336 710 nullam
368 686 543 717 personam
572 675 709 706 ecclesie
741 674 929 704 indevotam
959 671 1011 702 vel
1041 670 1221 706 infidelem,

208 733 402 770 nullamque
421 731 608 769 suspectam
626 728 678 758 vel
694 726 1013 758 excommunicatam
1030 724 1060 754 et
1074 722 1222 761 speciali·

208 787 257 816 ter
283 785 418 815 Petrum
440 784 631 814 Romanum
655 782 710 811 aut
735 779 888 818 quemvis
912 778 1014 808 alium
1034 777 1222 806 Romanum

207 838 333 877 absque
346 836 478 867 licentia
491 836 522 865 et
533 843 674 865 assensu
686 834 811 867 nostro,
827 831 971 861 maxime
989 830 1048 859 hoc
1063 830 1220 867 tempore,

207 891 249 921 ad
276 889 419 920 civitatis
441 889 548 918 vestre
575 887 722 925 regimen
739 885 860 923 eligere
886 892 946 913 nec
968 883 1109 913 electum
1133 890 1221 911 assu-

208 951 298 973 mere
338 941 550 981 presumatis.
591 940 713 969 Datum
752 937 839 976 apud
869 935 1194 966 Montemssasconem
1212 957 1220 970 ,

207 1005 256 1026 vn
273 995 349 1025 idus
366 994 521 1028 octobris,
541 1001 626 1022 anno
643 990 800 1022 secundo.
819 1002 833 1017 »

797 1154 920 1185 Orvieto.
939 1155 971 1180 ⁴235
986 1153 1048 1188 juin
1070 1154 1146 1179 1263.

275 1161 343 1192 151

240 1244 286 1270 Eis
303 1243 424 1269 mandat
442 1244 483 1273 nt,
497 1241 577 1267 mille
595 1240 674 1267 libris
692 1239 905 1266 Bononinorum
923 1246 992 1272 quas
1009 1238 1128 1268 Zoenus,
1148 1238 1217 1262 Are-

203 1288 747 1324 nionensisarchiepiscopus,ecclcsiae
758 1288 901 1314 Romanae
919 1288 1093 1313 testamento
1110 1285 1220 1319 legave-

204 1341 252 1373 rit,
270 1340 397 1367 'l'homae
416 1339 523 1371 Jacobi,
543 1338 619 1364 dicto
641 1337 728 1369 Maso,
749 1336 803 1363 civi
821 1338 849 1363 et
869 1335 1023 1362 mercatori
1045 1334 1217 1367 Florentino,

203 1388 367 1424 persolutis,
383 1388 413 1414 in
427 1386 592 1413 executione
613 1386 701 1420 ipsius
719 1384 887 1411 testamenti
904 1384 987 1419 juxta
1002 1383 1217 1410 ordinationem

203 1438 350 1465 testatoris
374 1436 462 1463 libere
484 1435 649 1470 procedant.
671 1435 751 1469 (lieo.
772 1435 818 1465 27,
840 1433 888 1459 sol.
910 1434 953 1465 37,
975 1436 1007 1458 n⁰
1029 1433 1056 1465 1,
1077 1432 1217 1458 PorTnAsr

205 1485 314 1518 18574.)

245 1575 261 1592 «
282 1562 408 1593 Dilecte's
421 1562 497 1602 filiis
511 1561 661 1601 fratribus
675 1561 725 1595 P„
743 1559 858 1589 ordinis
869 1559 1111 1593 predicatorum,
1124 1564 1151 1587 et
1168 1559 1213 1594 T„

202 1628 227 1647 s.
256 1615 413 1646 Michaelis
437 1614 472 1644 de
496 1615 590 1643 Bosco
627 1613 739 1653 priori,
780 1617 807 1641 ct
835 1611 931 1651 fratri
968 1611 1019 1646 P„
1045 1611 1215 1649 quardiano

203 1669 319 1700 ordinis
335 1669 487 1699 Minorum
502 1667 751 1697 Bononiensium.
767 1666 849 1697 Cum
862 1665 1153 1705 Sicutjamdudum
1164 1683 1212 1696 —.

203 1723 328 1754 Datum
357 1722 443 1761 apud
470 1721 755 1756 Urbemveterem,
775 1729 821 1749 v11
842 1719 1002 1750 kalendas
1021 1718 1110 1757 julii,
1127 1727 1213 1748 auno

202 1775 359 1807 secundo.
379 1786 393 1802 »

272 1939 342 1970 152
791 1934 915 1967 Orvieto,
933 1935 966 1960 25
980 1933 1044 1969 juin
1066 1934 1141 1960 1‘263.

237 2021 401 2054 Octaviano,
427 2020 558 2054 episcopo
580 2019 750 2046 Bononiensi
770 2018 804 2045 de
824 2018 964 2052 superiori
986 2018 1108 2052 epistola
1128 2017 1215 2052 signi-

201 2070 267 2097 ficat
289 2070 371 2104 eique
394 2069 514 2095 mandat
538 2069 613 2100 ut,si
633 2067 701 2094 dicti
725 2069 889 2094 executores
910 2067 1021 2094 dictum
1043 2067 1213 2093 mandatum

200 2122 391 2158 apostolicum
423 2121 582 2156 adimplere
616 2120 806 2155 neglexerint,
838 2128 885 2147 eos
918 2120 954 2146 ad
989 2120 1017 2146 id
1046 2120 1211 2154 compellat.

201 2172 280 2207 (Rue.
295 2173 338 2204 27,
358 2171 406 2198 sol.
422 2173 465 2203 37,
481 2178 512 2197 [ιο
527 2172 555 2203 23
576 2171 714 2197 Porinas-T
734 2169 841 2202 18575.)

244 2270 258 2287 «
285 2283 304 2289 ..
330 2260 467 2299 episcopo
485 2258 679 2289 Bononiensi.
700 2258 784 2289 Cum
809 2257 894 2288 sicut
909 2265 949 2288 ex
973 2275 1020 2286 —.
1039 2257 1162 2287 Datum
1179 2258 1214 2287 ut

202 2321 315 2352 supra.
334 2324 348 2339 »

791 2472 915 2505 Orvieto‚
932 2473 965 2499 25
980 2472 1043 2508 juin
1062 2474 1139 2500 1263.

269 2475 339 2506 153

236 2557 339 2584 Jacobo
351 2557 384 2583 de
397 2557 575 2591 ltecorgetto,
591 2556 733 2583 Amadoro
744 2555 778 2582 de
791 2556 960 2591 Piczagottis
972 2558 1001 2583 et
1016 2556 1132 2583 Nicolao
1144 2556 1212 2583 llon-

199 2605 306 2641 girardi
317 2613 473 2639 eorumque
487 2604 697 2637 sociis,civibus
710 2606 738 2631 et
751 2605 961 2631 mercatoribus
975 2604 1210 2637 Bononiensibus,

200 2656 319 2682 mandat
333 2656 363 2681 ut
378 2654 514 2688 pecunias
530 2653 605 2688 apud
619 2653 695 2687 ipsos
709 2661 726 2680 a
740 2653 830 2680 bonae
844 2653 1002 2680 memoriae
1021 2653 1211 2681 Avenionensi

198 2703 328 2737 episcopo
349 2701 588 2736 depositas‚insra
606 2704 668 2728 octo
685 2701 746 2728 dies
766 2703 830 2735 post
849 2701 1047 2736 praesentium
1070 2702 1211 2736 receptio-

198 2759 264 2778 nem
283 2751 482 2778 executoribus
499 2750 560 2786 cjus
581 2749 748 2777 testamenti
764 2749 922 2785 assignent.
941 2750 1018 2784 (Rae.
1035 2752 1080 2782 ⁵27,
1099 2750 1146 2777 sol.
1166 2752 1210 2784 37,

198 2803 231 2826 n·
245 2799 286 2833 3.)

234 2897 248 2912 «
260 2885 372 2915 Jacobo
380 2885 416 2915 de
424 2886 614 2925 Recomctto,
625 2884 778 2915 Amadoro
794 2884 830 2915 de
844 2885 1031 2925 Pt'czaqottis
1046 2885 1208 2916 etNicolao

1283 299 1474 338 Bonqirrzrdi’
1490 307 1652 338 eorumque
1667 299 1765 333 soc-iis,
1777 298 1891 327 eit-ibus
1914 304 1940 327 el
1958 300 2170 328 mercatui-ibus
2190 300 2289 330 [luno-

1280 352 1442 382 mensibus.
1461 352 1543 382 Cum
1558 352 1642 381 sicut
1656 360 1696 381 ex
1710 351 1828 381 litteris
1839 351 2033 381 dilectorum
2047 352 2203 387 tiliorum,
2215 355 2289 389 ete,

1280 413 1385 442 usque
1401 405 1556 440 innotuit,
1578 405 1754 443 episcopus
1775 404 1846 442 ipse
1864 404 2024 442 quasdam
2040 406 2179 443 pecunie
2201 414 2290 435 sum-

1281 466 1363 493 mas,
1374 457 1405 487 in
1420 457 1541 496 quibus
1554 457 1757 487 tenebamini
1768 457 1973 491 eidemamm
1987 458 2122 493 viveret,
2133 458 2166 488 in
2176 458 2293 488 ultima

1282 510 1450 540 voluntate
1477 519 1537 539 sua
1566 510 1614 539 eis
1643 509 1850 539 mandaverit
1883 509 2058 547 assignari,
2089 519 2147 548 per
2173 519 2292 540 manus

1281 562 1430 600 ipsorum
1452 563 1550 592 certis
1578 562 1731 601 personis
1754 564 1785 592 et
1804 562 1886 591 locis
1915 562 2068 600 pluribus
2097 563 2291 601 erogandas,

1282 615 1358 645 licet
1375 615 1414 645 de
1430 615 1562 645 licentia
1574 616 1713 645 testandi
1725 624 1823 653 quarn
1839 624 1857 644 a
1872 615 2023 645 Romano
2036 616 2189 653 pontifice
2206 616 2292 646 idem

1282 668 1452 698 dicebatur
1468 669 1642 707 episcopus
1658 669 1827 702 babuisse,
1848 668 1942 698 nobis
1959 668 2106 698 nondum
2125 669 2209 698 facta
2224 669 2293 698 fue-

1283 721 1324 750 rit
1339 721 1437 758 plena
1462 720 1556 756 fides,
1573 721 1650 759 quia
1670 722 1779 751 tamen
1803 721 1919 750 merita
1935 721 2108 759 probitatis
2130 721 2236 759 ipsius
2262 722 2293 752 et

1282 773 1468 803 devotionis·
1478 773 1637 812 obsequia
1647 774 1781 812 quibus,
1795 774 1873 803 duni
1887 774 2023 809 viveret„
2037 782 2072 803 se
2082 773 2168 812 apud
2181 773 2292 803 sedem

1282 827 1495 865 apostolicam
1529 827 1666 865 dignum
1707 827 1889 857 reddidisse
1920 827 2052 860 dicitur,
2085 827 2292 865 prerogativa

1281 879 1406 909 favoris
1432 882 1462 910 et
1478 880 1580 918 gratie
1605 880 1760 918 specialis
1782 888 1818 909 ac
1836 880 1924 918 piam
1948 880 2019 918 ejus
2043 880 2075 909 in
2101 879 2291 917 liujus-modi

1280 932 1443 962 bonorum
1467 933 1673 962 ordinati0ne
1696 933 1937 971 providentiam
1962 933 2178 967 attendentes,
2196 934 2291 962 testa-

1280 986 1429 1015 mentum
1450 985 1560 1024 ipsum
1584 985 1823 1015 ratificavimus
1839 987 1867 1015 et
1887 985 2052 1015 firmitatis
2070 985 2170 1015 robur
2186 985 2289 1015 volui-

1280 1046 1354 1067 mus
1371 1038 1531 1073 obtinere,
1549 1038 1754 1077 presentium
1770 1038 1866 1067 vobis
1884 1038 2075 1067 auctoritate
2096 1038 2291 1068 mandantes

1279 1092 1442 1128 qnatenus
1455 1091 1600 1129 prefatas
1618 1091 1756 1129 pecunie
1772 1099 1920 1120 summas
1940 1091 2027 1121 infra
2043 1092 2114 1121 octo
2130 1091 2200 1120 dies·
2219 1091 2293 1129 post

1278 1144 1499 1182 receptionem
1516 1145 1721 1182 presentium
1743 1144 1866 1174 eisdem
1891 1143 2122 1174 executoribus
2139 1144 2210 1173 sine
2229 1143 2291 1172 dif-

1279 1196 1424 1226 ficultate
1448 1197 1594 1235 qualibet
1611 1197 1800 1235 assignetis.
1823 1196 1898 1226 Non
1922 1196 2140 1229 obstantibus,
2162 1198 2237 1229 etc„
2256 1197 2292 1225 ut

1279 1258 1379 1288 supra
1407 1250 1439 1279 in
1464 1250 1584 1288 prima,
1598 1258 1702 1288 usque
1724 1250 1911 1288 compellat.
1943 1250 2096 1279 invocato
2116 1249 2156 1279 ad
2178 1249 2291 1284 hoc‚si

1280 1311 1415 1332 necesse
1436 1302 1547 1337 fuerit,
1559 1302 1684 1333 auxilio
1703 1303 1831 1332 brachii
1848 1302 2019 1332 secularis.
2043 1303 2166 1332 Datum
2184 1304 2219 1332 ut
2237 1311 2290 1332 su—

1279 1364 1348 1394 pra.
1370 1367 1385 1382 n

1345 1532 1417 1562 154
1872 1530 1996 1561 Orvieto,
2013 1531 2046 1556 25
2059 1529 2122 1565 juin
2143 1531 2218 1556 ¹263.

1310 1615 1448 1649 Episcopo
1461 1614 1632 1641 Bononiensi
1645 1615 1765 1641 mandat
1777 1614 1932 1649 compellat
1943 1614 2086 1649 praefatos
2097 1614 2290 1642 Bononienses

1275 1665 1452 1690 mercatores
1465 1664 1500 1690 ad
1512 1663 1674 1697 praefatum
1688 1664 1860 1690 mandatum
1873 1663 2064 1698 apostolicum
2077 1663 2288 1698 exequendum.

1276 1712 1354 1747 (Rae.
1372 1714 1416 1745 ⁶27,
1434 1712 1481 1739 fol.
1500 1713 1543 1745 37,
1560 1717 1592 1738 n⁰
1610 1713 1649 1745 ri.)

1317 1812 1331 1827 «
1352 1824 1370 1831 .,
1389 1801 1529 1841 episeopo
1549 1801 1744 1830 Bononiensi.
1764 1801 1848 1831 Cum
1865 1801 1961 1834 sicut.
1979 1801 2056 1836 ete„
2072 1808 2178 1838 usque
2194 1808 2290 1839 pecu-

1274 1855 1328 1884 nie
1343 1863 1503 1888 summas,
1522 1856 1556 1883 ut
1578 1854 1610 1884 in
1634 1854 1798 1892 proxima,
1817 1854 1849 1883 in
1866 1853 1989 1892 quibus
2004 1853 2150 1884 zIacobus
2172 1853 2211 1884 de
2227 1854 2290 1884 Re-

1275 1908 1416 1945 corgeto,
1436 1907 1624 1936 Amadorus
1644 1907 1683 1936 de
1701 1906 1892 1944 Pizagottis,
1911 1906 2069 1936 Nicotaus
2092 1906 2291 1945 Bongirardi

1275 1968 1456 1998 eorumque
1474 1959 1566 1993 socii,
1580 1959 1668 1989 cives
1684 1961 1715 1989 et
1730 1960 1931 1989 mercatores
1944 1959 2186 1993 Bononienses,
2202 1961 2290 1990 tene-

1274 2013 1397 2043 bantur
1426 2013 1546 2047 eidem,
1562 2013 1641 2042 <lum
1670 2013 1808 2048 viveret,
1834 2012 1867 2042 in
1892 2012 2008 2042 ultima
2035 2012 2204 2042 voluntate
2230 2021 2291 2042 sua

1275 2066 1400 2096 eisdem
1421 2065 1654 2095 executoribus
1671 2065 1892 2098 mandaverit,
1909 2066 1982 2097 etc..
2000 2073 2105 2104 usque
2123 2065 2287 2101 obtinere;

1275 2119 1401 2149 eisdem
1416 2119 1657 2148 mercatoribus
1675 2118 1796 2148 nostris
1808 2118 1961 2148 dedimus
1976 2117 2095 2148 litteris
2108 2119 2140 2148 in
2155 2118 2289 2149 manda-

1273 2172 1316 2202 tis
1333 2173 1369 2202 ut
1387 2172 1542 2210 prefatas,
1559 2174 1635 2205 etc„
1654 2171 1724 2201 sine
1742 2171 1936 2201 difficultate
1959 2171 2103 2209 qualibet
2119 2171 2290 2209 assignare

1273 2226 1461 2263 procurent.
1472 2224 1547 2254 Non
1558 2223 1767 2254 obstantibus
1775 2240 1823 2253 -.
1833 2223 2199 2259 Quocircamandamns
2209 2231 2289 2262 qua-

1273 2279 1381 2313 tenus,
1399 2277 1427 2307 si
1459 2277 1540 2308 dicti
1571 2278 1770 2307 mercatores
1796 2276 1883 2307 infra
1910 2276 2128 2315 prescriptum
2158 2278 2290 2315 tempus

1274 2339 1373 2369 super
1389 2330 1449 2360 hoc
1468 2338 1531 2360 non
1548 2329 1737 2360 curaverint
1756 2329 1951 2368 adimplere,
1972 2330 2006 2359 tu
2023 2337 2080 2359 eos
2096 2338 2136 2358 ex
2154 2330 2231 2359 tunc
2248 2329 2288 2359 ad

1274 2383 1306 2413 id
1329 2392 1388 2422 per
1415 2391 1589 2413 censuram
1615 2383 1885 2416 ecclesiasticam,
1907 2382 2128 2422 appellatione
2151 2383 2287 2417 remota,

1272 2436 1465 2475 compellas
1484 2436 1605 2466 Datum
1622 2437 1658 2466 nt
1673 2444 1784 2474 supra.
1803 2447 1818 2462 »

1341 2621 1412 2653 1²55
1828 2619 1953 2650 invicto,
1973 2620 2005 2645 20
2019 2618 2116 2653 juillet
2137 2619 2213 2645 ¹963.

1310 2705 1444 2739 Episcopo
1466 2704 1638 2731 Massiliensi
1658 2703 1776 2730 mandat
1798 2705 1826 2730 ut
1847 2703 1989 2737 aliquibus
2011 2702 2219 2730 mercatoribus
2239 2702 2287 2728 Se-

1271 2754 1406 2780 nensibus
1430 2753 1573 2788 assignari
1601 2752 1686 2779 saciat
1711 2753 1784 2779 bona
1807 2752 1942 2787 Rayncrii
1966 2752 2001 2778 de
2028 2751 2108 2778 Pisis.
2136 2751 2213 2785 (liae.
2237 2751 2284 2781 27,

1270 2803 1319 2830 sol.
1335 2803 1369 2829 37
1384 2808 1422 2835 v0‚
1440 2807 1470 2828 n⁰
1489 2803 1526 2836 ¹.)

1311 2898 1326 2914 «
1347 2909 1367 2917 ..
1384 2886 1526 2926 episcopo
1543 2885 1735 2916 Massiliensi.
1750 2885 1925 2922 Quondam
1940 2884 2099 2923 magistro
2113 2882 2283 2922 Raynerio
