2547 3289
186 276 222 305 ct
938 264 1189 294 REGISTRES
1214 262 1425 293 b‘URBAlN
1450 262 1508 292 IV.

191 356 288 386 natali
308 353 427 392 quietis
442 350 561 389 gaudio
572 350 644 387 post
663 347 792 377 labores
808 344 997 383 hujusmodi
1015 345 1190 377 recreetur,

189 410 307 447 ipsum,
334 413 431 444 quem
455 412 472 432 a
500 401 633 431 vinculo
660 409 724 439 quo
751 398 815 437 ipsi
840 396 1026 428 Acconensi
1056 395 1193 425 ecclesie

189 460 326 493 tenebat,
346 456 564 489 absolvimus,
587 453 626 483 ad
644 452 824 491 predictam
845 450 1073 480 Arelatensem
1094 447 1194 477 eccle-

187 515 269 543 siam
287 511 325 540 de
343 510 480 540 fratrum
504 508 692 537 nostrorum
713 504 854 534 consilio
873 502 1029 532 duximus
1054 500 1193 530 transfe-

188 565 338 597 rendum,
356 564 386 592 et
408 560 607 600 prefecimus
625 559 731 588 eidem
748 555 884 587 ecclesie
906 553 1143 584 nichilominus
1160 552 1194 582 in

188 616 471 655 archiepiscopum
495 614 525 643 et
543 613 705 651 pastorem
727 611 765 639 de
784 608 962 647 apostolice
987 605 1193 645 plenitudine

187 669 366 709 potestatis
392 684 428 689 —
456 666 598 703 Ideoque
626 663 794 696 volumus,
818 662 848 691 et
870 660 1074 699 presentium
1098 658 1194 688 vobis

187 722 376 753 auctoritate
399 719 536 750 firmiter
563 716 775 756 precipiendo
806 714 1004 744 mandamus
1031 712 1194 750 quatenus

185 777 227 806 ad
249 775 391 806 eundem
418 773 557 803 electum
582 771 729 800 vestrum
753 769 799 802 ut,
823 766 1037 806 quainjcitius
1057 764 1193 795 comode

187 828 315 868 poterit,
343 826 383 856 ud
408 824 582 856 ecclesiam
598 823 779 861 predictam
798 830 832 850 se
849 819 1006 854 conferat,
1034 817 1194 857 speciales

187 884 217 912 ct
232 881 421 918 solempnes
434 878 568 908 nuntios
579 876 795 909 destinantes,
809 874 916 903 eidem
928 873 1097 909 tamquam
1111 870 1194 909 patri

186 937 217 965 et
238 933 362 974 pastori
387 933 574 963 animarum
595 930 780 959 vestrarum
805 926 1028 957 obedientiam
1047 926 1077 954 et
1102 931 1194 953 reve-

188 988 327 1019 rentiam
349 985 492 1015 debitam
518 982 728 1022 impendatis,
752 981 823 1019 eJus
840 978 987 1009 salubria
1011 977 1135 1007 monita
1163 978 1194 1006 et

188 1041 341 1072 mandata
357 1037 568 1076 suscipiendo
589 1036 717 1068 devote,
734 1042 770 1063 ac
787 1032 956 1062 humiliter
972 1029 1191 1061 observando.

188 1093 346 1132 Alioquin
362 1090 559 1122 sententiam
583 1097 682 1127 quam
704 1087 791 1117 idem
810 1086 932 1116 electus
949 1084 1008 1114 rite
1024 1083 1136 1114 tulerit
1161 1083 1194 1112 in

189 1147 339 1180 rebelles,
359 1145 461 1175 ratam
483 1142 692 1175 habebimus,
715 1141 746 1169 et
770 1139 942 1172 faciemus,
972 1137 1103 1167 auctore
1127 1136 1194 1165 Do-

188 1200 289 1234 mino,
303 1206 407 1236 usque
420 1197 458 1226 ad
470 1195 729 1226 satisfactionem
741 1192 939 1230 condignam
958 1189 1196 1219 inviolabiliter

189 1252 369 1283 observari.
389 1251 511 1280 Datum
541 1248 628 1287 apud
654 1246 939 1279 Urbeinvetei‘ffln,
961 1253 1010 1272 1111
1035 1242 1196 1272 kalendas

189 1304 386 1339 decembris,
403 1312 490 1334 anno
508 1302 564 1331 ΠΟ.
586 1315 598 1328 >1

226 1392 256 1417 ln
272 1400 296 1417 e.
315 1398 354 1416 m.
370 1387 558 1420 suffraganeis
576 1385 693 1412 ecclesie
713 1383 900 1410 Arelatensis.

226 1441 255 1466 ln
271 1447 295 1466 e.
314 1447 354 1465 m.
371 1437 472 1472 populo
490 1434 660 1461 arelatensi.

372 1484 513 1512 universis
529 1483 660 1509 vassallis
680 1479 856 1508 Arelatensis
871 1479 1001 1505 ecclesie.

371 1533 510 1568 magistro
526 1530 681 1561 Florentio,
698 1529 787 1556 electo
804 1527 976 1554 Arelatensi.

227 1489 255 1514 ln
272 1496 296 1514 e.
316 1495 356 1513 m.

226 1538 255 1564 lu
272 1545 297 1564 c.
314 1544 352 1562 m.

233 1618 278 1647 In.
310 1627 335 1645 e.
368 1625 406 1644 m.
442 1636 461 1644 ..
491 1611 656 1652 preposito,
718 1633 723 1639 .
764 1607 1030 1647 archipresbistero
1074 1611 1101 1635 e!

192 1673 317 1703 sacre'sce
349 1665 587 1699 Arelatensibus.
629 1664 678 1693 De
711 1661 800 1692 sedis
845 1662 919 1695 etc,
967 1668 1072 1698 usque
1111 1659 1198 1690 Sane

191 1726 327 1756 vacante
363 1719 550 1752 Arelatensi
585 1716 735 1749 ecclesia,
768 1714 879 1743 dilecti
909 1713 982 1747 filii,
1015 1712 1198 1750 capitulum

191 1778 338 1817 ejusdem
366 1777 440 1810 etc.,
458 1791 495 1795 —
511 1779 616 1809 usque
634 1768 765 1804 divisis,
783 1768 919 1805 quidam
942 1774 1057 1796 eorum
1078 1766 1120 1799 te,
1152 1765 1197 1794 fili

191 1828 558 1871 preposite,elegerunt,
580 1826 651 1860 etc,
672 1842 709 1846 —
741 1831 859 1862 usque,
885 1828 1040 1858 (utruque,
1060 1818 1108 1848 tili
1126 1826 1196 1856 pre-

192 1885 297 1924 posite
321 1907 340 1913 ..
364 1881 557 1921 procurator
579 1881 656 1909 tuus
685 1877 811 1907 habens
845 1883 944 1913 super
972 1873 1032 1902 hoc
1062 1871 1198 1910 plenum

191 1949 209 1969 a
237 1940 265 1967 te
299 1936 490 1966 mandatum
506 1934 580 1966 etc,
598 1950 634 1954 ——
654 1939 758 1969 usque
795 1927 1009 1958 incrementa.
1039 1925 1199 1954 Nolentes

192 1989 390 2029 igiturquod
404 1997 443 2018 ex
459 1987 587 2016 defectu
599 1983 770 2023 regiminis
801 1981 915 2011 eadem
943 1978 1081 2009 ecclesia
1098 1977 1199 2016 patia-

194 2044 294 2074 tnrin
324 2042 430 2080 ipsius
443 2039 537 2069 electi
569 2037 719 2067 absentia
742 2034 988 2066 detrimentum,
1017 2032 1056 2060 de
1088 2031 1199 2059 vestra

193 2104 323 2136 quoque
345 2091 639 2130 circumspectione
658 2089 789 2127 plenam
816 2087 849 2116 in
873 2085 1018 2115 Domino
1044 2082 1199 2112 fiduciam

194 2150 391 2182 obtinentes,
409 2154 521 2176 curam
538 2146 568 2174 et
587 2140 908 2173 administrationem
927 2137 1034 2176 ipsius
1051 2135 1199 2170 ecclesie,

194 2204 265 2239 tilii,
289 2202 337 2232 fili
361 2197 627 2237 archipresbiter.
654 2195 686 2224 in
710 2191 962 2231 temporalibus,
990 2189 1086 2219 vobis
1109 2196 1199 2221 vero,

195 2257 239 2286 tili
259 2254 422 2294 preposite
432 2261 467 2281 ae
483 2249 673 2281 sai-ristadn
691 2245 923 2285 spiritualibus
936 2242 1093 2272 duximus
1114 2248 1200 2269 com-

195 2307 383 2339 mittendas,
401 2302 562 2342 gerendas
590 2310 607 2330 a
640 2299 734 2329 vobis
758 2297 861 2326 donec
889 2294 1032 2324 eundem
1061 2293 1201 2322 electum
1231 2295 1232 2303 ¹

197 2361 380 2401 presentem
394 2356 563 2390 inibiDeo
580 2352 732 2392 propitio,
743 2349 915 2387 eontigerit
930 2346 1200 2377 i11te1=esse.eete-

196 2422 267 2445 rum
284 2412 440 2442 dilectum
459 2408 564 2438 tilium
580 2401 985 2440 Nicolaum,capellanum
1001 2397 1202 2429 venerabilis

195 2467 306 2498 fratrts
315 2463 418 2495 nostri
431 2486 448 2492 ..
462 2459 658 2491 Portuensis
671 2455 830 2496 episcopi,
841 2454 975 2483 latorem
986 2451 1202 2490 presentium,

197 2528 295 2559 quem.
317 2518 357 2547 ad
380 2525 439 2545 vos
462 2514 595 2553 propter
612 2512 672 2541 hoc
699 2507 886 2548 specialiter
911 2505 1086 2538 mittimus,
1108 2503 1203 2532 vobis

197 2571 409 2611 adjungimus
427 2568 458 2597 in
476 2560 838 2603 utrisque,discretioni
852 2560 958 2588 vestre
976 2566 1033 2595 per
1048 2555 1203 2595 apostoli-

197 2635 234 2655 ca
247 2624 369 2662 scripta
387 2620 584 2651 mandamus
595 2617 759 2655 quatenus
771 2613 877 2643 eidem
891 2609 1062 2648 capellano
1083 2610 1203 2638 statum
1234 2612 1235 2623 ¹

198 2677 335 2708 ecclesie
361 2673 506 2713 predicte
533 2680 568 2701 ac
593 2671 756 2700 bonorum
780 2662 1112 2702 archiepiscopalium
1139 2662 1205 2691 tam

199 2729 373 2761 mobilium
404 2734 503 2765 quam
536 2721 758 2753 immobilium
789 2717 929 2748 fideliter
958 2715 1142 2753 exponatis.
1164 2714 1206 2743 Ut

200 2783 340 2814 eundem
365 2780 503 2810 electum
530 2776 633 2816 possit
657 2775 696 2804 de
722 2773 787 2802 biis
815 2769 949 2800 reddere
967 2767 1153 2800 certiorem,
1172 2767 1206 2796 ut

202 2838 311 2867 autem
327 2841 439 2863 curam
462 2833 491 2861 et
514 2826 834 2860 administrationem
859 2820 1048 2860 hujusmodi
1067 2819 1206 2849 liberius

202 2896 313 2928 gerere
338 2886 486 2918 valeatis,
510 2881 743 2913 constituimus
760 2886 819 2907 vos
836 2877 867 2906 et
887 2874 1050 2914 prefatum
1066 2871 1207 2910 capella-

204 2951 282 2973 num
299 2941 383 2970 cirea
399 2937 563 2976 premissa
578 2933 670 2964 electi
692 2931 832 2961 vicarios
865 2926 1049 2958 memorati.
1068 2925 1163 2960 Quod
1179 2926 1206 2953 si

1256 342 1424 380 predictus
1435 341 1628 380 capellanus
1638 341 1704 371 hiis
1713 341 1916 379 exequendis
1925 341 2080 371 continue
2096 341 2269 372 vobiscum

1257 395 1444 433 nequiverit
1467 394 1639 428 interesse,
1663 402 1724 424 vos
1749 403 1788 424 ea
1804 394 2043 424 nichilominus
2064 394 2183 432 exequi
2202 395 2269 423 stu-

1255 447 1372 477 deatis.
1390 447 1657 477 Contradictores
1676 447 1737 477 etc.
1754 464 1791 468 —
1808 447 1931 476 Datum
1947 447 2035 485 apud
2052 446 2269 478 Urbemvete-

1257 508 1337 535 rem,
1356 509 1405 529 1111
1425 500 1585 530 kalendas
1601 500 1798 535 decembris,
1818 508 1904 530 anno
1920 500 1964 530 11.
1981 515 1995 526 »

1296 553 1331 582 ln
1356 552 1477 582 eundem
1496 552 1625 589 modum,
1646 552 1737 581 nobili
1765 554 1842 588 viro,
1863 552 1984 589 Carolu,
2002 554 2108 582 comiti
2123 552 2268 591 Andeyn·

1257 606 1303 635 vie
1320 616 1354 635 ac
1372 606 1545 635 Provincie.
1572 606 1621 636 De
1643 606 1733 636 sedis
1764 606 1837 641 etc.,
1865 624 1903 628 -
1925 614 2031 644 usque
2052 606 2268 636 incrementa.

1257 659 1340 689 Cum
1357 660 1467 698 itaque
1485 661 1652 698 tamquam
1668 659 1910 689 benedictionis
1926 659 2017 688 filius
2034 660 2065 689 et
2081 659 2203 689 zelator
2220 667 2270 688 ec-

1256 712 1441 742 clesiastice
1465 712 1638 746 libertatis,
1662 712 1878 742 ecclesiarum
1903 711 2106 751 profectibus
2129 712 2272 741 libenter

1258 766 1421 800 intendas,
1441 766 1705 804 magnitudinem
1723 766 1813 795 tuam
1836 773 1911 795 cum
1928 765 2050 795 fiducia
2066 773 2223 803 rogamus
2239 765 2271 795 et

1257 818 1429 849 hortamur
1442 820 1561 849 attente
1579 820 1743 857 quatenus
1768 818 1889 849 dictam
1914 818 2143 848 Arelatensem
2168 817 2269 847 eccle-

1257 871 1341 900 siam
1358 872 1389 901 et
1404 880 1564 910 personas
1581 872 1730 910 ejusdem
1747 871 1873 901 habens
1892 879 1950 909 pro
1967 872 2080 900 nostra
2095 871 2126 900 et
2141 871 2271 908 aposto-

1256 923 1318 953 lice
1330 924 1419 954 sedis
1436 924 1622 954 reverentia
1632 924 1860 954 favorabiliter
1870 923 2126 957 commendatas,
2142 922 2270 960 prefato

1256 977 1359 1006 electo
1381 986 1417 1007 ac
1442 978 1630 1016 specialiter
1652 977 1844 1007 memoratis
1866 977 2042 1007 Hamundo
2069 977 2108 1006 de
2129 976 2270 1011 Balmis‚

1256 1031 1285 1059 et
1300 1030 1491 1061 Bremundo
1512 1032 1551 1061 de
1569 1030 1867 1068 Medenismuntiis
1885 1030 1968 1065 suis,
1987 1038 2114 1059 necnon
2129 1029 2269 1059 Nicolao

1256 1083 1645 1121 capellano,ve11erabilis
1654 1084 1766 1115 fratris
1774 1083 1878 1114 nostri
1888 1083 2034 1121 episcopi
2047 1083 2268 1112 Portuensis..

1256 1137 1424 1175 prepostto
1439 1160 1457 1166 ..
1476 1137 1752 1176 archipresbitero
1768 1138 1797 1166 et
1814 1159 1834 1166 ..
1848 1136 1983 1166 sacriste
1999 1135 2265 1168 Arelatensibus.

1257 1189 1392 1223 vicariis
1418 1192 1500 1229 ejus,
1517 1192 1583 1220 tam
1600 1191 1633 1221 in
1651 1191 1756 1229 ipsius
1772 1199 1871 1229 quam
1896 1190 2034 1219 ecclesie
2050 1189 2194 1228 predicte
2213 1197 2268 1219 ne-

1258 1246 1356 1284 gotiis
1374 1245 1546 1284 impendas
1563 1244 1753 1278 consilium,
1771 1243 1934 1273 auxilium
1950 1244 1981 1272 et
1999 1242 2159 1276 favorem,
2179 1242 2270 1280 ipsos

1259 1299 1498 1329 nichilominus
1519 1299 1610 1336 grata
1625 1296 1851 1326 benimlentia
1869 1295 2112 1334 prosequende,
2123 1295 2167 1324 ita
2182 1294 2269 1332 quod

1259 1352 1378 1382 exinde
1395 1351 1623 1381 retributionis
1649 1351 1760 1380 eterne
1786 1349 1951 1387 premium
1981 1348 2150 1386 consequi,
2168 1349 2198 1377 et
2216 1356 2271 1377 ex-

1259 1405 1330 1435 tolli
1344 1404 1605 1434 laudishumane
1620 1403 1775 1441 preconio
1791 1401 2093 1432 me1·ea1·is.Datum
2104 1402 2138 1430 ut
2155 1408 2268 1438 supra.

1757 1563 1882 1596 Orvieto7
1900 1564 1933 1590 30
1949 1563 2103 1590 novembre
2123 1564 2198 1591 1262.

1330 1568 1400 1599 166

1296 1651 1455 1678 Wilhelmo
1468 1650 1500 1676 de
1513 1649 1760 1680 Waltmanslmse,
1776 1649 1933 1683 guardiano
1944 1648 2068 1674 fratrum
2081 1648 2223 1674 §tinorum
2235 1647 2273 1674 de

1262 1700 1385 1732 Wezele,
1402 1699 1584 1726 'treverensis
1600 1698 1732 1730 diocesis,
1748 1700 1774 1724 et
1791 1697 1873 1724 fratri
1890 1697 1990 1724 ltorico
2002 1697 2035 1723 de
2049 1698 2273 1732 Warncsperge,

1260 1750 1293 1776 de
1316 1749 1415 1775 ordine
1433 1748 1558 1774 fratrum
1582 1748 1726 1774 Minorum
1745 1746 1773 1773 in
1796 1748 1937 1773 conventu
1960 1746 2140 1778 Treverensi,
2161 1745 2268 1772 iterum

1261 1798 1380 1824 mundat
1396 1800 1424 1823 ut
1443 1797 1470 1823 iu
1488 1796 1601 1831 negotio
1616 1798 1716 1822 eontra
1731 1795 2110 1828 lIenricum,Treverensem
2128 1795 2251 1821 electum
2264 1815 2270 1822 .

1261 1847 1364 1873 saltem
1383 1854 1457 1872 nune
1474 1848 1555 1872 tanta
1572 1845 1764 1871 sollicitudine
1786 1844 1940 1878 procedant
1959 1844 2032 1877 quod
2050 1843 2271 1878 praecedentem

1260 1894 1484 1921 inobedientiam
1507 1893 1685 1927 improbasse
1707 1893 1863 1927 probentur
1886 1900 1936 1926 per
1957 1891 2152 1919 obedientiam
2175 1892 2273 1918 subse-

1259 1945 1407 1978 quentem.
1424 1943 1503 1975 (ttae.
1519 1944 1564 1974 ⁶26,
1580 1942 1626 1969 sol.
1645 1944 1688 1974 56,
1705 1942 1772 1968 anni
1788 1942 1824 1974 ΙΙ,
1841 1950 1874 1968 no
1888 1943 1943 1973 ⁵28.)

1303 2048 1317 2063 «
1343 2035 1488 2065 uillelmo
1507 2035 1542 2064 {lc
1568 2035 1816 2071 tt'alrmanslzuse,
1839 2035 2008 2074 quardz'ano
2025 2035 2159 2073 sralrwn
2175 2034 2272 2064 Jlino-

1261 2099 1326 2117 rum
1341 2088 1376 2117 de
1402 2087 1524 2124 ll'czele,
1561 2088 1750 2117 Troum-mis
1774 2088 1909 2122 diocesis,
1928 2093 1955 2117 et
1981 2089 2076 2126 fratri
2099 2088 2209 2117 Bor-ico
2235 2088 2271 2118 de

1268 2141 1496 2180 IVarnestrqe,
1527 2141 1561 2169 de
1597 2141 1702 2169 ordine
1723 2142 1855 2179 fratrum
1886 2141 2037 2170 Mineruia
2064 2142 2093 2169 in
2124 2147 2272 2171 com-enm

1266 2194 1449 2223 Treverensil
1478 2194 1542 2224 Per
1570 2194 1771 2232 exigentiam
1797 2194 2032 2224 sollicitudinis
2057 2211 2104 2223 -—.
2148 2194 2271 2225 Datum

1262 2247 1350 2286 apud
1366 2247 1649 2282 Urbemveterem,
1670 2257 1691 2276 11
1710 2247 1868 2276 kalendas
1885 2246 2080 2282 decembris,
2093 2256 2179 2277 anno
2195 2250 2242 2277 11⁰.
2259 2259 2274 2274 »

1333 2408 1402 2437 167

1761 2405 1884 2435 Orrieto,
1907 2407 1936 2432 13
1952 2405 2105 2432 decembre
2126 2408 2201 2432 ¹262.

1300 2489 1508 2516 Archidiacono
1525 2491 1552 2515 et
1590 2489 1715 2523 capitulo
1742 2490 1958 2524 ,agennensibus
1990 2490 2107 2517 mandat
2133 2493 2274 2525 quatenus

1265 2538 1341 2564 iufra
1352 2540 1409 2564 tres
1425 2546 1539 2564 meuses
1551 2537 1660 2572 aliquos
1672 2546 1705 2564 ex
1716 2546 1816 2564 corum
1831 2539 1865 2564 ad
1878 2538 2065 2572 apostolicam
2077 2539 2272 2573 praesentiam

1266 2594 1315 2620 pro
1336 2586 1425 2613 futuri
1444 2586 1647 2612 substitutione
1666 2586 1790 2620 pastoris
1812 2586 1927 2613 mittere
1948 2589 2110 2621 procurent.
2132 2588 2211 2620 (REG.
2230 2589 2275 2619 26,

1266 2635 1333 2661 anni
1353 2635 1387 2666 11,
1405 2639 1437 2661 n⁰
1456 2636 1499 2667 29,
1518 2635 1566 2662 sol.
1586 2636 1618 2661 56
1636 2637 1688 2663 νο.)

1308 2738 1347 2754 «..
1365 2725 1578 2755 archidiacono
1594 2731 1620 2755 cl
1637 2725 1770 2765 capitulo
1789 2726 2027 2764 :menni-usibus.
2046 2728 2131 2757 Cum
2145 2735 2206 2757 nos
2229 2726 2276 2756 di-

1267 2779 1387 2808 lectum
1403 2796 1451 2807 -—.
1465 2779 1585 2809 Datum
1602 2779 1689 2817 apud
1701 2779 1983 2815 Urbemveterem,
1995 2780 2068 2810 idus
2077 2779 2275 2813 decembris.

1267 2840 1354 2861 anno
1374 2835 1421 2861 11⁰.
1443 2844 1457 2857 υ

1306 2929 1334 2954 lu
1351 2937 1376 2955 e.
1393 2936 1432 2955 m.
1449 2930 1490 2961 (L,
1507 2929 1596 2955 eleeto
1613 2929 1864 2964 Jerosulsmitauo.
