2547 3289
1108 265 1341 303 PREMIERE
1363 267 1529 305 ΑΝΝΕΕ.

290 354 446 385 abbatem
466 355 497 384 et
512 355 712 384 conventum
729 354 896 393 predictos
912 354 1084 393 superbiis
1095 355 1209 384 contra
1227 362 1301 384 nos—

289 408 338 437 tre
355 407 588 443 absolutionis,
602 407 1001 443 cassationis,irrationis,
1016 407 1263 438 constitutionis
1272 407 1303 437 et

289 460 518 490 concessionis
546 461 693 490 tenorem
709 460 750 490 ab
765 460 935 499 aliquibus
959 460 1104 490 indebite
1121 460 1300 490 molestari.
1332 471 1333 476 ¹

292 513 389 548 Quod
406 513 435 543 si
451 522 517 543 non
534 513 631 544 ambo
648 515 708 544 etc.
727 514 850 544 Datum
867 515 902 544 ut
917 514 952 544 in
967 514 1120 553 proxima
1141 526 1167 543 ».

357 808 405 838 44
833 805 958 838 Viterbe,
979 807 1008 833 13
1020 806 1134 841 janvier
1155 808 1229 833 1262.

326 917 493 943 Prioratum
513 926 536 943 s.
548 917 648 943 Lazari
661 916 884 950 Tripolitanum,
895 916 930 942 ad
943 916 1154 943 monasterium
1167 926 1189 944 s.
1203 917 1301 944 Lazari

285 966 320 992 de
342 966 481 992 Bethania
501 967 694 999 spectantem,
710 972 727 991 a
742 965 918 1000 subjectione
937 965 1064 999 episcopi
1085 966 1253 1000 Tripolitani
1274 969 1303 993 et

286 1014 459 1040 Antiocheni
481 1013 663 1047 patriarchae
686 1013 788 1039 eximit
810 1015 838 1039 et
858 1013 1101 1048 Jerosolymitano
1118 1014 1301 1054 patriarchae

284 1062 445 1089 submittit.
466 1062 546 1096 (Rae.
563 1063 608 1094 26,
624 1061 672 1097 sol.
693 1063 734 1095 10,
749 1066 781 1088 n⁰
794 1062 851 1096 42.)

327 1210 368 1229 «..
383 1197 530 1227 abbatisse
560 1202 588 1227 et
615 1198 773 1227 conventui
790 1199 997 1228 monasteriis.
1011 1199 1120 1228 Lazari
1135 1199 1171 1230 de
1188 1200 1299 1230 Betha-

284 1251 347 1286 nia,
368 1251 486 1280 ordinis
506 1261 530 1280 s.
548 1250 716 1286 Benedicti,
736 1250 982 1281 derosolimz'tane
1000 1251 1138 1282 diocesis.
1163 1254 1297 1284 Sincere

282 1304 472 1335 dilectionis
512 1303 665 1334 affectum
701 1312 799 1342 quem
831 1304 872 1334 ab
899 1304 991 1339 olim,
1034 1305 1114 1335 dum
1151 1306 1296 1344 preside-

283 1365 399 1387 remus
419 1356 557 1387 ecclesie
585 1356 854 1387 Jerosolimitane
879 1358 1047 1396 regimini,
1064 1358 1104 1388 ad
1133 1360 1297 1390 monaste-

283 1410 370 1440 rium
382 1411 528 1440 vestrum
537 1411 727 1440 constanter
735 1409 914 1439 habuimus
924 1410 1136 1447 et-habemus,
1147 1412 1297 1443 volentes

282 1463 457 1492 ostendere
479 1471 538 1501 per
558 1462 720 1497 effectum,
741 1463 861 1492 vestris
887 1463 1187 1501 supplicationibus
1202 1465 1295 1495 incli-

283 1516 365 1550 nati,
376 1515 560 1554 prioratum
571 1524 597 1545 s.
610 1515 726 1545 Lazari
740 1515 996 1554 Tripolitanum,
1013 1517 1141 1547 ordinis
1150 1526 1176 1548 s.
1190 1518 1295 1549 Bene-

281 1568 418 1604 dictisad
427 1568 551 1598 dictum
560 1568 799 1598 monasterium
808 1568 1040 1606 pertinentem,
1054 1569 1093 1599 ab
1106 1570 1295 1609 omnipror-

279 1629 338 1652 sus
346 1621 726 1660 subJectione,potestate
738 1629 773 1650 ac
783 1621 931 1651 dominio
938 1621 1084 1660 episcopi
1094 1623 1294 1662 Tripolitani

280 1676 312 1705 et
331 1674 517 1714 patriarche
540 1674 751 1708 Antiocheni,
778 1673 841 1703 loci
864 1675 1122 1713 metropolitani,
1148 1676 1205 1715 qui
1232 1685 1292 1715 pro

278 1729 425 1767 tempore
442 1727 576 1762 fuerint,
595 1728 625 1757 et
644 1726 848 1757 Antiocheae
867 1736 903 1757 ac
919 1728 1122 1766 Tripolitane
1138 1729 1291 1761 ecclesia-

279 1789 354 1811 rum
368 1781 512 1811 totaliter
530 1782 561 1811 et
579 1781 736 1819 perpetuo
755 1780 935 1819 apostolica
960 1782 1152 1812 auctoritate
1177 1783 1291 1812 eximi·

277 1843 364 1869 mus,
378 1834 422 1865 ita
437 1834 526 1873 quod
546 1834 648 1864 iidem
664 1833 840 1872 episcopus
855 1835 885 1863 et
900 1833 1088 1872 patriarcha
1105 1835 1289 1873 prioratum

276 1888 387 1927 ipsum
398 1888 508 1926 utpote
520 1887 560 1917 ab
573 1887 720 1925 ipsorum
737 1888 768 1917 et
781 1886 997 1916 ecclesiarum
1010 1896 1145 1917 suarum
1160 1888 1289 1927 subJec-

275 1941 394 1975 ctione,
413 1940 645 1979 jurisdictione
661 1948 698 1970 ac
716 1939 865 1969 dominio
879 1948 1017 1978 prorsus
1033 1942 1222 1979 exemptum
1235 1942 1289 1972 vel

274 1994 470 2033 priorissam
496 1994 526 2023 et
547 1992 710 2023 moniales
736 1992 896 2032 ejusdem,
914 1993 969 2022 aut
982 2001 1143 2032 personas
1166 1994 1288 2024 futuris

274 2047 482 2086 temporibus
501 2046 585 2076 inibi
611 2046 755 2076 Domino
778 2046 974 2080 servituras,
991 2046 1197 2081 interdicere,
1214 2056 1288 2077 sus-

273 2100 417 2139 pendere
427 2099 479 2130 vel
493 2099 780 2130 excommunicare
794 2107 858 2129 non
871 2099 1014 2133 valeant,
1023 2100 1078 2129 aut
1089 2108 1286 2139 quocunque

274 2153 373 2182 modo
396 2153 479 2183 alias
501 2153 535 2182 in
558 2152 721 2191 prefatum
746 2152 928 2191 prioratum
951 2154 983 2182 et
1001 2161 1163 2191 personas
1179 2153 1287 2192 ipsius

272 2207 467 2245 potestatem
483 2206 535 2235 vel
549 2205 818 2244 jurisdictionem
835 2205 983 2244 aliquam
997 2206 1049 2235 vel
1063 2206 1127 2235 alia
1143 2215 1288 2244 quecun-

273 2267 336 2297 que
351 2259 426 2297 jura
435 2259 637 2297 episcopalia
653 2267 780 2294 excere,
807 2260 836 2288 et
855 2259 882 2288 si
902 2267 997 2289 secus
1015 2258 1097 2289 forte
1113 2268 1284 2298 presump-

272 2313 345 2342 tum
361 2312 472 2346 fuerit,
499 2312 710 2342 decernimus
732 2311 863 2341 irritum
891 2313 921 2342 et
941 2311 1053 2342 inane.
1074 2312 1116 2342 Et
1134 2313 1211 2351 quia
1232 2313 1287 2343 50-

272 2365 537 2395 rosolimitanam
568 2365 743 2395 ecclesiam
777 2365 829 2395 cui
859 2365 998 2399 dudum,
1035 2365 1105 2395 Deo
1140 2366 1284 2402 auctore,

271 2417 472 2457 prefuimus,
481 2418 686 2449 intendimus
698 2418 872 2453 honorare,
884 2418 1066 2456 prioratum
1079 2418 1188 2457 ipsum
1200 2419 1286 2450 dicte

269 2471 539 2500 Jerosolimitane
552 2471 690 2501 ecclesie
703 2479 739 2500 ac
749 2471 945 2509 patriarche,
956 2471 1013 2510 qui
1027 2470 1132 2501 eidem
1149 2471 1287 2502 ecclesie

271 2523 335 2553 sub
351 2526 537 2562 temporum
560 2524 751 2554 diversitate
766 2523 936 2562 prefuerit,
959 2523 1072 2554 eadem
1093 2525 1286 2555 auctoritate

270 2576 512 2612 submittimus,
526 2577 707 2606 statuente„-
719 2578 753 2606 ut
768 2577 914 2616 predicta
930 2576 1069 2607 ecclesia
1087 2578 1118 2606 et
1132 2577 1219 2606 idem
1232 2586 1287 2616 pa-

268 2629 416 2660 triarcha
430 2629 724 2660 Jerosolimitanus
736 2630 817 2659 illud
831 2630 966 2660 omnino
977 2630 1033 2668 jus
1049 2631 1079 2659 et
1097 2629 1284 2660 dominium

269 2683 430 2722 illamque
437 2682 706 2721 jurisdictionem
716 2684 746 2712 et
754 2683 949 2721 potestatem
958 2683 992 2712 in
1008 2682 1123 2712 eodem
1136 2682 1284 2721 prioratu

267 2736 299 2766 et
314 2735 469 2775 personis
484 2735 593 2774 ipsius
604 2735 760 2774 deinceps
774 2735 916 2765 habeant
933 2736 964 2765 et
978 2734 1160 2771 obtineant,
1171 2743 1234 2774 que
1250 2735 1284 2766 in

268 2790 453 2819 memorato
462 2788 665 2818 monasterio
675 2788 812 2826 ejusque
828 2787 983 2827 personis
1001 2788 1031 2817 ei
1046 2788 1205 2826 tanquam
1224 2796 1283 2818 suo

267 2841 447 2871 diocesano
464 2841 562 2879 pleno
574 2841 648 2880 jure
665 2840 836 2879 subJ'ectis,
853 2840 975 2870 habere
992 2841 1023 2870 et
1039 2840 1187 2870 obtinere
1205 2849 1282 2870 nos-

267 2895 400 2925 cuntur.
428 2894 522 2924 Nulli
545 2902 622 2932 ergo
640 2910 690 2923 —.
707 2893 831 2923 Datum
855 2893 1010 2928 Viterbii,
1029 2893 1105 2922 idus
1121 2893 1281 2932 januarii,

268 2954 356 2978 anno
373 2950 403 2978 1ο
418 2960 446 2978 ».

2336 283 2373 311 15

1427 356 1475 387 45
1899 359 2023 392 Viterbe,
2040 361 2075 386 ‘22
2090 361 2204 387 octobre
2228 362 2302 388 ¹261.

1398 438 1534 474 Episcopo
1554 441 1714 468 Tusculano
1732 442 1850 469 mandat
1870 445 1899 469 ut
1918 443 2057 470 ecclcsiae
2073 444 2236 471 Nazarenae
2255 448 2375 479 quatuor

1362 488 1512 514 canonicos
1539 488 1638 523 eligat,
1656 490 1702 524 qui
1727 499 1793 517 cuni
1814 491 1961 525 canonico,
1981 492 2028 526 qui
2053 493 2155 519 residet
2177 494 2252 527 apud
2276 494 2373 520 sedem

1361 536 1756 572 apostolicam‚prioreinsibi
1773 539 1877 574 eligere
1895 540 2374 576 valcant.(Rsc.‘26‚s01.¹0‚u043.)

1402 642 1442 660 a..
1461 632 1600 671 episcopo
1618 632 1798 662 Tusculano.
1810 633 1894 663 Cum
1909 633 2050 664 ecclesia
2065 633 2248 668 Nazarena,
2262 635 2295 664 in
2310 643 2374 672 qua

1361 686 1608 714 consueverunt
1623 693 1695 715 esse
1708 686 1798 724 prior
1812 688 1842 715 et
1857 686 2040 724 capitulum
2061 687 2189 716 ordinis
2201 696 2226 716 s.
2245 688 2375 726 Augus-

1362 735 1432 767 tini,
1454 736 1529 766 licet
1548 737 1583 766 in
1600 738 1842 775 temporalibus
1859 738 2039 773 habundet,
2052 739 2132 769 adeo
2149 740 2182 769 in
2193 740 2372 778 spirituali-

1362 787 1424 817 bus
1443 789 1485 818 sit
1500 789 1657 827 collapsa,
1676 790 1763 828 quod
1779 791 1844 820 duo
1859 793 1935 820 sunt
1952 793 2078 821 tantum
2097 793 2248 822 canonici
2263 793 2296 822 in
2321 801 2372 823 ea-

1332 835 1333 869 l
1361 840 1447 875 dem,
1466 850 1605 879 quorum
1620 851 1708 872 unus
1723 842 1847 872 ibidem
1867 844 1999 879 residet,
2012 845 2042 873 et
2053 845 2139 874 alius
2158 846 2246 883 apud
2259 846 2370 876 sedem

1332 898 1333 901 ’
1361 894 1574 930 apostolicam
1585 895 1828 931 ‘commoratum
1847 895 2108 926 fraternitatitue
2125 906 2182 936 per
2195 899 2373 936 apostolica

1361 945 1465 983 cripta
1476 947 1685 981 mandamus,
1704 949 1868 985 quatenus
1880 953 2021 986 quatuor
2043 951 2220 980 canonicos
2236 951 2372 981 idoneos

1361 999 1552 1029 auctoritate
1564 1001 1675 1029 nostra
1683 1000 1721 1030 de
1735 1009 1821 1030 novo
1834 1003 1997 1034 creans‚et
2007 1002 2214 1032 constituens
2225 1003 2258 1032 in
2273 1004 2372 1033 eccle-

1360 1051 1409 1081 sia
1424 1052 1625 1089 supradicta,
1644 1062 1710 1082 non
1726 1053 1876 1084 obstante
1892 1055 2128 1084 constitutione
2140 1055 2253 1094 aliqua
2271 1065 2372 1095 super

1358 1106 1503 1143 tempore
1529 1105 1740 1143 probacionis
1759 1106 1858 1142 edita,
1871 1107 2026 1137 videlicet
2037 1108 2073 1137 ut
2084 1116 2142 1145 per
2153 1116 2277 1138 annum
2296 1109 2371 1147 quis

1359 1159 1535 1196 antequam
1546 1159 1749 1196 profiteatur,
1766 1159 1800 1189 in
1820 1159 2012 1197 probatione
2027 1162 2185 1194 moretur,
2205 1170 2264 1191 nec
2278 1162 2373 1200 prius

1358 1211 1399 1240 ad
1425 1211 1693 1241 observationem
1711 1212 1823 1250 regule
1847 1213 2060 1251 astringatur,
2082 1214 2130 1243 eis
2145 1214 2290 1252 eligendi
2304 1223 2372 1245 una

1357 1272 1432 1293 cum
1443 1264 1601 1294 canonico
1618 1264 1676 1294 illo
1691 1265 1749 1303 qui
1763 1265 1981 1304 residetapud
1995 1266 2135 1296 eandem
2150 1267 2263 1297 sedem
2280 1268 2370 1306 prio—

1356 1325 1426 1347 rem
1440 1317 1474 1347 in
1490 1317 1630 1347 ecclesia
1646 1318 1729 1356 ipsa,
1747 1327 1810 1356 que
1826 1319 1916 1348 tanto
1930 1320 2076 1358 tempore
2097 1320 2206 1358 priore
2227 1321 2368 1359 vacavit,

1357 1370 1446 1408 quod
1463 1370 1503 1400 ad
1512 1378 1573 1400 nos
1592 1372 1641 1400 est
1658 1370 1780 1409 prioris
1798 1371 1947 1410 ejusdem
1965 1372 2101 1402 ecclesie
2114 1373 2261 1412 provisio
2275 1373 2370 1412 juxta

1354 1423 1589 1454 Lateranensis
1606 1426 1728 1454 statuta
1737 1424 1870 1455 concilii
1878 1425 2022 1463 legitime
2032 1425 2370 1460 devolutaJconcedas

1355 1476 1539 1514 plenariam
1554 1478 1760 1514 potestatem.
1774 1478 1898 1508 Datum
1910 1478 2074 1515 ,Yiterbih
2093 1489 2126 1507 111
2138 1479 2299 1509 kalendas
2315 1488 2367 1510 no-

1355 1529 1514 1565 vembris,
1525 1538 1611 1559 anno
1624 1531 1654 1559 1⁰
1672 1542 1699 1565 »,

1419 1697 1467 1728 46
1918 1696 2044 1730 Viterbe,
2060 1697 2075 1723 3
2090 1696 2196 1724 sevrier
2214 1699 2291 1725 ¹262.

1389 1779 1512 1806 ,iohanni
1533 1779 1566 1805 de
1588 1779 1696 1805 'l‘udino
1716 1782 1743 1806 et
1763 1780 1963 1815 Agneti‚uxori
1984 1781 2223 1816 ipsius,indulget
2242 1784 2284 1814 ut,
2304 1791 2359 1809 non

1349 1827 1480 1854 obstante
1489 1829 1588 1862 quarto
1600 1828 1860 1862 consanguinitatis
1870 1829 2003 1863 gradu,in
2016 1830 2202 1856 matrimonio
2214 1833 2360 1857 contracto

1348 1875 1426 1903 licite
1445 1883 1597 1902 remanere
1613 1876 1733 1910 possint.
1759 1877 1836 1911 (Rae.
1856 1878 1901 1908 26,
1918 1876 1966 1903 fol.
1988 1878 2027 1911 10,
2043 1883 2076 1904 n⁰
2090 1878 2147 1912 44.)

1389 1980 1403 1993 «
1433 1967 1566 1996 johanni
1587 1967 1623 1997 de
1639 1967 1768 2003 Tudino,
1786 1968 1932 1998 advocato
1946 1969 2086 1999 Lobiensz·
2102 1975 2129 2000 el
2143 1971 2252 2011 Ayneli
2266 1973 2356 2001 uxori

1346 2030 1408 2050 sue.
1425 2020 1559 2051 Attenta
1576 2021 1665 2051 sedis
1681 2022 1861 2059 apostolice
1878 2022 2020 2053 —.Cu1n
2034 2023 2158 2062 itaque,
2176 2025 2259 2055 sicut
2280 2034 2354 2064 por-

1347 2075 1435 2104 recta
1459 2073 1556 2104 nobis
1581 2076 1691 2104 vestra
1713 2074 1828 2113 petitio
1850 2075 2052 2111 continebat,
2068 2085 2128 2106 vos
2146 2079 2262 2115 quarto
2280 2087 2355 2109 con-

1347 2127 1581 2165 sanguinitatis
1612 2128 1715 2166 gradu
1744 2129 1923 2167 conjuncti,
1951 2129 2077 2160 dudum
2107 2131 2356 2161 matrimonium

1346 2180 1508 2210 duxeritis
1537 2181 1810 2215 contrahendum,
1839 2182 1964 2211 carnali
1981 2183 2287 2220 postmoduminter
2298 2193 2357 2214 vos

1347 2233 1465 2272 copula
1483 2233 1671 2270 subsecuta,
1687 2242 1748 2264 nos
1767 2235 1972 2264 attendentes
1986 2236 2074 2273 quod
2101 2236 2129 2266 si
2156 2237 2356 2276 separemini

1345 2287 1386 2317 ab
1419 2287 1577 2323 invicem,
1607 2287 1722 2326 gravia
1747 2288 1878 2323 exinde⁷
1905 2288 1990 2318 sicut
2018 2289 2189 2324 asseritur,
2220 2293 2356 2328 possent

1345 2340 1504 2371 scandala
1519 2340 1657 2374 exoriri,
1683 2341 1805 2371 vestris
1821 2341 2124 2379 supplicationibus
2141 2342 2302 2376 inclinati,
2323 2345 2355 2373 ut

1345 2392 1380 2422 in
1411 2393 1459 2422 sic
1489 2394 1655 2423 contracto
1687 2393 1898 2423 ¹natrimonio
1931 2394 2018 2424 licite
2047 2403 2083 2424 ac
2115 2394 2217 2424 libere
2253 2404 2356 2425 reina-

1346 2454 1423 2476 nere
1435 2446 1583 2484 possitis,
1592 2446 1829 2484 impedimento
1838 2446 2030 2485 hujusmodi
2040 2455 2105 2476 non
2115 2447 2275 2482 obstante,
2285 2457 2357 2478 auc-

1345 2498 1475 2528 toritate
1491 2498 1587 2528 vobis
1600 2498 1806 2536 presentium
1825 2498 2047 2537 indulgemus,
2064 2499 2191 2537 prolem
2210 2502 2355 2530 vestram

1344 2550 1413 2581 fore
1434 2551 1616 2589 legitimam
1640 2551 1865 2581 decernentes.
1882 2551 1976 2580 Nulli
2000 2559 2077 2590 ergo
2097 2570 2141 2581 —.
2160 2552 2282 2582 Datum
2298 2553 2357 2583 vi-

1343 2604 1499 2639 terbii‚111
1515 2612 1621 2634 nonas
1639 2604 1811 2638 februarii,
1828 2612 1914 2634 anno
1932 2607 1962 2633 1ο
1974 2616 2001 2633 ν).

1409 2771 1456 2800 47
1909 2768 2034 2801 viterbe,
2051 2770 2066 2795 9
2083 2768 2188 2796 sevrier
2205 2772 2281 2798 1262.

1376 2853 1476 2880 Abbati
1493 2852 1663 2879 monasterii
1682 2852 2064 2884 Lobiensis,Cameracensis
2081 2854 2212 2886 diocesis,
2224 2856 2352 2882 concedit

1342 2905 1374 2928 ut
1397 2902 1549 2928 canonicos
1573 2901 1710 2928 ecclesiae
1736 2909 1758 2927 s.
1786 2901 1918 2928 Ursmari
1942 2902 2088 2929 Lobieusis
2109 2904 2144 2929 ad
2165 2903 2351 2931 residentiam

1343 2950 1524 2984 personalem
1540 2958 1641 2983 cogere
1657 2949 1848 2981 valeat.(R1-:‹;.
1866 2951 1910 2977 26.
1923 2949 1972 2976 fol.
1994 2952 2035 2981 10,
2051 2955 2083 2976 n0
2098 2952 2156 2984 45.)
