2547 3289
303 282 363 312 480

302 363 425 393 salutem
445 363 474 391 in
493 361 617 390 Domino
629 352 855 399 sempiternam.
875 359 958 387 Cum
978 356 1147 396 prebenda
1166 364 1224 386 seu
1238 365 1310 386 ves·

300 417 437 446 tiarium
464 433 509 444 —.
535 415 655 444 Actum
677 412 764 451 apud
791 410 1079 446 Urbemveterem,
1108 410 1141 440 in
1162 410 1309 448 hospitio

302 469 381 498 dicti
406 468 532 498 domini
560 465 753 500 cardinalis,
783 473 869 494 anno
884 463 1020 494 Domini
1043 463 1310 494 M⁰CC⁰LX⁰IIII⁶

302 522 483 551 indictione
511 520 593 554 ΠΡ,
623 528 666 548 vn
694 517 856 548 kalendas
887 516 1059 552 februarii,
1094 516 1310 555 pontificatus

302 574 429 604 domini
458 572 585 603 Urbani
610 580 695 610 pape
723 570 833 609 quarti
854 578 940 600 anno
964 569 1074 606 tertio,
1096 569 1311 608 presentibus

302 626 487 657 venerabili
505 627 599 664 patre
628 623 763 653 domino
787 647 792 651 .
812 647 818 652 .
842 623 1022 653 Grassensi
1050 623 1219 661 episcopo,
1256 622 1312 652 do-

303 681 393 710 mino
408 679 558 709 Arnoldo
575 677 747 717 preposito
771 676 978 712 Coloniensi,
999 676 1135 706 domino
1152 676 1312 706 Durando

302 734 342 763 «le
361 732 510 763 Palvello
534 732 668 762 cantore
691 730 852 766 Eduensi,
878 729 1013 759 domino
1029 729 1169 759 Nicolao
1195 729 1235 759 de
1256 729 1313 759 Vi-

302 788 401 825 gneto
418 784 577 815 canonico
596 782 825 817 Laudunensi‚
846 782 1019 821 magistris
1035 782 1195 812 Gualtero
1224 782 1312 812 dicto

305 840 439 868 Bursam
461 837 620 868 canonico
647 835 819 873 Trecensi,
838 836 869 865 et
895 835 1006 865 Felice
1034 835 1074 865 de
1101 835 1216 866 Trecis
1233 835 1313 875 phy-

305 893 385 925 sico,
408 890 616 930 cappellanis
643 888 785 928 predicti
804 888 932 918 domini
951 887 1146 924 cardinalis,
1166 888 1312 919 testibus

304 946 344 976 ad
363 946 422 975 hoc
440 944 578 974 vocatis.
591 943 631 973 Et
644 951 704 982 ego
719 942 920 972 Franciscus
936 942 1114 978 deAlatro,
1129 942 1313 981 apostolice

305 999 396 1030 sedis
416 997 615 1028 auctoritate
641 995 806 1031 notarius,
826 995 988 1035 predictis
1006 995 1191 1031 collationi,
1207 996 1314 1034 provi-

305 1052 404 1085 sioni³
436 1050 634 1081 investiture
652 1058 687 1079 ac
712 1049 844 1079 decreto
862 1048 1012 1083 interfui,
1033 1049 1064 1078 et
1092 1048 1131 1078 de
1158 1049 1314 1080 mandato

306 1105 414 1144 ipsius
440 1103 567 1134 domini
593 1102 775 1133 cardinalis
801 1102 877 1131 inde
894 1101 955 1131 feci
981 1101 1040 1132 hoc
1055 1101 1229 1140 publicum
1249 1102 1315 1132 ins-

306 1159 512 1189 trumentum
531 1165 671 1195 meoque
689 1156 783 1194 signo
797 1155 938 1194 signavi.
961 1166 974 1183 n

347 1211 440 1242 Nulli
459 1219 549 1250 ergo,
570 1211 630 1240 etc.
651 1210 775 1240 Datum
793 1209 881 1248 apud
899 1209 1186 1245 Urbemveterem,
1207 1219 1226 1238 v
1241 1209 1315 1239 idus

308 1264 480 1299 februarii,
502 1272 588 1294 anno
606 1263 706 1293 tertio
726 1273 752 1293 ».

397 1425 469 1455 985

874 1422 997 1453 Officio,
1010 1422 1026 1449 9
1042 1420 1145 1448 fevrier
1167 1421 1241 1448 1204.

343 1503 562 1537 Archicpiscopo
581 1502 775 1528 Ebrcduuensi
793 1501 955 1535 praedictae
978 1501 1135 1528 committit
1154 1500 1316 1528 collationis

305 1552 511 1578 executionem.
534 1551 614 1585 (Rau.
630 1550 674 1581 29,
690 1550 738 1576 fol.
755 1552 801 1583 20,
817 1556 848 1576 ιιυ
859 1551 915 1581 33.)

347 1650 361 1665 «
382 1663 404 1668 ..
432 1638 660 1678 archiepiscopo
684 1636 905 1667 Ebredunensi.
933 1637 1003 1673 Que
1020 1637 1059 1668 de
1080 1638 1171 1668 sedis
1189 1656 1235 1667 —.
1252 1639 1315 1669 Da-

305 1693 376 1721 tum
402 1691 489 1730 upud
510 1691 798 1726 Urbemveterem,
819 1700 837 1720 v
863 1691 937 1721 idus
956 1691 1127 1727 februarii,
1149 1700 1235 1722 anno
1253 1693 1316 1722 ter-

306 1745 352 1775 tio
386 1756 398 1771 >t

395 1905 468 1936 986

861 1902 984 1936 (li-vieto,
999 1903 1029 1930 lt)
1039 1903 1151 1938 janvier
1168 1904 1244 1931 1204.

344 1982 485 2008 lterum-«lo
502 1982 534 2008 de
561 1981 725 2011 viliacvrto,
751 1980 954 2008 archidiacono
970 1982 1003 2008 de
1026 1981 1115 2015 Silva,
1131 1982 1316 2009 medietatem

308 2030 452 2056 fructuum
474 2030 583 2056 confert
606 2029 755 2056 sacristiae
773 2029 1011 2056 liarcliiuoncusis
1032 2030 1067 2056 ab
1084 2031 1198 2061 Uberto,
1216 2040 1237 2057 s.
1251 2031 1318 2057 Eus-

308 2078 392 2105 tachii
407 2078 526 2105 diacono
535 2078 687 2110 cardinali,
700 2078 842 2104 nei-nardo
857 2078 890 2105 de
905 2079 1008 2105 olorda
1023 2079 1155 2106 collatae.
1173 2079 1252 2114 (Rau.
1272 2080 1316 2111 29,

309 2127 329 2152 2⁴⁰
344 2130 378 2154 ΞΗ
398 2132 436 2154 v0.
454 2132 482 2153 [1⁰
498 2127 554 2157 34.)

349 2225 362 2241 «
381 2213 540 2243 Bernardo
557 2212 591 2242 de
613 2212 783 2248 Villaemco,
804 2211 1016 2241 archidiacono
1035 2212 1071 2242 de
1084 2212 1169 2243 Silva
1186 2215 1317 2245 ineccle—

306 2268 350 2297 sia
365 2266 563 2303 Gerundensi,
586 2266 729 2296 canonico
748 2265 1004 2301 Bai-chinonensi,
1023 2266 1203 2298 subdiacono
1224 2274 1251 2299 ec
1270 2280 1318 2299 ca·
1346 2286 1348 2316 ¹:
1379 2271 1562 2301 cardinalis
1577 2270 1720 2309 quedam
1740 2270 1805 2300 alia
1824 2269 1890 2299 hiis
1905 2278 1964 2308 pro
1982 2271 2014 2300 te
2027 2269 2155 2300 addidit
2174 2271 2272 2308 prout
2290 2269 2322 2299 in
2339 2277 2396 2308 pu-

1347 2357 1349 2362 y
1380 2324 1467 2354 blico
1486 2324 1712 2354 instrumento
1731 2323 1882 2353 consecto
1893 2323 2014 2353 exinde
2030 2332 2066 2353 ac
2084 2323 2197 2362 sigillo
2212 2322 2396 2353 cardinalis

309 2373 467 2403 Exhibita
484 2372 652 2411 siquidem
668 2371 766 2403 nobis
788 2374 845 2402 tua
861 2372 979 2411 petitio
1003 2374 1195 2405 continebat
1217 2376 1317 2414 quod,
1348 2394 1349 2399 =

307 2435 382 2456 cum
406 2435 466 2456 nos
492 2427 526 2456 in
549 2434 728 2464 causaque
747 2426 835 2455 inter
854 2428 886 2456 te.
902 2428 931 2456 et
953 2426 1112 2457 dilectum
1132 2428 1238 2459 lilium
1254 2438 1320 2460 ma-
1349 2443 1350 2450 ¹

306 2319 429 2358 pellant>
447 2324 559 2348 nostro.
584 2319 630 2349 Ea
654 2328 717 2357 que
733 2319 874 2358 Judicio‚
890 2321 951 2349 etc.
970 2328 1078 2359 usque
1102 2323 1314 2353 communiri.

307 2479 451 2518 gistrum
475 2479 686 2509 Bernardum
703 2479 743 2509 de
769 2479 908 2512 Olorda.
928 2479 1199 2512 archidiaconum
1219 2483 1321 2513 Bena-

306 2541 439 2562 censem
455 2533 488 2562 iu
506 2532 647 2562 ecclesia
662 2532 842 2568 Ilerdensi,
857 2533 1056 2563 canonicum
1076 2534 1321 2566 Barchinoucn-

308 2594 390 2618 sem.
411 2585 624 2624 capellanum
646 2587 812 2622 nostrum,
834 2594 935 2625 super
954 2587 1110 2617 sacristia
1130 2591 1266 2619 vacante
1288 2589 1321 2619 in
1350 2607 1351 2613 κ

308 2638 451 2668 ecclesia
466 2639 540 2677 ipsa
554 2647 613 2677 per
627 2640 769 2669 mortem
789 2639 957 2678 quendem
976 2640 1123 2670 Ferrarii
1140 2641 1179 2672 de
1198 2642 1318 2679 Lauro,
1350 2634 1352 2644 *

309 2691 449 2721 sacriste
477 2691 776 2726 Barchinonensis,
795 2693 869 2722 orta
888 2692 1012 2729 extitit,
1032 2693 1072 2723 ad
1091 2694 1205 2724 sedem
1226 2704 1322 2735 apos-

310 2744 443 2774 tolicam
457 2744 607 2783 legitime
618 2744 786 2781 devoluta,
799 2745 958 2776 dilectum
976 2746 1084 2776 tilium
1100 2749 1252 2778 nostrum
1266 2749 1320 2785 U„

310 2797 417 2827 sancti
449 2797 621 2828 Eustachii
659 2798 839 2829 diaconum
872 2799 1078 2830 cardinalem
1109 2800 1323 2833 dedissemus

311 2850 463 2888 partibus
481 2851 682 2885 auditorem,
702 2851 840 2882 tandem
858 2854 893 2882 tu
915 2854 945 2883 et
961 2853 1071 2883 dictus
1089 2854 1125 2884 B.
1143 2854 1182 2884 de
1197 2854 1323 2887 Olorda

311 2905 543 2942 comparentes
565 2904 598 2934 in
623 2904 751 2943 judicio
772 2913 883 2935 coram
908 2906 992 2945 ipso,
1019 2907 1153 2946 utrique
1172 2908 1322 2939 volentes

311 2964 446 2994 parcere
472 2956 647 2987 laboribus
666 2958 697 2988 et
719 2958 880 2997 expensis
897 2959 1013 2998 sicque
1029 2960 1193 3000 eligentes
1210 2962 1323 3001 potius
1352 2959 1353 2968 ¹

1049 272 1292 304 REGISTRES
1326 273 1541 305 D'URBAIN
1574 274 1632 303 IV.

1371 365 1430 396 per
1448 357 1537 387 viam
1558 357 1651 395 pacis
1667 356 1861 395 hujusmodi
1879 365 2016 387 causam
2035 357 2195 387 dirimere
2213 365 2313 396 quam
2328 358 2388 388 du-

1371 410 1466 439 bium
1492 412 1650 440 eventum
1672 409 1791 448 judicii
1809 412 1999 448 expectare,
2016 410 2049 439 in
2068 409 2211 440 eundem
2236 410 2388 440 cardina-

1372 463 1438 493 lem
1466 471 1568 501 super
1581 462 1653 499 hoc,
1678 464 1851 501 tamquam
1879 463 1911 493 in
1929 462 2106 499 arbitrum,
2136 462 2387 498 arbitratorem,

1373 516 1601 546 ordinatorem
1636 518 1666 546 et
1709 515 1924 546 amicabilem
1956 516 2232 554 compositorem‚
2269 518 2388 554 sponte

1373 568 1647 607 compromittere
1661 569 1853 603 curavistis,
1871 568 2023 604 arbitrio,
2036 568 2148 604 laudo,
2167 568 2386 605 ordinationi,

1374 620 1571 651 diffinitioni
1590 622 1620 651 et
1640 621 1727 651 dicto
1744 621 1818 660 ejus
1835 621 1874 651 de
1894 621 2050 652 sacristia
2069 621 2142 660 ipsa
2162 623 2193 650 et
2210 620 2283 660 ejus
2302 620 2388 651 fruc-

1373 674 1465 704 tibus
1482 683 1542 704 vos
1559 683 1642 713 pure
1660 683 1695 704 ac
1717 674 1920 713 simpliciter
1940 674 2204 704 summittentes.
2224 674 2316 704 Idem
2334 682 2390 704 au-

1373 730 1441 757 tern
1466 727 1659 763 cardinalis,
1680 727 1874 767 huJusmodi
1901 727 2148 766 compromisso
2167 729 2300 766 recepto
2321 729 2353 757 et
2372 735 2391 757 a

1375 781 1472 811 nobis
1483 781 1619 812 obtenta
1631 781 1767 811 licentia
1777 780 2190 819 ordinandi‚disponendi‚
2202 779 2390 810 arbitrandi

1375 835 1405 864 et
1426 834 1595 864 statuendi
1621 834 1708 864 inter
1729 835 1842 872 partes
1863 834 1951 863 sicut
1977 833 2042 863 sibi
2063 833 2186 863 melius
2204 832 2390 869 videretur,

1375 887 1414 917 de
1429 888 1556 917 nostris
1583 887 1740 917 mandato
1762 888 1793 917 et
1812 887 1948 917 licentia
1968 886 2033 916 sibi
2053 886 2142 916 datis
2159 895 2176 916 a
2203 885 2301 916 nobis
2322 894 2395 916 ora·

1375 941 1450 971 culo
1463 941 1537 971 vive
1554 941 1657 976 vocis,
1671 949 1798 971 necnon
1812 940 1852 971 de
1871 940 2044 970 voluntate
2063 941 2095 970 et
2109 948 2252 970 assensu
2267 938 2394 969 utrius-

1376 1002 1440 1033 que
1467 994 1585 1033 partis,
1613 994 1660 1024 sic
1678 994 1764 1024 inter
1783 1002 1842 1024 vos
1861 1002 1920 1032 pro
1937 993 2023 1023 bono
2039 993 2132 1032 pacis
2155 995 2187 1022 et
2213 991 2392 1023 concordie

1376 1047 1556 1081 ordinavit,
1576 1047 1663 1077 dixit
1689 1049 1719 1077 et
1740 1047 1859 1077 statuit
1886 1045 2080 1076 arbitrando
2099 1045 2187 1085 quod
2214 1046 2326 1076 dictus
2352 1045 2392 1075 B.

1376 1100 1414 1131 de
1431 1100 1556 1131 Olorda
1575 1100 1765 1130 sacristiam
1790 1100 1913 1138 ipsam,
1932 1107 2008 1129 cum
2029 1098 2187 1129 omnibus
2205 1098 2340 1137 juribus
2359 1099 2393 1128 et

1377 1153 1593 1193 pertinentiis
1611 1154 1694 1189 suis,
1706 1152 1826 1183 habeat
1837 1152 1973 1191 pacifice
1985 1154 2016 1182 et
2034 1152 2146 1190 quiete
2163 1151 2343 1190 ipsumque
2353 1150 2394 1181 de

1378 1207 1437 1237 illa
1455 1216 1515 1246 per
1539 1216 1638 1237 suum
1661 1206 1801 1236 anulum
1830 1206 2022 1241 investivit3
2041 1205 2112 1239 sed,
2132 1207 2167 1235 ut
2185 1207 2222 1235 tu
2240 1213 2299 1244 spe
2324 1213 2343 1235 a
2359 1206 2393 1235 te

1377 1260 1417 1290 de
1435 1260 1542 1299 gratia
1559 1269 1659 1299 quam
1681 1259 1742 1289 tibi
1760 1259 1841 1289 olim
1860 1267 1920 1298 per
1940 1260 2073 1289 nostras
2089 1258 2221 1288 litteras
2245 1258 2319 1288 fieri
2338 1266 2394 1288 vo·

1377 1313 1516 1349 luimus,
1549 1313 1583 1342 in
1609 1312 1874 1343 Barchinonensi
1902 1312 2045 1343 ecclesia
2070 1314 2266 1347 memorata,
2295 1313 2327 1341 et
2353 1310 2395 1341 de

1377 1366 1590 1396 ordinatione
1610 1366 1718 1404 ipsius
1739 1365 1922 1396 cardinalis
1942 1366 2112 1404 concepta,
2129 1373 2194 1395 non
2214 1364 2393 1395 frustrare-

1377 1419 1425 1449 ris
1440 1419 1601 1454 ommino,
1621 1419 1725 1449 immo
1741 1418 1842 1449 exeis
1861 1418 2076 1449 commodum
2092 1417 2276 1454 obtineres,
2292 1417 2392 1454 dixit,

1378 1472 1546 1503 ordinavit
1559 1474 1589 1503 et
1604 1472 1835 1510 pronuntiavit
1854 1473 1886 1502 et
1904 1472 2022 1502 statuit
2040 1471 2247 1503 arbitrando,
2261 1471 2301 1501 de
2317 1479 2393 1501 nos-

1376 1526 1438 1556 tris
1457 1526 1593 1556 licentia
1607 1527 1637 1556 et
1654 1525 1824 1561 mandato,
1843 1525 1930 1564 quod
1946 1525 2057 1555 dictus
2075 1525 2111 1555 B.
2131 1525 2171 1555 de
2184 1524 2310 1556 Olorda
2327 1532 2396 1555 me-

1377 1579 1538 1610 dietatem
1568 1579 1737 1609 fructuum
1768 1588 1805 1609 ac
1834 1580 2060 1617 proventuum
2090 1578 2200 1617 ipsius
2226 1577 2394 1613 sacristie,

1376 1634 1527 1672 tempore
1543 1641 1608 1671 quo
1625 1632 1881 1671 recolliguntur,
1895 1630 1958 1661 tibi
1970 1631 2098 1662 tamdiu
2113 1631 2289 1661 annuatim
2302 1630 2396 1661 exol—

1376 1688 1430 1716 vat
1459 1687 1489 1716 et
1514 1685 1646 1715 solvere
1677 1687 1831 1716 teneatur
1853 1693 2030 1724 quousque
2050 1685 2083 1714 in
2101 1685 2190 1714 dicta
2214 1683 2396 1714 Barchino-

1377 1739 1473 1770 nensi
1492 1739 1646 1774 ecclesia,
1666 1747 1725 1777 per
1751 1738 1884 1769 litteras
1907 1738 2112 1777 apostolicas
2131 1737 2193 1768 tibi
2214 1745 2318 1776 super
2335 1738 2395 1767 tua

1376 1792 1571 1832 provisione
1596 1792 1630 1822 in
1651 1792 1795 1822 ecclesia
1817 1792 1892 1831 ipsa
1907 1800 2098 1828 concessas,
2119 1799 2263 1830 quarum
2281 1791 2393 1821 aucto-

1377 1846 1476 1876 ritate
1499 1845 1706 1876 venerabilis
1726 1845 1829 1875 frater
1852 1846 1966 1876 noster
1985 1870 1990 1875 .
2007 1870 2013 1876 .
2034 1844 2322 1875 Terrachonensis
2341 1851 2392 1874 ar-

1377 1899 1625 1938 cliiepiscopuS,
1651 1900 1810 1929 executor
1836 1898 2017 1937 deputatus
2036 1898 2070 1928 in
2089 1897 2158 1927 illis
2173 1897 2242 1937 jam
2269 1896 2394 1927 dicitur

1377 1952 1597 1992 processisse,
1626 1951 1688 1982 tibi
1709 1952 1748 1982 de
1765 1951 1928 1991 dignitate
1948 1951 1998 1982 vel
2017 1952 2201 1990 personatu
2219 1949 2394 1989 provisum

1379 2006 1491 2041 fuerit,
1507 2006 1538 2036 et
1554 2007 1756 2044 personatus
1774 2014 1833 2035 seu
1846 2005 2024 2044 dignitatis
2041 2005 2080 2035 de
2100 2013 2166 2044 quo
2180 2004 2232 2034 vel
2251 2012 2318 2043 qua
2331 2002 2395 2034 tibi

1378 2058 1622 2097 providebitur,
1634 2058 1888 2096 possessionem
1903 2057 2062 2087 habueris
2072 2057 2248 2096 pacificam
2259 2059 2290 2087 et
2301 2057 2394 2096 quie-

1378 2113 1457 2141 tam.
1480 2111 1545 2141 Pro
1566 2111 1744 2141 medietate
1763 2119 1841 2141 vero
1864 2110 2059 2150 hujusmodi
2079 2109 2249 2140 fructuum
2269 2111 2300 2140 et
2318 2118 2394 2148 pro·

1378 2166 1539 2195 ventuum
1568 2164 1696 2194 dictum
1715 2164 1750 2194 B.
1775 2164 1814 2194 de
1843 2163 1968 2195 Olorda
1995 2163 2172 2202 ipsamque
2200 2163 2394 2193 sacristiam

1377 2217 1439 2247 tibi
1464 2217 1624 2256 obligavit
1650 2219 1680 2247 et
1709 2225 1785 2247 esse
1810 2216 1915 2247 voluit
1942 2216 2118 2255 obligatos.
2148 2216 2242 2246 Idem
2261 2224 2394 2255 quoque

1381 2377 1560 2408 memorati
1573 2378 1716 2415 signato,
1732 2376 1868 2415 plenius
1884 2376 2085 2407 continetur.
2099 2377 2171 2407 Nos
2189 2376 2314 2415 itaque,
2326 2376 2396 2407 tuis

1381 2429 1865 2469 supplicationibusinclinati,
1882 2429 1970 2469 quod
1987 2438 2045 2468 per
2058 2429 2264 2460 cardinalem
2283 2429 2397 2468 ipsum

1382 2493 1483 2522 super
1509 2483 1689 2522 premissis
1716 2492 1776 2522 pro
1800 2485 1831 2513 te
1856 2482 1979 2513 sactum
2003 2485 2065 2519 est,
2082 2485 2192 2513 ratum
2211 2484 2241 2513 et
2261 2482 2397 2513 firmum

1382 2537 1554 2573 habentes,
1584 2537 1616 2566 id
1638 2537 1838 2567 auctoritate
1856 2536 2042 2575 apostolica
2070 2536 2312 2566 confirmamus
2332 2538 2396 2567 etc.

1382 2599 1490 2629 usque
1517 2589 1780 2620 comumnimus.
1807 2589 1973 2620 Tenorem
2003 2591 2114 2619 autem
2137 2589 2247 2627 ipsius
2273 2589 2398 2619 instru—

1383 2643 1487 2673 menti
1509 2643 1548 2673 de
1568 2642 1669 2673 verbo
1687 2643 1727 2672 ad
1746 2641 1886 2673 verbum
1904 2641 2119 2681 presentibus
2138 2642 2280 2672 fecimus
2297 2650 2400 2672 anno-

1383 2697 1459 2732 tari,
1480 2696 1537 2735 qui
1555 2696 1635 2726 talis
1653 2697 1701 2726 est
1720 2706 1726 2725 ε

1424 2761 1438 2778 «
1458 2750 1493 2779 In
1513 2749 1648 2780 nomine
1666 2749 1804 2780 Domini
1823 2757 1932 2779 amen.
1953 2749 2014 2779 Ille
2034 2757 2093 2779 rex
2112 2748 2318 2779 mitissimus
2336 2749 2399 2779 etc.

1384 2808 1414 2831 u!
1433 2813 1528 2842 supi-u
1547 2803 1577 2831 in
1595 2803 1602 2820 ¹
1620 2801 1754 2842 capitulo
1779 2801 1814 2832 de
1837 2801 1923 2832 verbo
1941 2802 1981 2831 ad
2006 2801 2125 2831 verbum
2145 2811 2235 2842 usque
2253 2811 2316 2832 meo
2331 2810 2402 2832 con—

1352 2895 1353 2900 *
1383 2861 1465 2885 sueto
1481 2856 1569 2895 siquo
1586 2855 1716 2895 siqnavi.

1419 2973 1437 2995 t.
1457 2971 1496 2995 Ici
1511 2978 1548 2995 uu
1568 2974 1624 2996 mot
1642 2978 1674 2995 cn
1693 2971 1774 2996 blanc
1792 2971 1864 2995 dans
1876 2970 1901 2995 le
1920 2970 2087 2995 manuscrit.
