2547 3289
1204 272 1419 303 D'URBAIN
1444 273 1499 303 IV.
2352 279 2389 307 75

314 356 346 385 et
361 354 507 392 capitulo
524 354 555 383 et
573 353 713 384 ecclesie
730 354 843 383 sancte
862 353 966 383 Marie
997 351 1087 381 sedis
1101 352 1323 382 (1011011111οη-

315 407 363 437 515
381 408 413 437 01
435 406 565 436 011110115
587 406 843 436 successoribus
868 405 990 435 vestris
1008 404 1186 434 ecclesiam
1204 405 1323 435 Sancte

313 459 418 490 Marie
436 459 475 488 de
494 459 663 489 Alcazona
680 458 750 497 tsie‘)
765 457 1047 495 Montis-Majoris
1063 457 1198 491 veteris,
1211 459 1321 487 vestre

313 511 471 547 diocesis,
486 512 517 540 et
528 511 584 549 jus
599 512 796 549 patronatus
809 510 959 547 ejusdem
978 508 1130 544 ecclesie,
1146 518 1220 538 cum
1232 510 1323 539 omni

310 564 385 602 jure
407 563 495 602 quod
518 563 622 593 habeo
645 563 678 593 in
701 563 818 593 eadem
844 562 998 594 ecclesia,
1019 562 1049 591 et
1069 561 1169 590 michi
1191 562 1230 591 de
1249 562 1324 600 jure

313 616 485 654 competit,
506 616 596 654 quod
615 625 675 646 vos
692 617 724 646 et
742 623 858 646 omncs
877 622 1091 643 successores
1109 614 1210 643 vestri
1226 616 1257 644 et
1275 623 1325 644 ec-

314 669 418 699 clesia
439 670 553 699 sancte
576 668 682 699 Marie
716 668 807 697 sedis
824 666 1085 697 Colimbriensis
1107 666 1260 696 habeatis
1293 668 1324 696 et

312 721 519 760 possideatis
535 721 723 760 predictam
740 719 918 750 ecclesiam
933 719 1052 749 500010
1062 719 1166 748 Marie
1184 719 1324 749 Montis-

312 774 452 813 Majoris
472 773 597 804 veteris
625 774 657 803 et
672 773 729 811 jus
750 772 950 810 patronatus
969 771 1110 801 ecclesie
1128 780 1203 801 cum
1232 771 1324 802 omni

308 827 384 865 jure
410 826 551 856 ecclesie
577 825 726 864 predicte
751 824 870 859 libere,
889 824 1027 862 pacifice
1057 825 1088 854 et
1114 824 1226 862 quiete
1254 825 1324 854 tan-

311 888 412 918 quam
424 878 553 909 domini
568 879 600 908 et
618 877 762 916 patroni,
771 877 845 915 jure
859 876 1065 907 hereditario
1077 877 1110 906 in
1122 878 1323 915 perpetuum

311 931 553 971 possidendam
568 939 576 965 3
596 931 628 961 et
645 930 707 960 hoc
727 930 813 960 facio
830 929 928 960 vobis
945 938 1006 968 pro
1032 929 1181 960 remedio
1212 929 1322 959 anime

311 993 383 1015 mee
403 985 434 1014 et
450 984 630 1022 parentum
645 992 810 1015 meorum.
827 984 859 1013 et
876 991 936 1021 pro
953 982 1060 1013 multo
1076 982 1215 1013 servitio
1234 982 1324 1021 quod

265 1056 268 1060 ι
310 1046 384 1073 vos,
400 1037 509 1067 donne
530 1037 631 1075 Egea,
642 1036 799 1075 episcope
818 1035 1091 1069 Colimbriensis,
1112 1035 1241 1065 fecistis
1264 1035 1325 1065 mi-

311 1089 364 1120 chi
386 1091 418 1120 et
442 1089 569 1124 facitis;
599 1090 631 1119 et
654 1089 695 1119 al)
728 1089 788 1119 hac
811 1089 864 1119 die
892 1089 925 1118 in
945 1090 1043 1119 antea
1062 1088 1178 1119 aufero
1194 1088 1324 1127 predic-

310 1144 380 1173 tam
404 1142 582 1173 ecclesiam
603 1142 722 1172 Sancte
743 1142 849 1172 Marie
868 1142 907 1172 de
925 1141 1095 1172 Alcazona
1113 1141 1324 1172 Montis-Ma-

307 1194 394 1234 joris
406 1195 542 1231 veteris,
557 1195 653 1233 etjus
668 1195 865 1233 patronatus
880 1193 1041 1233 ejusdem,
1054 1202 1130 1223 cum
1144 1194 1235 1224 omni
1248 1194 1324 1233 jure

312 1256 373 1278 suo
390 1248 481 1286 quod
494 1247 596 1277 michi
609 1247 770 1286 competit
787 1247 821 1277 in
836 1247 963 1284 eadem,
978 1247 1017 1277 de
1031 1255 1105 1278 meo
1124 1247 1275 1278 dominio
1292 1249 1324 1278 et

310 1300 350 1330 de
371 1309 445 1331 mea
462 1302 642 1339 potestate,
660 1303 691 1331 et
707 1309 781 1331 eam
797 1300 965 1331 transfero
981 1300 1015 1330 in
1046 1302 1198 1330 vestrum
1217 1300 1323 1331 domi-

310 1353 404 1383 nium
434 1355 466 1384 et
490 1353 525 1383 in
554 1355 702 1384 vestram
724 1355 927 1392 potestatem
957 1353 1031 1391 jure
1057 1353 1263 1384 hereditario
1288 1354 1323 1384 in

309 1408 511 1445 perpetuum
526 1407 788 1445 possidendam3
803 1408 835 1437 et
850 1407 966 1437 statim
980 1415 1041 1437 vos
1061 1407 1095 1437 in
1113 1407 1322 1445 corporalem

309 1460 566 1498 possessionem
595 1460 744 1498 predicte
771 1460 912 1490 ecclesie
945 1461 978 1490 et
1008 1460 1096 1499 juris
1123 1461 1322 1498 patronatus

311 1512 464 1551 ejusdem
482 1521 542 1551 per
565 1521 679 1543 meum
699 1513 889 1551 portarium
913 1513 1011 1543 mitto
1028 1514 1060 1543 et
1077 1513 1211 1549 induco,
1229 1514 1266 1543 ut
1282 1513 1322 1543 de

310 1566 421 1596 cetero
442 1573 503 1596 vos
523 1566 556 1596 01
573 1573 788 1596 successores
817 1565 923 1596 vestri
944 1565 1076 1595 faciatis
1107 1566 1146 1595 de
1166 1574 1204 1595 ea
1229 1566 1323 1604 quic-

311 1618 391 1657 quid
401 1617 556 1649 videritis
570 1618 710 1648 utilitati
728 1619 840 1648 vestre
856 1618 998 1648 ecclesie
1015 1618 1186 1657 expedire.
1199 1619 1233 1648 Si
1247 1621 1322 1657 quis

311 1671 423 1700 autem
439 1671 509 1701 tam
529 1670 568 1700 de
586 1670 672 1700 meis
692 1670 894 1709 propinquis
911 1680 1012 1709 quam
1031 1671 1070 1700 de
1087 1671 1257 1701 extraneis
1276 1671 1323 1710 ip-

310 1731 382 1753 sam
397 1731 507 1753 meam
524 1723 740 1753 donationem
767 1724 799 1753 01
827 1723 1050 1753 elemosinam
1075 1723 1258 1762 infringere
1277 1727 1324 1753 atr-

311 1776 540 1814 temptaverit,
558 1776 611 1806 vel
631 1776 665 1806 in
683 1776 797 1815 aliquo
817 1776 1005 1806 diminuere
1020 1776 1178 1811 voluerit,
1193 1785 1260 1807 non
1279 1777 1322 1807 sit

314 1829 344 1859 ei
364 1829 508 1863 licitum,
528 1829 587 1859 sed
604 1837 664 1867 pro
686 1829 760 1859 sola
778 1829 999 1867 temptatione
1017 1829 1101 1859 iram
1129 1829 1193 1859 Dei
1210 1830 1323 1860 Patris

311 1881 566 1920 omnipotentis,
587 1882 618 1912 et
635 1882 737 1911 Beate
754 1881 858 1911 Marie
878 1890 1011 1919 semper
1029 1881 1183 1920 virginis,
1201 1883 1233 1912 et
1257 1891 1323 1912 om-

310 1934 404 1964 nium
434 1935 629 1964 sanctorum
659 1933 819 1967 incurrat,
852 1935 883 1964 et
907 1934 1179 1964 maledictionem
1212 1943 1323 1964 meam

311 1985 430 2016 habeat
458 1986 494 2016 in
520 1988 686 2021 eternum,
714 1986 895 2017 donatione
928 1986 995 2016 ista
1024 1986 1267 2017 nichilominus
1288 1987 1323 2017 in

310 2048 371 2069 suo
390 2038 510 2070 robore
530 2039 566 2069 in
583 2040 785 2078 perpetuum
802 2039 1019 2077 perdurante.
1038 2040 1140 2069 Facta
1160 2041 1251 2069 carta
1268 2040 1324 2070 do-

308 2092 457 2123 nationis
479 2093 511 2122 et
533 2092 755 2122 firmitudinis
776 2092 811 2121 in
836 2092 973 2122 civitate
991 2092 1245 2129 Colimbriensi,
1259 2093 1322 2123 XV

309 2145 363 2175 die
379 2144 594 2183 septembris,
610 2154 687 2184 rege
703 2145 896 2181 mandante,
912 2154 968 2175 era
986 2145 1174 2175 millesima
1188 2145 1251 2175 CC.
1266 2154 1322 2176 no-

311 2198 486 2237 nagesima
503 2199 609 2228 sexta.

350 2262 364 2278 «
384 2251 525 2281 Donnus
535 2251 728 2282 Gonsalvus
737 2251 848 2288 Garsi,
861 2251 982 2281 sinifer
994 2251 1096 2286 curie,
1108 2251 1285 2282 confirmat
1300 2251 1319 2282 ¹.

355 2316 369 2331 «
387 2305 530 2336 Donnus
546 2305 689 2345 Egidius
705 2305 855 2342 Martini,
873 2305 1105 2344 majordomus
1124 2305 1228 2342 curie,
1246 2313 1322 2336 con-

310 2357 433 2388 firmat.

351 2421 366 2437 «
391 2411 534 2441 Donnus
564 2411 732 2441 Martinus
767 2411 914 2447 Aliensi,
947 2411 1066 2441 tenens
1089 2410 1320 2449 Bragantiam,

311 2462 501 2494 confirmat.

350 2527 364 2544 «
387 2515 530 2546 Donnus
552 2516 706 2547 Andreas
731 2516 912 2552 Fernandi,
931 2517 1050 2547 tenens
1068 2516 1192 2555 Ripam
1211 2516 1320 2554 Minii,

310 2568 499 2599 confirmat.

349 2631 364 2650 α
384 2621 526 2652 Donnus
542 2621 707 2652 Alfonsus
721 2622 820 2661 Lupi,
831 2623 950 2652 tenens
962 2622 1116 2657 Sausam,
1131 2621 1320 2653 confirmat.

353 2686 368 2702 α
387 2675 528 2705 Donnus
546 2674 696 2705 Didacus
727 2675 825 2714 Lupi,
844 2676 963 2705 tenens
996 2675 1179 2705 Lamecum
1203 2675 1322 2706 confir-

309 2729 390 2758 mat.

349 2791 365 2807 «
381 2780 524 2810 Donnus
541 2779 710 2810 Martinus
726 2779 851 2818 Egidii,
869 2781 988 2810 tenens
1014 2780 1224 2816 Traserram,
1244 2788 1321 2811 con—

309 2831 433 2862 firmat.

320 2971 323 2973 ,
341 2944 363 2966 1.
380 2943 418 2967 Le
434 2942 594 2968 manuscrit
610 2944 690 2973 porte
705 2942 783 2973 Conf.

1425 366 1439 381 «
1460 355 1802 386 Donliusffisnsalvus
1816 357 1983 391 MencndI‚
1999 359 2115 388 tenens
2130 359 2296 398 Panoyas,
2316 370 2391 390 con-

1385 406 1507 436 firmat.

1426 471 1438 485 a
1459 459 1598 488 Donnus
1621 461 1742 490 Petrus
1761 462 1885 497 Pontii,
1906 464 2024 492 tenens
2044 464 2182 501 Bayaiu,
2203 465 2387 496 confirmat.

1426 522 1439 539 «
1458 513 1598 541 Donnus
1616 513 1785 543 ,Iohannes
1800 516 1889 544 Petri
1909 516 1948 545 <le
1963 517 2293 555 11103110,,101111111105
2311 518 2390 548 Sue-

1385 564 1425 593 rii
1446 565 1616 599 Cijinvlius,
1647 566 1808 596 Ali'onsus
1835 568 1971 598 Martini
2001 569 2115 603 Vivus,
2135 570 2266 600 ‹lonuus
2285 571 2390 609 Egoas

1385 616 1559 647 Laurentii
1581 621 1695 648 testes.

1425 678 1439 695 «
1464 669 1604 699 Donnus
1632 671 1809 707 Martinus,
1838 672 2110 712 archiepiscopus
2138 675 2388 712 Izi-arharensis,

1387 720 1573 751 confirmat.

1425 782 1439 801 α
1464 773 1605 803 Donnus
1627 774 1796 811 Julianus,
1822 777 2001 815 episcopus
2023 778 2288 817 l‘tirtugalensis,
2315 790 2389 811 con-

1385 824 1506 856 firmat.

1425 888 1439 907 (‹
1461 878 2388 919 DonnusEgeas‚episcopus‹2:01i111]›rit-usis,cmiirmat.

1425 943 1438 958 α
1460 932 1601 961 Donnus
1620 933 1730 969 Arias,
1747 934 1926 972 episcopus
1939 935 2388 970 Ulixlmnensis,confirmat.

1424 994 1438 1013 «
1459 985 1601 1015 Donnus
1631 986 1809 1023 Martinus,
1831 986 2011 1026 episcopus
2036 987 2246 1024 Elborensis,
2273 991 2392 1020 0011111·-

1384 1039 1465 1068 111111.

1425 1100 1439 1118 1(
1457 1091 1598 1121 Donnus
1615 1091 1814 1126 l’iodericus,
1834 1093 2013 1131 episcopus
2029 1094 2255 1132 Egitanensis,
2275 1096 2391 1126 confir-

1384 1145 1464 1174 mat.

1425 1206 1438 1225 «
1461 1197 1602 1226 Donnus
1618 1197 1752 1234 Petrus,
1770 1197 1897 1227 electus
1914 1199 2143 1233 Lamecensis,
2163 1200 2348 1231 confirmat.

1425 1260 1440 1275 «
1461 1250 1602 1279 Donnus
1618 1249 1783 1286 Matheus,
1803 1250 1929 1280 electus
1944 1251 2114 1287 Yisensis,
2134 1253 2319 1283 contii-mat.

1426 1312 1441 1330 J>
1459 1302 1626 1332 Martinus
1642 1303 1818 1339 (Iohannis,
1837 1304 2010 1342 portarius
2028 1304 2135 1343 major
2150 1305 2252 1340 curie,
2277 1306 2390 1336 Marti-

1384 1363 1448 1384 nus
1469 1355 1560 1385 Petri
1579 1356 1748 1392 Cazzalio,
1765 1357 1883 1386 tenens
1903 1357 2014 1387 locum
2032 1366 2133 1395 super
2149 1358 2284 1396 judicis,
2306 1360 2391 1389 Mar-

1382 1408 1477 1438 tinus
1501 1409 1606 1445 Petri,
1632 1409 1814 1439 canonicus
1844 1409 2096 1446 Bracharensis,
2123 1411 2292 1441 ι101111111105
2310 1412 2388 1442 Fer-

1384 1461 1497 1497 nandi,
1514 1461 1824 1496 vicecancellarius,
1844 1464 1960 1493 testes.

1424 1525 1439 1541 «
1459 1515 1601 1545 Donnus
1622 1515 1824 1553 Stephanus,
1847 1515 2012 1546 Johannis
2037 1516 2258 1546 cancellarius
2286 1517 2387 1551 curie,

1383 1567 1572 1598 confirmat.

1425 1631 1439 1649 »
1457 1621 1657 1651 Dominicus
1673 1621 1776 1657 Petri,
1797 1621 1950 1651 notarius
1972 1622 2074 1655 curie,
2103 1622 2192 1652 fecit.
2215 1635 2229 1649 »

1422 1674 1517 1703 Nulli
1546 1682 1623 1712 ergo
1652 1675 1713 1704 etc.
1739 1675 1853 1703 nostre
1879 1674 2146 1705 confirmationis
2171 1677 2231 1705 etc.
2257 1675 2291 1705 Si
2312 1675 2388 1713 quis

1384 1727 1495 1756 autem
1511 1728 1571 1757 etc.
1592 1727 1716 1757 Datum
1738 1727 1825 1765 apud
1851 1727 2138 1764 Urfflmveterem,
2156 1737 2199 1757 xix
2228 1728 2388 1758 kalendas

1384 1780 1530 1818 augusti,
1549 1788 1634 1810 anno
1653 1780 1812 1810 secundo.
1834 1790 1848 1808 1)

1475 1934 1546 1965 273
1937 1932 2060 1965 0111010,
2077 1934 2107 1959 ⁵21
2123 1933 2217 1968 juillet
2241 1934 2316 1960 1263.

1419 2010 1562 2037 Statutum
1575 2010 1727 2037 confirmat
1742 2018 1796 2044 quo
1811 2010 1959 2044 episcopus
1977 2013 2005 2037 et
2025 2010 2181 2044 capitulum
2194 2010 2390 2045 {Colimbricn-

1383 2066 1427 2085 505
1448 2059 1501 2085 sibi
1521 2058 1591 2093 ipsis
1610 2058 1807 2093 applicuerant
1823 2059 1950 2085 redditus
1964 2058 2092 2085 ecclesia*
2109 2059 2136 2085 S.
2150 2059 2244 2085 Maria>
2260 2060 2293 2086 de
2310 2059 2390 2087 Alca-

1383 2115 1451 2134 zona
1466 2107 1697 2143 Montis-Majoris
1715 2107 1818 2134 veteris
1836 2108 1914 2141 (REG.
1932 2109 1974 2138 27,
1991 2107 2038 2134 sol.
2057 2108 2089 2134 74
2105 2112 2144 2139 v⁰‚
2162 2116 2195 2134 no
2214 2108 2248 2141 ¹.)

1425 2203 1438 2218 «
1461 2191 1597 2221 Essdem.
1618 2192 1701 2222 Cum
1718 2201 1736 2221 a
1754 2192 1852 2222 nobis
1869 2193 1996 2230 petitur
2013 2194 2088 2229 010,
2108 2194 2143 2223 ut
2162 2202 2264 2232 supra
2282 2202 2389 2232 usque

1384 2245 1587 2281 continebat,
1600 2246 1688 2283 quod
1704 2254 1763 2274 vos
1773 2245 1983 2275 attendentes
1998 2246 2086 2283 quod
2099 2246 2251 2275 redditus
2269 2250 2298 2276 et
2316 2255 2390 2284 pro-

1383 2299 1504 2328 ventus
1516 2298 1656 2328 ecclesie
1665 2299 1776 2328 vestre
1788 2297 2046 2328 Colimbriensis
2055 2298 2096 2327 ad
2108 2299 2390 2329 sustentationem

1383 2352 1531 2381 vestram
1546 2352 1641 2381 erant
1653 2351 1756 2380 nimis
1770 2352 1888 2380 tenues
1899 2352 1929 2380 et
1949 2351 2069 2387 exiles,
2084 2351 2261 2381 ecclesiam
2276 2353 2389 2382 sancte

1383 2404 1488 2434 Marie
1501 2404 1539 2434 de
1556 2404 1725 2434 Alcazona
1743 2403 1810 2441 (sic)
1822 2403 2103 2442 Montis-Maioris
2119 2404 2253 2440 veteris,
2269 2404 2390 2434 Colim-

1383 2456 1532 2487 briensis
1549 2457 1706 2493 diocesis,
1724 2457 1758 2486 in
1777 2465 1841 2495 qua
1853 2456 1910 2495 jus
1927 2457 2124 2494 patronatus
2141 2457 2182 2486 ad
2198 2466 2257 2486 vos
2276 2466 2391 2487 comu-

1383 2510 1471 2540 niter
1502 2509 1702 2548 pertinebat,
1739 2509 1893 2548 diligenti
1927 2508 2170 2539 deliberatione
2201 2509 2387 2548 prehabita,

1382 2563 1506 2593 vestris
1529 2562 1650 2593 usibus
1670 2562 1889 2601 applicantes,
1924 2561 2094 2592 statuistis
2127 2563 2163 2592 ut
2195 2562 2326 2592 fructus
2357 2563 2390 2592 et

1382 2617 1564 2655 proventus
1588 2615 1728 2646 ecclesie
1760 2615 1911 2653 ejusdem
1936 2614 2054 2645 Sancte
2079 2614 2195 2649 Marie,
2218 2615 2391 2645 reservata

1382 2677 1424 2700 ex
1451 2671 1499 2700 eis
1522 2669 1646 2700 vicario
1678 2670 1710 2699 et
1739 2668 1871 2698 clericis
1904 2667 1987 2697 inibi
2016 2669 2178 2706 perpetuo
2210 2667 2389 2697 servituris

1381 2722 1536 2761 portione
1559 2730 1706 2760 congrua
1732 2730 1792 2760 pro
1810 2720 2057 2750 sustentatione
2084 2720 2238 2759 ipsorum
2259 2721 2291 2750 et
2309 2729 2390 2759 sup-

1381 2775 1557 2813 portandis
1569 2774 1679 2813 ipsius
1693 2773 1832 2804 ecclesie
1850 2772 2021 2807 oneribus,
2039 2773 2151 2803 advos
2169 2772 2311 2803 debcant
2320 2781 2392 2811 per-

1381 2828 1508 2863 venire,
1520 2828 1618 2866 prout
1629 2827 1663 2856 in
1679 2826 1802 2856 vestris
1817 2825 2011 2864 patentibus
2025 2825 2150 2855 litteris
2167 2825 2244 2855 inde
2262 2825 2390 2856 confec-

1381 2881 1426 2911 tis
1447 2880 1581 2919 plenius
1612 2879 1812 2909 continetur.
1833 2879 1904 2908 Nos
1922 2878 2036 2917 igitur,
2059 2877 2250 2908 devotionis
2278 2880 2389 2908 vestre

1381 2933 1539 2972 precibus
1557 2931 1719 2966 inclinati,
1738 2931 1826 2970 quod
1844 2939 1902 2970 per
1921 2939 1982 2961 vos
1999 2939 2100 2969 super
2117 2930 2178 2961 hoc
2195 2931 2249 2969 pie
2267 2940 2302 2960 ac
2318 2939 2391 2969 pro-
