2547 3289
331 240 389 269 466
1081 235 1327 267 REGISTRES
1360 236 1575 267 D'L'RBAIN
1607 236 1664 266 IV.

331 323 429 361 prout
452 323 485 352 in
517 322 741 351 instrumento
770 320 904 358 publico
933 329 1034 358 super
1060 320 1126 349 hiis
1155 329 1213 359 per
1237 320 1339 350 infra-

331 375 492 413 scriptum
515 373 681 403 notarium
705 373 866 408 eonferhu,
889 372 1024 410 plenius
1041 372 1248 407 continetur3
1267 381 1340 402 nos-

331 436 394 465 que
410 427 496 457 inter
508 427 599 464 ipsas
614 428 725 464 partes
737 434 849 463 paceni
865 427 893 455 et
907 425 1118 455 concordiam
1133 426 1337 462 affectantes,

331 480 521 517 hujusmodi
552 479 834 516 rompromissum
866 478 898 508 in
930 487 990 508 nos
1014 478 1150 513 factum,
1177 478 1340 508 duximus

331 532 581 571 acceptandum.
612 532 815 570 Recepimus
838 532 976 570 insuper
1006 541 1023 561 a
1051 531 1179 570 prefato
1202 531 1339 561 domino

330 584 464 616 Urbano
484 593 580 622 papa,
604 584 677 614 vive
694 584 785 613 vocis
802 584 948 619 oraculo,
969 584 1203 614 auctoritatem
1219 586 1251 614 et
1266 592 1339 622 spe-

329 638 412 667 ciale
423 638 616 667 mandatum
629 638 880 676 pronuntiandi,
899 637 1138 673 stultentizuidi,
1151 637 1337 667 arbitrandi

329 693 359 720 et
387 691 563 720 ordinandi
583 699 685 729 snper
705 690 866 720 beneficio
886 691 1034 729 predicto
1066 692 1097 720 et
1124 691 1163 720 de
1189 699 1291 720 causa
1308 691 1339 720 et

328 744 503 782 questione
529 744 719 781 hujusmodi
738 744 825 774 inter
842 746 954 782 partes
977 743 1158 782 predictas,
1177 744 1263 773 sieut
1282 752 1338 773 no-

328 797 379 827 bis
401 798 584 835 expediens
612 798 792 827 videi-(dur.
813 798 884 827 Nos
903 797 1016 836 igitur,
1048 797 1142 833 visis,
1164 796 1289 826 :uiditis
1307 797 1339 827 et
1367 809 1369 826 t

328 850 510 880 intellectis
520 850 677 880 omnibns
688 853 718 880 et
733 850 877 889 singulis
892 859 955 889 que
973 851 1044 889 ipse
1056 852 1169 889 partes
1179 849 1338 880 exhibere
1367 878 1369 887 ⁴

328 912 438 933 corani
455 903 551 933 mihis
565 907 593 933 et
609 912 794 942 proponere
811 903 1001 939 voluerunt,
1020 905 1048 933 et
1061 903 1159 941 plena
1175 903 1338 933 delibera·
1368 938 1369 941 Ἴ

326 957 417 987 tione
436 957 595 987 adbibita.
621 959 689 987 tam
712 957 893 995 judiciaria
911 966 1012 995 quam
1032 956 1212 987 arbitraria
1231 958 1338 995 potes·
1367 978 1368 983 ,

1367 1002 1369 1021 '¹
1399 1010 1535 1040 domino
1562 1010 1702 1041 Alberto
1721 1011 1834 1041 Azarii
1855 1011 1895 1041 de
1921 1012 2044 1041 Parina
2071 1011 2232 1041 advocato
2259 1011 2291 1041 in
2320 1011 2415 1041 curia

327 1011 406 1046 tate,
442 1011 641 1040 auctoritate
668 1018 802 1049 qnoque
836 1012 867 1040 et
895 1010 1053 1039 mamiato
1082 1009 1211 1040 domini
1239 1018 1335 1048 pape,

328 1065 363 1093 ut
387 1063 512 1093 dictum
533 1066 594 1099 est,
614 1063 758 1102 receptis
779 1072 795 1093 a
817 1063 925 1099 nobis,
944 1063 1160 1102 presentibus
1183 1062 1338 1102 partibus

328 1116 456 1146 scilicet
471 1117 632 1155 lin‘edirtis
650 1117 834 1147 Guillelmo
856 1117 1003 1147 Crivello
1024 1126 1082 1155 pro
1101 1125 1136 1147 se
1154 1118 1185 1147 et
1204 1117 1337 1147 Bonita·
1367 1140 1368 1143 ,

327 1170 385 1206 tio,
406 1172 621 1208 procuratore
641 1171 800 1200 antedicti
825 1170 979 1207 Arnoldi,
1000 1179 1059 1209 pro
1080 1171 1153 1209 ipso
1173 1170 1335 1206 Arnold0‚

327 1225 549 1254 memoratum
567 1223 778 1259 beneficium,
797 1224 886 1262 quod
900 1223 933 1253 in
943 1224 1085 1254 ecclesia
1102 1223 1209 1253 sancti
1226 1223 1336 1253 Victo-

326 1277 373 1306 ris
392 1277 541 1316 predicta
566 1277 692 1307 vacavit
711 1286 770 1315 per
792 1278 932 1307 mortem
953 1277 1108 1307 Prevosti
1128 1277 1334 1315 Cagatoxici,
1366 1302 1367 1312 2

326 1330 414 1360 dicto
430 1330 613 1360 (luillelmo
630 1330 777 1360 (trivello
792 1330 1038 1360 sententialiter
1056 1330 1290 1368 adjudicamus
1305 1331 1336 1360 et

327 1383 438 1421 ipsum
465 1383 662 1413 beneficium
687 1383 726 1412 ad
753 1383 894 1413 eundem
920 1383 1141 1413 Guillelmum
1166 1383 1335 1421 pertinere
1366 1398 1367 1419 ;

326 1445 383 1474 per
400 1437 602 1466 sententiani
621 1436 843 1466 declaramus.
864 1436 993 1474 prefato
1018 1436 1198 1471 Bonifatio,
1221 1444 1338 1473 procu-

325 1490 450 1519 ratorio
476 1490 609 1519 nomine
629 1498 687 1527 pro
709 1489 797 1519 dicto
819 1489 980 1522 Arnoldo,
1001 1491 1031 1518 et
1051 1497 1109 1527 per
1131 1489 1243 1527 ipsum
1264 1497 1337 1527 pro-

324 1544 512 1572 curatorem
527 1542 749 1580 ilsvsiArnoldo
760 1545 958 1580 perpetuum
974 1542 1148 1572 silentium
1162 1542 1336 1580 imponen-
1366 1554 1367 1577 1

1366 1585 1367 1624 J
1398 1595 1688 1633 L’rbemveterem,
1704 1606 1749 1626 xn
1770 1597 1934 1627 kalendas
1946 1597 2105 1636 januarii,
2120 1606 2206 1627 anno
2222 1597 2334 1627 tertio.
2357 1607 2371 1623 n

324 1648 364 1679 ab
383 1649 592 1687 impetitione
611 1649 691 1678 dicti
710 1649 850 1678 Arnoldi
876 1657 976 1687 super
990 1649 1064 1687 ipso
1082 1648 1245 1679 beneficio
1263 1657 1336 1679 sen·
1365 1680 1367 1690 ¹

324 1597 373 1625 tes
392 1604 493 1634 super
508 1595 670 1625 beneficio
690 1597 888 1631 memorato,
909 1595 1088 1634 ipsumque
1110 1595 1334 1626 Guillelmum

323 1702 508 1732 tentialiter
524 1702 749 1732 absolventes.

363 1766 377 1783 «
403 1755 593 1786 Arbitraria
610 1764 687 1785 vero
704 1757 868 1794 potestate
882 1758 911 1786 et
930 1755 1081 1794 predicta
1101 1755 1228 1785 domini
1250 1763 1334 1794 pape

323 1809 532 1845 auctoritate,
545 1808 760 1843 arbitramur,
774 1809 981 1847 precipimus
992 1810 1023 1839 et
1034 1808 1231 1838 ordinamus
1244 1809 1333 1847 quod

322 1862 474 1900 prefatus
493 1862 665 1892 Arnoldus
682 1861 801 1891 habeat
817 1864 847 1892 et
866 1862 1030 1900 percipiat
1045 1863 1077 1891 et
1090 1862 1262 1900 percipere
1281 1861 1335 1891 de·

322 1914 398 1945 beat
427 1915 545 1953 viginti
572 1915 702 1945 modios
726 1915 872 1945 mixture
899 1915 938 1945 de
966 1914 1154 1945 redditibus
1181 1915 1333 1953 ejusdem

322 1967 489 2003 beneficii,
509 1969 606 1998 annis
627 1968 772 2007 singulis
787 1977 804 1997 a
822 1970 972 2006 tempore
988 1977 1052 2006 «pio
1070 1968 1196 1998 dictum
1210 1967 1333 1997 benefi-

322 2021 409 2051 cium
432 2022 561 2051 vas-avit
581 2030 638 2059 per
658 2023 799 2051 mortem
818 2021 939 2059 prefati
963 2021 1117 2051 Prevosti
1142 2023 1173 2051 et
1194 2021 1227 2050 in
1246 2021 1333 2050 futu-

323 2083 408 2109 rum,
440 2074 659 2113 quoadusque
688 2074 776 2103 idem
805 2074 976 2104 ⁴&rnoldus
1013 2074 1104 2103 aliud
1131 2073 1331 2104 beneficium

322 2136 405 2166 eque
428 2127 551 2157 bonnm
569 2128 618 2157 vel
646 2127 768 2157 melius
788 2127 819 2156 in
839 2128 927 2157 dieta
947 2127 1089 2157 ecclesia
1110 2127 1161 2157 vel
1186 2127 1278 2163 alibi,
1297 2127 1331 2157 in

321 2181 455 2211 civitate
469 2181 725 2217 Mediolanensi,
738 2181 881 2219 adeptus
899 2180 1000 2210 fuerit
1011 2180 1147 2218 pacifice
1163 2182 1193 2210 et
1206 2181 1330 2219 quiete,

320 2243 381 2272 pro
404 2234 528 2273 quibus
546 2234 664 2271 viginti
693 2234 816 2264 modiis
835 2234 933 2263 annis
960 2234 1117 2273 singulis,
1147 2235 1181 2263 ut
1204 2234 1331 2264 dietum

320 2289 382 2323 est,
402 2288 629 2326 percipiendis
649 2287 689 2317 ab
711 2287 861 2317 Arnoldo
883 2287 1046 2326 predicto,
1071 2287 1278 2326 precipimus
1300 2289 1331 2317 et

320 2341 517 2371 ordinamus
545 2341 793 2380 possessiones,
818 2342 937 2370 terras,
962 2340 1048 2370 bona
1072 2342 1103 2371 et
1120 2341 1197 2379 jura
1222 2341 1331 2379 ipsius

320 2393 473 2424 beneficii
486 2394 633 2433 obligata
650 2402 724 2424 esse
737 2393 886 2424 Arnoldo
904 2393 1064 2432 predicto.
1085 2394 1192 2432 Super
1207 2402 1330 2432 expen-

321 2448 368 2478 sis
385 2450 495 2478 autem
523 2448 556 2478 111
579 2447 821 2486 suprascriptis
850 2447 978 2477 libellis
994 2447 1071 2477 hinc
1097 2447 1173 2477 inde
1200 2447 1328 2485 petitis,

319 2503 497 2540 utramque
515 2504 642 2540 partem
668 2501 881 2531 absolvimus
908 2502 939 2531 et
963 2502 1117 2531 neutram
1140 2502 1269 2540 partem
1286 2501 1331 2531 al-

319 2555 439 2586 terutri
457 2555 498 2584 ad
519 2563 575 2584 eas
591 2554 697 2585 teneri
717 2553 964 2584 sententialiter
986 2553 1186 2584 diffinimus.
1209 2554 1330 2585 Omnia

318 2616 397 2639 vero
422 2609 454 2638 et
477 2608 610 2646 singula
632 2607 864 2646 suprascripta
884 2607 1054 2644 volumus,
1077 2607 1278 2637 mandamus
1298 2610 1329 2637 et

319 2661 527 2696 ordinamus,
543 2661 797 2699 tamjudiciaria
811 2662 842 2691 et
859 2660 1037 2691 arbitraria
1050 2661 1214 2698 potestate
1228 2669 1328 2699 quam

320 2714 550 2754 suprascripta
580 2723 664 2752 pape
688 2714 898 2750 auctoritate,
928 2713 991 2743 sul)
1014 2722 1099 2752 pena
1125 2713 1156 2743 in
1179 2722 1330 2752 compro-

319 2767 425 2798 misso
443 2767 609 2805 apposita,
629 2768 724 2796 tirma
739 2768 769 2796 et
786 2766 916 2796 illibata
928 2768 1090 2805 perpetuo
1105 2768 1137 2796 et
1151 2766 1327 2805 irrefraga-
1358 2796 1359 2800 ,

319 2819 432 2851 biliter
455 2819 638 2849 observari.
659 2820 696 2849 In
711 2829 854 2858 quorum
871 2819 1022 2849 omnium
1045 2819 1277 2850 testimonium
1297 2822 1328 2850 et
1359 2848 1360 2851 ,

319 2874 514 2912 perpetuam
536 2873 730 2903 firmitatem
756 2874 932 2911 presentes
963 2873 1095 2903 litteras
1125 2881 1184 2912 per
1208 2872 1329 2903 infras-

319 2926 464 2965 criptum
481 2926 649 2956 notarium
669 2928 819 2956 nostrum
837 2926 907 2956 lieri
923 2927 953 2956 et
972 2925 1136 2964 publicari
1155 2926 1327 2956 mandavi-

1404 328 1490 354 mus,
1506 328 1630 358 easque
1647 319 1789 350 fecimus
1805 321 1914 350 nostri
1929 321 2033 360 sigilli
2048 322 2236 352 munimine
2250 322 2413 354 roborari.

1402 372 1485 402 Lata
1502 375 1551 403 est
1568 373 1937 407 sententia‚arbitrium
1951 376 1982 404 et
1997 374 2164 404 ordinatio
2184 376 2417 414 suprascripta

1401 434 1461 464 per
1477 425 1705 456 venerabilem
1722 428 1853 465 patrem
1874 427 2048 457 dominum
2067 427 2284 464 Ottobonum,
2307 430 2415 459 sancti

1402 478 1543 508 Adriani
1573 479 1751 509 diaconum
1775 479 1992 511 cardinalem.
2019 481 2237 519 presentibus
2260 481 2416 520 partibus

1402 531 1531 562 scilicet
1555 531 1740 562 Guillelmo
1767 532 1928 569 Crivello,
1958 542 2017 572 pro
2046 542 2093 568 se,
2121 535 2152 564 et
2182 534 2351 565 Bonifatio
2375 534 2415 565 de

1400 584 1531 623 Uglona
1551 585 1620 623 (sic)
1640 588 1858 624 procuratore
1883 586 2027 616 Arnoldi
2052 586 2217 626 Maynerii
2251 595 2310 626 pro
2342 587 2415 625 ipso

1399 638 1561 674 Arnoldo,
1587 639 1674 678 apud
1698 638 1987 675 Urbemveterem,
2015 640 2047 669 in
2074 640 2221 678 hospitio
2250 640 2330 670 dicti
2358 640 2414 670 do-

1400 691 1483 720 mini
1495 692 1690 728 cardinalis,
1706 700 1792 722 anno
1809 693 2014 722 anativitate
2029 693 2165 723 Domini
2179 693 2414 729 MCQLXIH,

1399 752 1457 773 vni
1482 744 1645 774 kalendas
1672 745 1873 781 decembris,
1896 746 2113 785 pontificatus
2134 746 2262 775 domini
2284 745 2414 776 L'rbani

1399 805 1484 835 pape
1503 798 1579 834 IIII,
1608 806 1694 828 anno
1725 799 1837 835 tertio,
1861 798 2078 837 presentibus
2107 799 2292 829 venerabili
2321 802 2415 837 patre

1399 850 1535 880 domino
1551 850 1763 890 Bonjohanne
1775 851 1947 882 Laudensi
1960 852 2130 890 episcopo,
2145 852 2308 891 magistro
2321 851 2415 883 Guil-

1398 903 1500 933 lelmo
1523 903 1563 934 de
1581 904 1750 943 Spectinis
1772 905 1898 935 decano
1924 905 2143 935 Antiocheno.
2170 905 2344 944 BeraJrjdo
2373 904 2414 936 de

1398 957 1698 987 Podio-Bustionis
1729 958 1927 997 cappellano
1957 959 2035 988 dicti
2063 959 2190 988 domini
2217 958 2414 994 cardinalis,

1398 1064 1552 1094 Romana
1569 1065 1600 1094 et
1617 1064 1694 1094 aliis
1708 1064 1854 1094 testibus
1870 1065 2007 1095 vocatis.
2029 1065 2067 1095 Et
2088 1065 2120 1094 in
2137 1065 2323 1095 continenti
2340 1073 2414 1103 pre-

1400 1116 1457 1146 fati
1478 1117 1685 1147 Guillelmus
1695 1120 1725 1148 et
1743 1118 1936 1148 Bonifatius
1948 1118 2219 1157 suprascriptum
2233 1117 2413 1148 arbitrium

1398 1170 1685 1209 emologaverunt,
1704 1172 1735 1200 et
1762 1171 2009 1201 ordinationem
2027 1172 2058 1200 et
2078 1171 2281 1201 sententiam
2301 1179 2413 1209 accep-

1398 1224 1522 1254 tarunt.
1535 1224 1576 1254 Et
1587 1232 1658 1262 ego,
1670 1224 1832 1263 magister
1845 1224 2105 1254 Bartholomeus
2117 1223 2156 1254 de
2170 1224 2288 1263 Regio,
2298 1225 2414 1254 sancte

1398 1277 1582 1315 apostolice
1594 1277 1686 1306 sedis
1696 1277 1895 1307 auctoritate
1911 1277 2075 1313 notarius,
2092 1277 2323 1316 suprascripte
2340 1285 2414 1307 sen-

1398 1330 1501 1359 tentie
1532 1329 1663 1360 arbitrii
1690 1332 1721 1360 et
1747 1331 1972 1361 ordinationis
1999 1331 2118 1361 lationi
2147 1330 2286 1360 interfui
2310 1332 2342 1361 et
2372 1330 2413 1361 de

1398 1383 1555 1413 mamiato
1574 1383 1695 1422 prefati
1718 1384 1846 1414 domini
1869 1384 2064 1419 cardinalis,
2083 1386 2257 1422 presentes
2279 1383 2413 1414 litteras

1366 1431 1367 1444 ³
1399 1436 1519 1475 scripsi
1539 1438 1568 1466 et
1590 1437 1623 1466 111
1640 1436 1812 1476 publicam
1835 1437 1977 1467 formam
2000 1438 2064 1468 mei
2086 1437 2172 1476 signi
2193 1437 2411 1467 annotatione

1398 1489 1523 1528 redegi.
1546 1500 1560 1518 »

1438 1542 1534 1572 Nulli
1551 1552 1629 1582 ergo
1649 1544 1764 1574 nostre
1787 1544 2056 1574 confirmationis
2086 1546 2148 1574 etc.
2179 1543 2305 1574 Datum
2324 1543 2414 1583 apud

1485 1796 1559 1827 970

1957 1796 2082 1830 Orvieto,
2101 1798 2116 1823 5
2128 1796 2242 1831 janvier
2259 1797 2335 1824 1264.

1432 1879 1598 1914 Praeposito
1612 1879 1750 1906 ecclesiae
1764 1881 1798 1906 de
1812 1880 1926 1911 Alliate,
1946 1881 2166 1908 Mediolanensis
2178 1881 2313 1916 diocesis,
2331 1890 2413 1909 man·

1394 1928 1441 1954 dat
1461 1930 1601 1962 quatenus
1622 1929 1798 1963 praedictam
1817 1929 2004 1962 senteutiam,
2025 1931 2051 1956 in
2074 1938 2106 1957 eo
2120 1931 2194 1965 quod
2215 1939 2264 1965 pro
2283 1931 2407 1959 Arnoldo

1393 1976 1472 2008 facit,
1488 1978 1647 2004 executioni
1663 1978 1829 2005 demandet.
1854 1979 1932 2011 (Res.
1951 1979 1995 2011 29,
2014 1978 2034 2005 ΓΟ
2053 1980 2083 2006 12
2100 1983 2142 2009 νο,
2160 1985 2190 2006 n⁰
2210 1980 2264 2007 18.)

1434 2095 1448 2112 11
1479 2084 1636 2123 l’reposilo
1663 2084 1831 2114 ρει-1831131111
1850 2084 1979 2120 Alliam
2007 2084 2238 2115 illediolanensis
2265 2086 2405 2118 diocesis.

1394 2137 1553 2167 Exhibita
1570 2136 1667 2166 nobis
1684 2136 1798 2166 dilecti
1810 2154 1856 2166 —.
1872 2136 1995 2166 Datum
2014 2137 2101 2176 apud
2115 2137 2406 2174 L'rbeniveterem,

1394 2190 1492 2221 nonis
1506 2190 1667 2228 januarii,
1687 2199 1775 2220 anno
1792 2190 1903 2220 tertio.
1926 2201 1939 2217 n

1481 2368 1549 2397 971

1937 2366 2061 2397 Orvieto,
2078 2367 2112 2394 23
2127 2366 2240 2402 janvier
2254 2367 2334 2394 1:364.

1428 2449 1599 2484 Episcopum
1616 2449 1878 2476 Barchinonensem
1895 2459 1910 2476 a
1925 2450 2070 2477 sententia
2080 2450 2276 2486 suspensionis
2293 2451 2321 2478 in
2338 2459 2405 2479 eum

1393 2498 1480 2525 latam
1497 2498 1630 2525 absolvit*
1647 2499 1727 2533 (Bao.
1742 2500 1786 2532 29,
1809 2498 1858 2527 fol.
1879 2499 1911 2526 12
1924 2503 1964 2530 v⁰‚
1981 2504 2010 2525 n³
2024 2500 2079 2526 19.»

1432 2619 1445 2634 11
1465 2606 1622 2646 Episcopo
1639 2606 1892 2637 lim-chinonensi.
1912 2608 1996 2637 Cum
2017 2616 2033 2637 a
2053 2607 2150 2638 nobis
2171 2625 2218 2637 —-.
2238 2609 2405 2640 Tenorem

1359 2681 1360 2688 1
1391 2662 1502 2690 autem
1527 2660 1718 2690 litterarum
1747 2661 1898 2699 ipsarum
1925 2661 1964 2690 de
1990 2660 2092 2691 verbo
2117 2661 2311 2693 adverbum
2330 2669 2404 2701 pre-

1391 2713 1544 2743 sentibus
1561 2713 1702 2744 fecimus
1721 2714 1886 2749 annotari,
1906 2714 1962 2752 qui
1981 2714 2060 2744 talis
2081 2717 2130 2744 est
2150 2726 2154 2744 :

1431 2779 1444 2794 11
1477 2765 1645 2796 Venerabili
1665 2767 1695 2796 ίη
1714 2766 1930 2806 Christopatri
1946 2790 1966 2796 ..
1984 2766 2153 2805 θείῳ-(11111
2166 2767 2405 2798 Barchinonensi

1390 2821 1542 2859 episcope,
1564 2818 1703 2855 [bet-tus,
1722 2820 1916 2849 miseratione
1931 2819 2033 2849 divina
2048 2821 2145 2849 saticti
2157 2820 2320 2851 Eustachii
2336 2820 2404 2851 dia-

1390 2883 1480 2902 conus
1497 2872 1673 2909 cardinalis,
1693 2872 1819 2902 salutem
1844 2873 1873 2902 in
1899 2872 2040 2903 Domino.
2055 2873 2189 2904 Pei-lato
2207 2874 2248 2904 ad
2265 2873 2403 2905 audieu-

1389 2927 1470 2957 tiam
1483 2926 1690 2957 sanctissimi
1701 2927 1808 2965 patris
1819 2926 1946 2956 domini
1958 2927 2063 2957 nostri
2080 2926 2207 2957 Urbani
2223 2935 2308 2966 pape
2320 2926 2398 2965 1111,
