2547 3289
209 208 266 238 128

246 287 285 317 In
316 285 459 315 eundem
492 283 626 312 modum
654 305 660 311 .
689 304 695 310 .
722 278 974 316 archiepiscopo
1008 275 1216 314 Compostel-

205 340 294 370 lano.

246 397 283 426 In
302 393 603 425 eundem'modum
624 390 768 429 singulis
787 397 902 419 eorum
922 386 1155 425 suffraganeis.

296 583 369 614 460
765 576 890 608 Orvieto,
902 577 936 603 28
950 575 1045 611 juillet
1070 575 1144 602 ¹262.

241 662 278 688 Dc
295 660 496 696 procuratione
511 659 603 685 fienda
625 658 765 692 magistro
783 656 904 691 Synttio,
922 655 957 681 ad
974 657 1068 689 partes
1088 653 1219 681 Callialo-

206 710 281 742 niae,
298 709 451 736 flasconi-ac
469 711 497 735 ot,
517 716 606 742 regna
624 706 863 741 llispauiaruinet
881 705 1047 738 Aragonum
1063 704 1218 729 destinato.

207 760 286 794 (REG.
308 760 350 789 27,
371 758 418 785 sol.
440 759 482 784 13¹
500 762 536 788 ΥΩ,
555 762 584 782 n⁰
606 757 641 789 1.)

247 870 263 889 α
294 885 300 890 ,
321 884 326 889 .
349 857 588 897 archiepiscopis
607 860 633 885 et
652 855 803 895 episcopis
820 864 854 883 ac
868 853 989 883 dilectis
1006 852 1082 891 filiis
1106 853 1218 889 electis,

206 911 376 947 abbatibus,
406 909 573 950 prioribus,
605 908 740 944 decanis,
776 906 1011 939 arrliidiuconz‘S,
1039 906 1219 945 prepositis,

207 964 406 1005 οβ’βοῐηίὶύιιε,
433 963 609 998 rer-loribus,
637 959 919 1001 archipresbyteris,
944 959 1084 999 plebanis
1107 963 1132 988 et
1152 958 1222 988 aliis

207 1017 399 1048 ecclesiarum
424 1015 553 1055 prelatis
580 1019 606 1044 et
642 1014 760 1043 clericis
784 1023 820 1042 ac
847 1012 1059 1042 ecclesiasticis
1084 1011 1222 1051 personis

206 1071 357 1110 rquiosis
370 1074 397 1099 et
415 1069 485 1099 aliis
500 1077 661 1107 earumque
679 1066 823 1107 capitulis
835 1071 861 1095 ct
877 1065 1082 1101 conventibus,
1100 1074 1221 1104 eremp-

208 1125 246 1154 tis
257 1129 285 1154 et
301 1134 359 1153 non
377 1121 534 1162 exemptis5
551 1120 771 1154 CisMrciensis,
782 1119 1084 1152 Premomli-atensis,
1099 1118 1221 1148 Clunia-

207 1177 314 1213 censis,
332 1176 440 1206 Sancti
456 1174 623 1210 Benedicti,
643 1173 752 1203 Sancti
772 1173 937 1211 Auqustini
954 1177 981 1201 ct
995 1171 1124 1201 aliorum
1140 1171 1220 1200 ordi-

206 1241 289 1267 num,
304 1239 417 1259 necnon
433 1228 597 1267 magistris,
614 1226 842 1267 preceptoribus
857 1230 884 1255 ct
896 1224 1050 1264 fratribus
1065 1223 1221 1254 domorum

206 1283 321 1314 Mittere
347 1281 474 1321 Templi,
493 1279 664 1320 Hospitalis
679 1280 787 1309 Sancti
802 1278 952 1308 Johnnnis
967 1277 1219 1312 jerosolimitani,

207 1336 321 1366 Militia
339 1335 449 1364 Sancti
466 1333 574 1363 ,lacobi
592 1332 754 1367 (lemensis,
775 1331 1011 1368 calatravensis,
1032 1328 1221 1360 Hoscideval-

212 1389 301 1419 Iensis
318 1393 344 1418 et
373 1388 484 1418 Sancte
508 1386 603 1415 Mai-ie
624 1385 885 1420 Theotonicorum,
904 1383 944 1414 ad
960 1393 1031 1424 quos
1051 1383 1152 1412 littere
1169 1383 1222 1412 iste

202 1441 403 1482 pervenerint
430 1439 569 1473 salacem,
594 1443 649 1469 etc.
673 1438 757 1468 Cum
778 1437 939 1467 dilectum
962 1436 1070 1466 filium
1098 1436 1222 1475 magis-

207 1497 297 1526 trum
314 1493 497 1532 Synitium,
517 1500 647 1522 camere
663 1491 777 1520 nostre
793 1489 965 1523 clericum,
982 1489 1022 1519 de
1035 1489 1129 1527 cujus
1145 1490 1223 1519 nota

208 1547 307 1578 nohis
337 1548 368 1577 et
395 1545 557 1576 fratribus
588 1544 714 1574 nostris
744 1543 807 1573 fide
836 1551 872 1573 ac
896 1542 1099 1572 discretIone
1125 1542 1222 1580 plene

208 1600 409 1632 confidimus
439 1599 480 1629 ad
504 1597 719 1636 Ispaniarum
749 1598 781 1626 et
809 1597 1002 1634 Aragonum
1037 1604 1150 1634 regna,
1187 1604 1223 1625 ac

208 1653 405 1685 Cathalonie
429 1653 460 1682 et
483 1650 672 1682 Guasconie
696 1659 731 1679 ac
750 1648 1072 1687 circumadjacentes
1095 1649 1221 1686 partes,

206 1715 336 1737 necnon
351 1705 392 1735 ad
412 1704 697 1743 Burdegalensem
712 1704 744 1733 et
756 1701 1013 1733 Narbonensem
1029 1701 1223 1740 provincias

207 1768 268 1799 pro
287 1758 491 1798 quibusdam
508 1757 650 1788 ecclesie
668 1757 818 1787 Romane
835 1755 980 1794 negotiis
998 1755 1221 1791 destinemus,

207 1812 466 1842 universitatem
492 1812 640 1840 vestram
666 1817 837 1848 rogamus,
859 1816 1038 1838 monemus
1063 1810 1094 1838 et
1116 1807 1224 1837 horta-

207 1874 284 1895 mur
302 1866 426 1895 attente
456 1872 515 1903 per
540 1862 727 1902 apostolica
745 1861 842 1892 vobis
861 1861 988 1899 scripta
1005 1860 1223 1899 precipiendo

207 1919 420 1953 mandantes,
439 1917 599 1956 quatinus
620 1916 745 1946 dictum
766 1914 965 1953 magistrum
987 1922 1061 1944 cum
1081 1915 1224 1952 quatuor

208 1971 413 2010 equitaturis
435 1971 465 2000 et
491 1978 551 1999 sex
577 1969 629 1999 vel
648 1969 776 2007 septem
800 1967 969 2005 personis,
995 1966 1223 1996 familiaribus

209 2024 292 2060 suis,
322 2033 396 2053 cum
420 2032 478 2061 per
498 2031 558 2052 vos
575 2021 627 2051 vel
652 2021 725 2051 loca
749 2022 861 2050 vestra
884 2019 1065 2050 transitum
1095 2019 1220 2055 fecerit,

208 2086 269 2116 pro
301 2078 416 2106 nostra
447 2077 477 2106 et
513 2074 697 2114 apostolice
722 2073 814 2103 sedis
848 2072 1047 2108 reverentia,
1079 2071 1223 2110 benigne

208 2130 411 2168 recipientes
430 2130 461 2159 et
483 2128 623 2158 honeste
642 2127 824 2157 tractantes
841 2125 997 2162 eundem,
1023 2124 1088 2154 sibi
1108 2124 1147 2154 de
1169 2133 1222 2155 ne-

208 2183 368 2213 cessariis
391 2182 462 2212 suis
483 2181 534 2211 vel
559 2190 619 2219 pro
638 2180 700 2215 eis,
717 2179 745 2209 si
764 2179 865 2215 idem,
885 2178 949 2208 loci
977 2180 1033 2208 aut
1058 2178 1223 2216 temporis

208 2236 371 2275 qualitate
387 2235 561 2270 suadente,
578 2232 749 2269 maluerit,
769 2232 802 2261 in
818 2231 936 2270 viginti
953 2233 1081 2269 septem
1101 2230 1222 2261 solidis

205 2289 443 2319 turonensium
464 2287 615 2326 quolibet
635 2286 687 2316 die
714 2294 842 2315 necnon
863 2285 902 2315 de
919 2293 1036 2315 securo
1056 2284 1221 2315 conductu

207 2342 242 2372 in
260 2342 381 2375 eundo,
398 2340 569 2374 morando,
585 2341 617 2370 et
632 2339 801 2370 redeundo
816 2338 970 2368 decenter
985 2346 1021 2367 ac
1034 2337 1222 2367 liberaliter

207 2395 385 2434 providere
404 2394 540 2423 curetis.
559 2393 593 2423 Si
612 2394 723 2422 autem
741 2391 884 2421 eundem
904 2391 1105 2429 magistrum
1125 2399 1221 2428 opor-

206 2448 309 2478 tuerit
327 2447 492 2486 inquovis
511 2447 582 2476 loco
603 2454 730 2475 morani
752 2444 860 2474 facere
878 2443 1078 2482 longiorem,
1101 2452 1140 2472 ne
1157 2443 1220 2473 loci

205 2501 301 2531 illius
328 2500 468 2530 ecclesie
496 2508 556 2538 pro
580 2498 689 2537 ipsius
710 2500 741 2529 et⁴
763 2506 901 2527 suornm
921 2496 1125 2527 necessariis
1143 2496 1220 2535 plus

205 2562 352 2593 congruo
381 2554 615 2592 aggraventur,
636 2551 687 2581 vol
710 2551 783 2589 ipse
804 2551 942 2589 cogatur
965 2549 1132 2579 sustinere
1154 2549 1219 2579 dis-

205 2607 367 2646 pendium
382 2608 437 2636 aut
453 2606 632 2640 detectum,
648 2604 780 2643 singule
792 2603 931 2634 ecclesie
949 2602 1013 2633 alic
1030 2602 1218 2632 vicinorum

205 2659 357 2690 locorum
386 2660 442 2689 aut
467 2658 723 2697 episcopatuum
743 2656 806 2687 sibi
827 2658 1005 2695 procurent
1025 2664 1085 2694 pro
1105 2655 1219 2693 liujus-

204 2712 296 2742 modi
314 2712 518 2742 necessariis
542 2711 575 2741 in
599 2711 776 2749 pretaxata
796 2718 929 2739 summa
951 2708 1092 2748 pecunie
1110 2709 1218 2747 provi-

205 2765 294 2802 dere,
318 2774 393 2795 cnm
424 2764 464 2795 ab
490 2765 563 2803 ipso
588 2763 713 2794 suerint
738 2762 913 2802 requisito,
934 2762 980 2792 ita
1005 2761 1094 2800 quod
1118 2761 1219 2792 unius

205 2817 367 2857 cujusque
387 2818 455 2848 diei
483 2816 675 2856 procuratio
699 2824 867 2846 summam
885 2814 1072 2854 predictam
1097 2815 1127 2844 et
1146 2823 1219 2853 pro-

1025 193 1249 226 REGisTRE
1272 185 1486 224 CAMERAL

1279 275 1335 304 nia
1352 283 1531 304 numerum
1545 274 1677 304 dierum
1689 274 1813 313 quibus
1824 283 1955 305 moram
1967 277 2023 305 aut
2039 275 2102 306 iter
2117 275 2207 309 fecit,
2226 283 2293 305 non

1279 327 1430 358 excedat.
1454 327 1495 358 Et
1525 336 1565 358 ne
1592 328 1664 366 ipse
1689 327 1779 358 ultra
1805 327 1859 357 vel
1881 330 1992 366 preter
2016 328 2061 364 id,
2081 336 2292 367 quocumque

1279 382 1436 420 pretextu
1453 381 1505 411 vel
1522 381 1633 417 modo,
1652 380 1834 419 quicquam
1851 380 1886 410 in
1906 381 2049 419 pecunia
2066 381 2119 411 vel
2139 380 2292 411 vestibus

1279 442 1339 464 seu
1358 433 1459 464 rebus
1482 433 1693 473 quibuslibet
1713 433 1827 472 exigat
1851 434 1909 463 aut
1926 433 2067 472 recipiat
2092 443 2110 464 a
2134 442 2294 473 quocum-

1280 496 1357 526 que,
1375 489 1432 518 aut
1449 487 1515 517 sibi
1535 487 1588 517 vel
1615 487 1718 517 alicui
1741 486 1963 517 familiarium
1982 486 2055 525 ejus
2072 495 2131 517 seu
2149 486 2208 516 alii
2233 494 2293 525 pro

1279 539 1355 578 ipso
1382 540 1434 570 vel
1461 549 1521 579 pro
1553 540 1613 577 eis,
1643 541 1699 570 aut
1725 548 1843 570 eorum
1870 548 2083 578 quocumque
2110 539 2292 578 quicquam

1280 592 1378 623 detur
1394 593 1435 623 ab
1451 593 1565 633 aliquo
1581 595 1636 624 aut
1661 593 1763 624 etlam
1781 593 1844 623 sub
1860 602 1920 632 spe
1951 593 2152 632 cujusquam
2178 601 2294 623 mune-

1281 646 1330 675 ris
1347 647 1517 681 offeratur,
1530 647 1719 677 districtius
1731 646 1935 681 inhibemus,
1955 647 2022 677 nisi
2038 647 2154 676 forsan
2168 646 2294 676 contin-

1280 701 1373 738 geret
1386 699 1534 738 aliquam
1553 699 1594 729 de
1610 700 1760 738 predicto
1775 699 2045 738 equitaturarum
2064 699 2137 738 ejus
2155 708 2294 729 numero

1282 751 1396 790 aliquo
1415 760 1495 782 casu
1508 752 1650 783 deficere
1668 753 1719 783 vel
1735 752 1978 792 impedimento
1995 753 2101 782 teneri
2118 754 2149 782 et
2167 755 2245 782 tunc
2262 752 2296 782 in

1281 804 1477 843 hujusmodi
1503 806 1716 842 necessitate,
1755 806 1822 836 sibi
1852 807 2032 836 teneantur
2062 806 2120 844 qui
2150 805 2191 835 ab
2222 806 2296 844 ipso

1282 858 1441 897 requisiti
1472 858 1609 894 fuerint,
1630 858 1669 888 de
1704 859 1942 897 supplemento
1971 867 2116 897 congruo
2144 858 2296 897 ejusdem

1282 911 1414 941 numeri
1443 911 1516 941 sine
1542 911 1741 942 difficultate
1758 911 1909 950 qualibet
1939 911 2132 947 subvenire,
2161 922 2197 941 ac
2223 912 2297 950 ipse

1282 964 1444 1003 magister
1467 963 1681 994 subvenienti
1711 964 1824 995 taliter
1848 973 1928 995 suas
1952 965 2125 1003 impendat
2146 966 2298 1003 patentes

1282 1017 1424 1054 litteras,
1454 1025 1514 1055 per
1532 1026 1616 1056 quas
1643 1019 1803 1056 appareat
1832 1026 1910 1048 eum
1933 1018 2161 1057 equitaturam
2184 1017 2299 1056 hujus—

1283 1071 1373 1100 modi
1387 1071 1567 1109 recepisse.
1583 1070 1680 1100 Alias
1693 1072 1817 1106 autem,
1829 1071 1887 1109 qui
1899 1072 2087 1110 requisitus
2103 1071 2203 1101 suerit
2217 1071 2297 1101 dare

1283 1123 1348 1153 sibi
1363 1124 1590 1162 equitaturam
1605 1123 1812 1162 hujusmodi,
1828 1124 2142 1154 minimeteneatur.
2159 1124 2298 1163 Precep—

1282 1169 1354 1207 tum
1381 1179 1533 1207 nostrum
1550 1177 1664 1207 taliter
1688 1177 1863 1215 impleturi
1889 1177 1979 1215 quod
2003 1177 2091 1206 idem
2121 1177 2295 1216 magister,

1283 1239 1358 1261 cum
1372 1230 1413 1259 ad
1423 1238 1483 1259 nos
1493 1230 1644 1266 redierit,
1660 1230 1699 1260 de
1714 1229 1811 1259 vobis
1821 1232 1916 1269 grata
1930 1229 2028 1259 nobis
2043 1230 2168 1260 referre
2186 1230 2296 1260 valeat

1283 1286 1313 1314 et
1353 1284 1498 1322 accepta,
1537 1286 1568 1313 et
1599 1292 1659 1313 nos
1696 1283 1910 1313 devotionem
1942 1284 2091 1313 vestram
2112 1284 2297 1321 possimus

1283 1337 1405 1367 exinde
1446 1336 1568 1366 merito
1596 1337 1843 1366 commendare.
1880 1336 2054 1375 Alioquin,
2095 1337 2297 1367 sententiam

1283 1399 1384 1429 quam
1398 1390 1470 1428 ipse
1482 1398 1541 1428 per
1556 1398 1591 1420 se
1606 1390 1657 1420 vel
1670 1390 1774 1419 alium
1789 1398 1849 1420 seu
1864 1389 1950 1420 alios
1960 1390 2075 1420 tulerit
2090 1389 2124 1419 in
2138 1389 2296 1427 rebelles,

1284 1445 1391 1474 ratam
1407 1442 1607 1473 habebimus
1625 1444 1656 1473 et
1668 1443 1831 1473 faciemus
1847 1451 1954 1482 usque
1967 1443 2007 1473 ad
2031 1442 2297 1473 satisfactionem

1284 1496 1497 1535 condignmn,
1516 1495 1742 1534 appellatione
1762 1498 1901 1533 remota,
1925 1495 2170 1526 inviolabiliter
2186 1495 2299 1526 obser-

1285 1550 1368 1580 vari.
1393 1550 1469 1580 Non
1486 1548 1699 1580 obstantibus
1714 1551 1776 1580 etc.
1796 1567 1832 1570 —-
1855 1550 1981 1579 Datum
2007 1549 2094 1588 apud
2115 1548 2298 1580 Urbemve-

1285 1606 1402 1640 terem,
1418 1613 1437 1632 v
1452 1603 1616 1633 kalendas
1630 1602 1778 1642 augusti,
1797 1611 1883 1633 anno
1901 1603 2013 1633 tertio.
2035 1613 2050 1631 »

1376 1794 1445 1825 461

1846 1791 1971 1823 Orviclo,
1991 1793 2023 1818 23
2036 1791 2129 1827 juillet
2151 1792 2227 1818 [ΞΜ.

1320 1873 1358 1899 De
1374 1872 1561 1907 pecuniarum
1576 1872 1698 1898 summis
1714 1880 1785 1906 quas
1800 1872 1942 1907 magister
1958 1873 2085 1907 Synitins
2099 1880 2184 1906 penes
2197 1871 2300 1899 infras-

1285 1922 1392 1956 criptos
1412 1921 1544 1955 deponet.
1567 1922 1646 1953 inse..
1664 1922 1709 1952 ⁶27,
1729 1921 1778 1947 t'ol.
1801 1923 1860 1952 ¹32,
1877 1925 1908 1947 n⁰
1928 1921 1967 1955 l.)

1325 2024 1342 2045 ((
1362 2041 1368 2046 .
1390 2037 1396 2044 .
1417 2015 1649 2054 archiepiscopis
1663 2019 1732 2051 cte.²
1753 2020 1783 2043 ut
1798 2015 1826 2043 in
1841 2015 1987 2054 prorima
2004 2015 2190 2055 precedenti.
2213 2015 2298 2046 Cum

1285 2069 1324 2098 de
1353 2068 1548 2098 sinceritate
1574 2068 1650 2098 fidei
1677 2076 1714 2097 ac
1743 2068 1960 2098 discretionis
1989 2069 2157 2098 industria
2183 2069 2298 2099 dilecti

1285 2122 1347 2152 tilii
1364 2122 1519 2161 magistri
1532 2121 1667 2160 Synitii,
1682 2130 1813 2151 camere
1832 2124 1945 2152 nostre
1965 2121 2090 2153 clerici.
2112 2121 2246 2160 plenam
2265 2121 2298 2151 in

1284 2175 1430 2206 Domino
1444 2175 1602 2204 fiduciam
1612 2174 1815 2209 obtinentes,
1831 2174 1930 2205 nobis
1945 2176 1975 2205 et
1991 2174 2133 2205 ecclesie
2146 2175 2298 2205 Romane

1284 2228 1397 2259 debita
1426 2237 1554 2258 necnon
1575 2227 1767 2258 subsidium
1786 2236 1846 2266 pro
1877 2237 1922 2258 ec«
1937 2228 2021 2258 lesia
2045 2228 2119 2266 ipsa
2142 2228 2175 2258 in
2195 2228 2301 2267 Yspa-

1283 2282 1418 2312 uiarum
1436 2283 1467 2312 et
1482 2281 1652 2320 Aragonie
1670 2281 1793 2320 regnis.
1814 2289 1850 2311 ac
1869 2281 2078 2314 Cathalonie,
2096 2281 2297 2317 Guasconie,

1283 2338 1313 2366 et
1352 2334 1714 2374 (-ircumadjacentil›us
1741 2333 1908 2373 partibuS,
1941 2343 2069 2364 necnon
2106 2334 2140 2364 in
2169 2333 2299 2364 Narbo-

1283 2389 1379 2419 nensi
1415 2390 1445 2418 et
1480 2387 1725 2427 Burdegaleusi
1758 2387 1944 2426 provinciis
1983 2387 2206 2417 sollicitudini
2237 2396 2298 2418 sue

1283 2441 1557 2472 commiserimus
1573 2441 1748 2479 exigenda,
1774 2440 2029 2471 universitatem
2045 2443 2195 2471 vestram
2207 2449 2300 2480 roga-

1283 2504 1370 2531 mus,
1398 2502 1577 2525 monemus
1604 2496 1635 2524 et
1666 2494 1840 2524 hortamur
1868 2495 1993 2524 attente
2020 2502 2080 2532 per
2111 2493 2298 2532 apostoliea

1281 2547 1379 2578 vobis
1398 2547 1524 2586 scripta
1545 2547 1742 2577 mandantes
1762 2547 1923 2585 quatinus
1947 2549 2106 2585 pecunias
2123 2555 2208 2585 quas
2224 2547 2299 2586 ipse

1282 2600 1322 2630 de
1337 2599 1516 2639 premissis
1534 2599 1671 2638 recipiet
1688 2601 1717 2629 et
1742 2598 1838 2629 vobis
1855 2608 1914 2638 per
1933 2608 1968 2629 se
1991 2599 2045 2629 vel
2063 2608 2143 2629 suos
2160 2599 2298 2630 nuntios

1249 2677 1251 2682 t
1282 2653 1492 2683 committere
1509 2652 1653 2682 voluerit
1674 2651 1941 2689 transferendas,
1968 2661 2028 2682 seu
2051 2652 2139 2691 apud
2163 2652 2297 2690 aliquos

1282 2708 1338 2737 aut
1356 2706 1505 2745 aliquem
1522 2708 1671 2736 vestrum
1690 2705 1869 2744 deponere,
1889 2707 2004 2735 nostro
2023 2707 2053 2735 et
2077 2705 2228 2744 ejusdem
2247 2713 2298 2735 ec-

1282 2759 1384 2790 clesie
1401 2759 1537 2789 nomine
1559 2758 1704 2789 fideliter
1722 2758 1983 2795 conservamlaS,
2004 2758 2077 2788 sine
2096 2757 2295 2789 difficultate

1282 2812 1430 2851 recipcre
1454 2821 1491 2842 ac
1517 2811 1647 2842 deferre
1670 2811 1703 2841 in
1729 2811 1890 2851 expensis
1910 2811 2057 2850 propriis
2079 2813 2109 2841 et
2128 2811 2295 2849 deponere

205 2870 415 2901 curationum
435 2878 596 2901 numerus
615 2870 685 2900 sive
705 2869 738 2899 in
756 2867 959 2899 victualibus
978 2867 1049 2897 sive
1072 2867 1105 2897 in
1122 2876 1219 2906 pecu-
1248 2857 1249 2868 ¹
1276 2866 1375 2906 juxta
1405 2865 1600 2896 mandatum
1633 2865 1743 2906 ipsius
1770 2864 1859 2904 apud
1880 2872 2049 2905 personas
2074 2866 2103 2894 et
2134 2863 2206 2894 loca
2230 2871 2299 2903 que
