<?xml version="1.0" encoding="UTF-8"?>
<!DOCTYPE html PUBLIC "-//W3C//DTD XHTML 1.0 Transitional//EN"
    "http://www.w3.org/TR/xhtml1/DTD/xhtml1-transitional.dtd">
<html xmlns="http://www.w3.org/1999/xhtml" xml:lang="en" lang="en">
 <head>
  <title>
</title>
<meta http-equiv="Content-Type" content="text/html;charset=utf-8" />
  <meta name='ocr-system' content='tesseract 3.04.00' />
  <meta name='ocr-capabilities' content='ocr_page ocr_carea ocr_par ocr_line ocrx_word'/>
</head>
<body>
  <div class='ocr_page' id='page_1' title='image "./lesregistresdurb12cath/lesregistresdurb12cath_0136.png"; bbox 0 0 2547 3289; ppageno 0'>
   <div class='ocr_carea' id='block_1_1' title="bbox 239 233 295 262">
    <p class='ocr_par' dir='ltr' id='par_1_1' title="bbox 239 233 295 262">
     <span class='ocr_line' id='line_1_1' title="bbox 239 233 295 262; baseline 0 0"><span class='ocrx_word' id='word_1_1' title='bbox 239 233 295 262; x_wconf 75' lang='lat'>120</span> 
     </span>
    </p>
   </div>
   <div class='ocr_carea' id='block_1_2' title="bbox 193 305 1246 2937">
    <p class='ocr_par' dir='ltr' id='par_1_2' title="bbox 193 305 1246 2937">
     <span class='ocr_line' id='line_1_2' title="bbox 238 305 1237 346; baseline -0.011 -1"><span class='ocrx_word' id='word_1_2' title='bbox 238 315 371 346; x_wconf 84' lang='lat' dir='ltr'>tandem</span> <span class='ocrx_word' id='word_1_3' title='bbox 384 314 470 342; x_wconf 76' lang='lat' dir='ltr'>viam</span> <span class='ocrx_word' id='word_1_4' title='bbox 484 311 639 341; x_wconf 84' lang='lat' dir='ltr'>universe</span> <span class='ocrx_word' id='word_1_5' title='bbox 656 309 766 338; x_wconf 84' lang='lat' dir='ltr'>carnis</span> <span class='ocrx_word' id='word_1_6' title='bbox 778 308 942 346; x_wconf 80' lang='lat' dir='ltr'>ingresso,</span> <span class='ocrx_word' id='word_1_7' title='bbox 962 306 1104 336; x_wconf 85' lang='lat' dir='ltr'>dilectus</span> <span class='ocrx_word' id='word_1_8' title='bbox 1121 305 1237 335; x_wconf 84' lang='lat' dir='ltr'>tilius..</span> 
     </span>
     <span class='ocr_line' id='line_1_3' title="bbox 240 357 1240 403; baseline -0.011 -6"><span class='ocrx_word' id='word_1_9' title='bbox 240 369 364 398; x_wconf 85' lang='lat' dir='ltr'>electus</span> <span class='ocrx_word' id='word_1_10' title='bbox 382 364 605 403; x_wconf 72' lang='lat' dir='ltr'>Agenncnsis,</span> <span class='ocrx_word' id='word_1_11' title='bbox 624 369 798 392; x_wconf 85' lang='lat' dir='ltr'>successor</span> <span class='ocrx_word' id='word_1_12' title='bbox 816 360 936 399; x_wconf 83' lang='lat' dir='ltr'>ipsius,</span> <span class='ocrx_word' id='word_1_13' title='bbox 967 358 1064 389; x_wconf 90' lang='lat' dir='ltr'>nobis</span> <span class='ocrx_word' id='word_1_14' title='bbox 1091 357 1240 387; x_wconf 86' lang='lat' dir='ltr'>liberali-</span> 
     </span>
     <span class='ocr_line' id='line_1_4' title="bbox 244 411 1239 453; baseline -0.01 -4"><span class='ocrx_word' id='word_1_15' title='bbox 244 422 294 450; x_wconf 86' lang='lat' dir='ltr'>ter</span> <span class='ocrx_word' id='word_1_16' title='bbox 323 418 547 448; x_wconf 78' lang='lat' dir='ltr'>instrumenta</span> <span class='ocrx_word' id='word_1_17' title='bbox 578 414 728 453; x_wconf 86' lang='lat' dir='ltr'>predicta</span> <span class='ocrx_word' id='word_1_18' title='bbox 750 412 951 443; x_wconf 75' lang='lat' dir='ltr'>transmisit.</span> <span class='ocrx_word' id='word_1_19' title='bbox 979 411 1065 446; x_wconf 84' lang='lat' dir='ltr'>Quia</span> <span class='ocrx_word' id='word_1_20' title='bbox 1083 419 1162 440; x_wconf 86' lang='lat' dir='ltr'>vero</span> <span class='ocrx_word' id='word_1_21' title='bbox 1191 412 1239 445; x_wconf 87' lang='lat' dir='ltr'>tu,</span> 
     </span>
     <span class='ocr_line' id='line_1_5' title="bbox 241 464 1240 511; baseline -0.01 -9"><span class='ocrx_word' id='word_1_22' title='bbox 241 472 389 511; x_wconf 84' lang='lat' dir='ltr'>predicte</span> <span class='ocrx_word' id='word_1_23' title='bbox 410 469 600 504; x_wconf 78' lang='lat' dir='ltr'>Francisce,</span> <span class='ocrx_word' id='word_1_24' title='bbox 623 470 679 497; x_wconf 89' lang='lat' dir='ltr'>tuo</span> <span class='ocrx_word' id='word_1_25' title='bbox 699 468 730 497; x_wconf 89' lang='lat' dir='ltr'>et</span> <span class='ocrx_word' id='word_1_26' title='bbox 748 467 916 496; x_wconf 88' lang='lat' dir='ltr'>sociorum</span> <span class='ocrx_word' id='word_1_27' title='bbox 939 466 1073 495; x_wconf 88' lang='lat' dir='ltr'>tuorum</span> <span class='ocrx_word' id='word_1_28' title='bbox 1094 464 1240 498; x_wconf 88' lang='lat' dir='ltr'>nomine,</span> 
     </span>
     <span class='ocr_line' id='line_1_6' title="bbox 240 517 1242 564; baseline -0.007 -12"><span class='ocrx_word' id='word_1_29' title='bbox 240 524 415 564; x_wconf 80' lang='lat' dir='ltr'>pecuniam</span> <span class='ocrx_word' id='word_1_30' title='bbox 446 523 553 561; x_wconf 87' lang='lat' dir='ltr'>ipsam</span> <span class='ocrx_word' id='word_1_31' title='bbox 588 520 686 550; x_wconf 83' lang='lat' dir='ltr'>nobis</span> <span class='ocrx_word' id='word_1_32' title='bbox 705 521 735 549; x_wconf 88' lang='lat' dir='ltr'>et</span> <span class='ocrx_word' id='word_1_33' title='bbox 766 528 896 549; x_wconf 87' lang='lat' dir='ltr'>camere</span> <span class='ocrx_word' id='word_1_34' title='bbox 925 519 1039 548; x_wconf 86' lang='lat' dir='ltr'>nostre</span> <span class='ocrx_word' id='word_1_35' title='bbox 1060 517 1187 555; x_wconf 81' lang='lat' dir='ltr'>integre</span> <span class='ocrx_word' id='word_1_36' title='bbox 1211 518 1242 546; x_wconf 89' lang='lat' dir='ltr'>et</span> 
     </span>
     <span class='ocr_line' id='line_1_7' title="bbox 237 569 1243 615; baseline -0.009 -7"><span class='ocrx_word' id='word_1_37' title='bbox 237 577 387 608; x_wconf 87' lang='lat' dir='ltr'>totaliter</span> <span class='ocrx_word' id='word_1_38' title='bbox 409 574 617 615; x_wconf 69' lang='lat' dir='ltr'>persolvisti,</span> <span class='ocrx_word' id='word_1_39' title='bbox 645 582 707 603; x_wconf 87' lang='lat' dir='ltr'>nos</span> <span class='ocrx_word' id='word_1_40' title='bbox 734 573 773 602; x_wconf 87' lang='lat' dir='ltr'>de</span> <span class='ocrx_word' id='word_1_41' title='bbox 802 571 944 610; x_wconf 88' lang='lat' dir='ltr'>pecunia</span> <span class='ocrx_word' id='word_1_42' title='bbox 973 571 1047 609; x_wconf 89' lang='lat' dir='ltr'>ipsa</span> <span class='ocrx_word' id='word_1_43' title='bbox 1078 569 1176 600; x_wconf 88' lang='lat' dir='ltr'>nobis</span> <span class='ocrx_word' id='word_1_44' title='bbox 1211 571 1243 600; x_wconf 90' lang='lat' dir='ltr'>et</span> 
     </span>
     <span class='ocr_line' id='line_1_8' title="bbox 238 623 1242 664; baseline -0.008 -4"><span class='ocrx_word' id='word_1_45' title='bbox 238 631 345 661; x_wconf 88' lang='lat' dir='ltr'>eidem</span> <span class='ocrx_word' id='word_1_46' title='bbox 373 637 503 659; x_wconf 81' lang='lat' dir='ltr'>camere</span> <span class='ocrx_word' id='word_1_47' title='bbox 531 627 728 657; x_wconf 85' lang='lat' dir='ltr'>confitentes</span> <span class='ocrx_word' id='word_1_48' title='bbox 747 629 777 656; x_wconf 92' lang='lat' dir='ltr'>et</span> <span class='ocrx_word' id='word_1_49' title='bbox 805 627 998 664; x_wconf 86' lang='lat' dir='ltr'>reputantes</span> <span class='ocrx_word' id='word_1_50' title='bbox 1021 624 1091 654; x_wconf 87' lang='lat' dir='ltr'>sore</span> <span class='ocrx_word' id='word_1_51' title='bbox 1115 623 1242 661; x_wconf 84' lang='lat' dir='ltr'>integre</span> 
     </span>
     <span class='ocr_line' id='line_1_9' title="bbox 240 676 1244 719; baseline -0.009 -6"><span class='ocrx_word' id='word_1_52' title='bbox 240 683 466 716; x_wconf 80' lang='lat' dir='ltr'>satisfactum,</span> <span class='ocrx_word' id='word_1_53' title='bbox 482 683 618 719; x_wconf 85' lang='lat' dir='ltr'>propter</span> <span class='ocrx_word' id='word_1_54' title='bbox 633 680 695 710; x_wconf 86' lang='lat' dir='ltr'>hoc</span> <span class='ocrx_word' id='word_1_55' title='bbox 710 679 935 709; x_wconf 85' lang='lat' dir='ltr'>instrumenta</span> <span class='ocrx_word' id='word_1_56' title='bbox 958 678 1031 716; x_wconf 87' lang='lat' dir='ltr'>ipsa</span> <span class='ocrx_word' id='word_1_57' title='bbox 1051 676 1124 711; x_wconf 89' lang='lat' dir='ltr'>tibi,</span> <span class='ocrx_word' id='word_1_58' title='bbox 1143 676 1244 706; x_wconf 82' lang='lat' dir='ltr'>Fran-</span> 
     </span>
     <span class='ocr_line' id='line_1_10' title="bbox 238 729 1241 774; baseline -0.009 -8"><span class='ocrx_word' id='word_1_59' title='bbox 238 737 336 772; x_wconf 84' lang='lat' dir='ltr'>cisce,</span> <span class='ocrx_word' id='word_1_60' title='bbox 355 744 414 774; x_wconf 90' lang='lat' dir='ltr'>pro</span> <span class='ocrx_word' id='word_1_61' title='bbox 431 736 463 764; x_wconf 88' lang='lat' dir='ltr'>te</span> <span class='ocrx_word' id='word_1_62' title='bbox 487 736 518 764; x_wconf 89' lang='lat' dir='ltr'>et</span> <span class='ocrx_word' id='word_1_63' title='bbox 536 732 694 764; x_wconf 86' lang='lat' dir='ltr'>omnibus</span> <span class='ocrx_word' id='word_1_64' title='bbox 709 732 782 771; x_wconf 82' lang='lat' dir='ltr'>tuis</span> <span class='ocrx_word' id='word_1_65' title='bbox 800 731 903 762; x_wconf 86' lang='lat' dir='ltr'>sociis</span> <span class='ocrx_word' id='word_1_66' title='bbox 926 740 943 760; x_wconf 89' lang='lat' dir='ltr'>a</span> <span class='ocrx_word' id='word_1_67' title='bbox 965 730 1087 760; x_wconf 89' lang='lat' dir='ltr'>dilecto</span> <span class='ocrx_word' id='word_1_68' title='bbox 1107 729 1177 758; x_wconf 84' lang='lat' dir='ltr'>tilio</span> <span class='ocrx_word' id='word_1_69' title='bbox 1192 729 1241 765; x_wconf 69' lang='lat' dir='ltr'>R,</span> 
     </span>
     <span class='ocr_line' id='line_1_11' title="bbox 236 783 1245 822; baseline -0.008 -3"><span class='ocrx_word' id='word_1_70' title='bbox 236 789 469 820; x_wconf 86' lang='lat' dir='ltr'>archidiacono</span> <span class='ocrx_word' id='word_1_71' title='bbox 498 786 694 822; x_wconf 71' lang='lat' dir='ltr'>senonensi,</span> <span class='ocrx_word' id='word_1_72' title='bbox 724 785 908 815; x_wconf 86' lang='lat' dir='ltr'>camerario</span> <span class='ocrx_word' id='word_1_73' title='bbox 944 786 1070 819; x_wconf 88' lang='lat' dir='ltr'>nostro,</span> <span class='ocrx_word' id='word_1_74' title='bbox 1106 783 1139 812; x_wconf 97' lang='lat' dir='ltr'>in</span> <span class='ocrx_word' id='word_1_75' title='bbox 1173 790 1245 820; x_wconf 87' lang='lat' dir='ltr'>prc—</span> 
     </span>
     <span class='ocr_line' id='line_1_12' title="bbox 239 835 1245 878; baseline -0.008 -6"><span class='ocrx_word' id='word_1_76' title='bbox 239 842 347 872; x_wconf 85' lang='lat' dir='ltr'>sentia</span> <span class='ocrx_word' id='word_1_77' title='bbox 372 843 497 876; x_wconf 84' lang='lat' dir='ltr'>nostra,</span> <span class='ocrx_word' id='word_1_78' title='bbox 520 839 686 878; x_wconf 81' lang='lat' dir='ltr'>assignari</span> <span class='ocrx_word' id='word_1_79' title='bbox 712 839 852 868; x_wconf 80' lang='lat' dir='ltr'>fecimus</span> <span class='ocrx_word' id='word_1_80' title='bbox 873 839 903 867; x_wconf 90' lang='lat' dir='ltr'>ct</span> <span class='ocrx_word' id='word_1_81' title='bbox 924 836 1069 872; x_wconf 83' lang='lat' dir='ltr'>restitui,</span> <span class='ocrx_word' id='word_1_82' title='bbox 1088 835 1245 865; x_wconf 86' lang='lat' dir='ltr'>lanianda</span> 
     </span>
     <span class='ocr_line' id='line_1_13' title="bbox 243 889 1245 934; baseline -0.008 -9"><span class='ocrx_word' id='word_1_83' title='bbox 243 905 301 925; x_wconf 88' lang='lat' dir='ltr'>seu</span> <span class='ocrx_word' id='word_1_84' title='bbox 319 905 378 934; x_wconf 89' lang='lat' dir='ltr'>pro</span> <span class='ocrx_word' id='word_1_85' title='bbox 396 896 506 924; x_wconf 82' lang='lat' dir='ltr'>vestre</span> <span class='ocrx_word' id='word_1_86' title='bbox 521 892 704 923; x_wconf 87' lang='lat' dir='ltr'>voluntatis</span> <span class='ocrx_word' id='word_1_87' title='bbox 719 891 816 921; x_wconf 90' lang='lat' dir='ltr'>libito</span> <span class='ocrx_word' id='word_1_88' title='bbox 833 890 1020 926; x_wconf 87' lang='lat' dir='ltr'>incidenda,</span> <span class='ocrx_word' id='word_1_89' title='bbox 1039 898 1096 919; x_wconf 84' lang='lat' dir='ltr'>vos</span> <span class='ocrx_word' id='word_1_90' title='bbox 1114 889 1245 918; x_wconf 89' lang='lat' dir='ltr'>univer-</span> 
     </span>
     <span class='ocr_line' id='line_1_14' title="bbox 243 941 1244 985; baseline -0.008 -6"><span class='ocrx_word' id='word_1_91' title='bbox 243 958 298 979; x_wconf 87' lang='lat' dir='ltr'>sos</span> <span class='ocrx_word' id='word_1_92' title='bbox 317 950 346 978; x_wconf 90' lang='lat' dir='ltr'>et</span> <span class='ocrx_word' id='word_1_93' title='bbox 365 947 518 985; x_wconf 78' lang='lat' dir='ltr'>singulos</span> <span class='ocrx_word' id='word_1_94' title='bbox 535 946 576 976; x_wconf 86' lang='lat' dir='ltr'>ab</span> <span class='ocrx_word' id='word_1_95' title='bbox 592 944 785 984; x_wconf 84' lang='lat' dir='ltr'>hujusmodi</span> <span class='ocrx_word' id='word_1_96' title='bbox 803 944 955 982; x_wconf 88' lang='lat' dir='ltr'>deposito</span> <span class='ocrx_word' id='word_1_97' title='bbox 976 945 1008 973; x_wconf 87' lang='lat' dir='ltr'>et</span> <span class='ocrx_word' id='word_1_98' title='bbox 1030 941 1244 973; x_wconf 75' lang='lat' dir='ltr'>restitutione</span> 
     </span>
     <span class='ocr_line' id='line_1_15' title="bbox 243 996 1245 1041; baseline -0.007 -10"><span class='ocrx_word' id='word_1_99' title='bbox 243 1002 352 1041; x_wconf 86' lang='lat' dir='ltr'>ipsius</span> <span class='ocrx_word' id='word_1_100' title='bbox 371 1009 406 1031; x_wconf 90' lang='lat' dir='ltr'>ac</span> <span class='ocrx_word' id='word_1_101' title='bbox 434 1000 538 1030; x_wconf 88' lang='lat' dir='ltr'>totius</span> <span class='ocrx_word' id='word_1_102' title='bbox 558 998 705 1037; x_wconf 73' lang='lat' dir='ltr'>predicte</span> <span class='ocrx_word' id='word_1_103' title='bbox 728 997 869 1037; x_wconf 86' lang='lat' dir='ltr'>pecunie</span> <span class='ocrx_word' id='word_1_104' title='bbox 890 996 1087 1027; x_wconf 84' lang='lat' dir='ltr'>auctoritate</span> <span class='ocrx_word' id='word_1_105' title='bbox 1111 1004 1245 1034; x_wconf 88' lang='lat' dir='ltr'>presen-</span> 
     </span>
     <span class='ocr_line' id='line_1_16' title="bbox 243 1049 1245 1092; baseline -0.007 -8"><span class='ocrx_word' id='word_1_106' title='bbox 243 1055 328 1085; x_wconf 88' lang='lat' dir='ltr'>tium</span> <span class='ocrx_word' id='word_1_107' title='bbox 356 1054 395 1083; x_wconf 89' lang='lat' dir='ltr'>de</span> <span class='ocrx_word' id='word_1_108' title='bbox 420 1052 602 1092; x_wconf 85' lang='lat' dir='ltr'>apostolice</span> <span class='ocrx_word' id='word_1_109' title='bbox 630 1051 805 1090; x_wconf 87' lang='lat' dir='ltr'>potestatis</span> <span class='ocrx_word' id='word_1_110' title='bbox 831 1049 1041 1088; x_wconf 90' lang='lat' dir='ltr'>plenitudine</span> <span class='ocrx_word' id='word_1_111' title='bbox 1071 1049 1245 1079; x_wconf 86' lang='lat' dir='ltr'>reddimus</span> 
     </span>
     <span class='ocr_line' id='line_1_17' title="bbox 246 1101 1244 1143; baseline -0.006 -6"><span class='ocrx_word' id='word_1_112' title='bbox 246 1107 431 1142; x_wconf 54' lang='lat' dir='ltr'>absolutos</span> <span class='ocrx_word' id='word_1_113' title='bbox 452 1106 499 1136; x_wconf 88' lang='lat' dir='ltr'>ita</span> <span class='ocrx_word' id='word_1_114' title='bbox 515 1105 603 1143; x_wconf 82' lang='lat' dir='ltr'>quod</span> <span class='ocrx_word' id='word_1_115' title='bbox 618 1105 659 1135; x_wconf 88' lang='lat' dir='ltr'>ad</span> <span class='ocrx_word' id='word_1_116' title='bbox 676 1103 924 1134; x_wconf 85' lang='lat' dir='ltr'>restitutionem</span> <span class='ocrx_word' id='word_1_117' title='bbox 943 1103 1045 1133; x_wconf 88' lang='lat' dir='ltr'>aliam</span> <span class='ocrx_word' id='word_1_118' title='bbox 1064 1102 1173 1141; x_wconf 87' lang='lat' dir='ltr'>ipsius</span> <span class='ocrx_word' id='word_1_119' title='bbox 1191 1101 1244 1132; x_wconf 90' lang='lat' dir='ltr'>de-</span> 
     </span>
     <span class='ocr_line' id='line_1_18' title="bbox 239 1154 1245 1199; baseline -0.005 -10"><span class='ocrx_word' id='word_1_120' title='bbox 239 1159 342 1199; x_wconf 81' lang='lat' dir='ltr'>positi</span> <span class='ocrx_word' id='word_1_121' title='bbox 367 1168 426 1189; x_wconf 83' lang='lat' dir='ltr'>sen</span> <span class='ocrx_word' id='word_1_122' title='bbox 450 1158 591 1197; x_wconf 80' lang='lat' dir='ltr'>pecunie</span> <span class='ocrx_word' id='word_1_123' title='bbox 608 1157 660 1187; x_wconf 83' lang='lat' dir='ltr'>vel</span> <span class='ocrx_word' id='word_1_124' title='bbox 679 1157 754 1196; x_wconf 90' lang='lat' dir='ltr'>ejus</span> <span class='ocrx_word' id='word_1_125' title='bbox 773 1156 887 1195; x_wconf 87' lang='lat' dir='ltr'>aliqua</span> <span class='ocrx_word' id='word_1_126' title='bbox 909 1155 1062 1194; x_wconf 83' lang='lat' dir='ltr'>portione</span> <span class='ocrx_word' id='word_1_127' title='bbox 1086 1155 1187 1184; x_wconf 86' lang='lat' dir='ltr'>alicui</span> <span class='ocrx_word' id='word_1_128' title='bbox 1205 1154 1245 1185; x_wconf 86' lang='lat' dir='ltr'>de</span> 
     </span>
     <span class='ocr_line' id='line_1_19' title="bbox 238 1208 1245 1247; baseline -0.007 -3"><span class='ocrx_word' id='word_1_129' title='bbox 238 1215 346 1244; x_wconf 86' lang='lat' dir='ltr'>cetero</span> <span class='ocrx_word' id='word_1_130' title='bbox 365 1212 526 1247; x_wconf 79' lang='lat' dir='ltr'>facienda,</span> <span class='ocrx_word' id='word_1_131' title='bbox 539 1211 679 1240; x_wconf 90' lang='lat' dir='ltr'>minime</span> <span class='ocrx_word' id='word_1_132' title='bbox 698 1209 892 1246; x_wconf 85' lang='lat' dir='ltr'>teneamini,</span> <span class='ocrx_word' id='word_1_133' title='bbox 914 1218 972 1239; x_wconf 87' lang='lat' dir='ltr'>nec</span> <span class='ocrx_word' id='word_1_134' title='bbox 999 1209 1040 1238; x_wconf 88' lang='lat' dir='ltr'>ad</span> <span class='ocrx_word' id='word_1_135' title='bbox 1063 1208 1097 1238; x_wconf 88' lang='lat' dir='ltr'>id</span> <span class='ocrx_word' id='word_1_136' title='bbox 1114 1208 1245 1238; x_wconf 88' lang='lat' dir='ltr'>ordina-</span> 
     </span>
     <span class='ocr_line' id='line_1_20' title="bbox 237 1261 1245 1304; baseline -0.005 -8"><span class='ocrx_word' id='word_1_137' title='bbox 237 1267 288 1296; x_wconf 86' lang='lat' dir='ltr'>ria</span> <span class='ocrx_word' id='word_1_138' title='bbox 306 1266 357 1295; x_wconf 89' lang='lat' dir='ltr'>vel</span> <span class='ocrx_word' id='word_1_139' title='bbox 376 1265 559 1304; x_wconf 83' lang='lat' dir='ltr'>apostolica</span> <span class='ocrx_word' id='word_1_140' title='bbox 583 1273 643 1294; x_wconf 87' lang='lat' dir='ltr'>seu</span> <span class='ocrx_word' id='word_1_141' title='bbox 673 1263 914 1302; x_wconf 79' lang='lat' dir='ltr'>cujuscumque</span> <span class='ocrx_word' id='word_1_142' title='bbox 934 1262 1074 1292; x_wconf 86' lang='lat' dir='ltr'>alterius</span> <span class='ocrx_word' id='word_1_143' title='bbox 1102 1261 1245 1291; x_wconf 85' lang='lat' dir='ltr'>auctori-</span> 
     </span>
     <span class='ocr_line' id='line_1_21' title="bbox 238 1315 1246 1357; baseline -0.006 -7"><span class='ocrx_word' id='word_1_144' title='bbox 238 1321 306 1350; x_wconf 85' lang='lat' dir='ltr'>tate</span> <span class='ocrx_word' id='word_1_145' title='bbox 330 1318 487 1357; x_wconf 85' lang='lat' dir='ltr'>compelli</span> <span class='ocrx_word' id='word_1_146' title='bbox 505 1317 657 1356; x_wconf 80' lang='lat' dir='ltr'>possitis,</span> <span class='ocrx_word' id='word_1_147' title='bbox 676 1325 741 1346; x_wconf 89' lang='lat' dir='ltr'>non</span> <span class='ocrx_word' id='word_1_148' title='bbox 758 1315 971 1346; x_wconf 87' lang='lat' dir='ltr'>obstantibus</span> <span class='ocrx_word' id='word_1_149' title='bbox 988 1315 1166 1354; x_wconf 81' lang='lat' dir='ltr'>premissis</span> <span class='ocrx_word' id='word_1_150' title='bbox 1186 1323 1246 1344; x_wconf 92' lang='lat' dir='ltr'>seu</span> 
     </span>
     <span class='ocr_line' id='line_1_22' title="bbox 240 1367 1246 1411; baseline -0.005 -9"><span class='ocrx_word' id='word_1_151' title='bbox 240 1372 510 1411; x_wconf 86' lang='lat' dir='ltr'>quibuscumque</span> <span class='ocrx_word' id='word_1_152' title='bbox 527 1370 605 1400; x_wconf 81' lang='lat' dir='ltr'>aliis</span> <span class='ocrx_word' id='word_1_153' title='bbox 618 1369 853 1399; x_wconf 77' lang='lat' dir='ltr'>instrumentis</span> <span class='ocrx_word' id='word_1_154' title='bbox 867 1369 938 1398; x_wconf 88' lang='lat' dir='ltr'>sive</span> <span class='ocrx_word' id='word_1_155' title='bbox 956 1368 1080 1398; x_wconf 89' lang='lat' dir='ltr'>litteris</span> <span class='ocrx_word' id='word_1_156' title='bbox 1092 1369 1147 1398; x_wconf 84' lang='lat' dir='ltr'>aut</span> <span class='ocrx_word' id='word_1_157' title='bbox 1165 1367 1246 1397; x_wconf 90' lang='lat' dir='ltr'>obli-</span> 
     </span>
     <span class='ocr_line' id='line_1_23' title="bbox 239 1420 1246 1465; baseline -0.006 -10"><span class='ocrx_word' id='word_1_158' title='bbox 239 1425 430 1465; x_wconf 79' lang='lat' dir='ltr'>gationibus</span> <span class='ocrx_word' id='word_1_159' title='bbox 451 1424 504 1453; x_wconf 83' lang='lat' dir='ltr'>vel</span> <span class='ocrx_word' id='word_1_160' title='bbox 531 1422 852 1456; x_wconf 84' lang='lat' dir='ltr'>renuntiationibus,</span> <span class='ocrx_word' id='word_1_161' title='bbox 878 1420 1166 1456; x_wconf 72' lang='lat' dir='ltr'>concessionilms,</span> <span class='ocrx_word' id='word_1_162' title='bbox 1191 1429 1246 1459; x_wconf 88' lang='lat' dir='ltr'>pe-</span> 
     </span>
     <span class='ocr_line' id='line_1_24' title="bbox 237 1474 1244 1515; baseline -0.005 -7"><span class='ocrx_word' id='word_1_163' title='bbox 237 1487 356 1509; x_wconf 87' lang='lat' dir='ltr'>narum</span> <span class='ocrx_word' id='word_1_164' title='bbox 383 1477 568 1515; x_wconf 87' lang='lat' dir='ltr'>adjectione</span> <span class='ocrx_word' id='word_1_165' title='bbox 594 1485 653 1505; x_wconf 89' lang='lat' dir='ltr'>seu</span> <span class='ocrx_word' id='word_1_166' title='bbox 675 1475 879 1514; x_wconf 82' lang='lat' dir='ltr'>juramentis</span> <span class='ocrx_word' id='word_1_167' title='bbox 906 1483 1006 1512; x_wconf 87' lang='lat' dir='ltr'>super</span> <span class='ocrx_word' id='word_1_168' title='bbox 1031 1474 1244 1504; x_wconf 81' lang='lat' dir='ltr'>restitutione</span> 
     </span>
     <span class='ocr_line' id='line_1_25' title="bbox 236 1527 1243 1570; baseline -0.005 -9"><span class='ocrx_word' id='word_1_169' title='bbox 236 1532 346 1570; x_wconf 86' lang='lat' dir='ltr'>ipsius</span> <span class='ocrx_word' id='word_1_170' title='bbox 369 1529 513 1568; x_wconf 85' lang='lat' dir='ltr'>depositi</span> <span class='ocrx_word' id='word_1_171' title='bbox 538 1529 592 1558; x_wconf 87' lang='lat' dir='ltr'>vel</span> <span class='ocrx_word' id='word_1_172' title='bbox 617 1528 768 1567; x_wconf 88' lang='lat' dir='ltr'>pecunie,</span> <span class='ocrx_word' id='word_1_173' title='bbox 789 1529 846 1557; x_wconf 88' lang='lat' dir='ltr'>aut</span> <span class='ocrx_word' id='word_1_174' title='bbox 872 1527 1094 1566; x_wconf 82' lang='lat' dir='ltr'>dampnorum</span> <span class='ocrx_word' id='word_1_175' title='bbox 1118 1536 1177 1557; x_wconf 88' lang='lat' dir='ltr'>seu</span> <span class='ocrx_word' id='word_1_176' title='bbox 1196 1527 1243 1557; x_wconf 90' lang='lat' dir='ltr'>in-</span> 
     </span>
     <span class='ocr_line' id='line_1_26' title="bbox 236 1580 1243 1621; baseline -0.005 -7"><span class='ocrx_word' id='word_1_177' title='bbox 236 1586 376 1619; x_wconf 78' lang='lat' dir='ltr'>teresse,</span> <span class='ocrx_word' id='word_1_178' title='bbox 397 1591 460 1621; x_wconf 82' lang='lat' dir='ltr'>que</span> <span class='ocrx_word' id='word_1_179' title='bbox 480 1583 636 1620; x_wconf 84' lang='lat' dir='ltr'>pretextu</span> <span class='ocrx_word' id='word_1_180' title='bbox 655 1581 728 1620; x_wconf 90' lang='lat' dir='ltr'>ejus</span> <span class='ocrx_word' id='word_1_181' title='bbox 746 1589 782 1610; x_wconf 90' lang='lat' dir='ltr'>se</span> <span class='ocrx_word' id='word_1_182' title='bbox 806 1580 930 1619; x_wconf 84' lang='lat' dir='ltr'>aliquis</span> <span class='ocrx_word' id='word_1_183' title='bbox 948 1580 1132 1609; x_wconf 90' lang='lat' dir='ltr'>incurrisse</span> <span class='ocrx_word' id='word_1_184' title='bbox 1154 1588 1243 1610; x_wconf 89' lang='lat' dir='ltr'>asse-</span> 
     </span>
     <span class='ocr_line' id='line_1_27' title="bbox 236 1632 1243 1673; baseline -0.004 -6"><span class='ocrx_word' id='word_1_185' title='bbox 236 1638 323 1667; x_wconf 84' lang='lat' dir='ltr'>reret</span> <span class='ocrx_word' id='word_1_186' title='bbox 344 1635 540 1673; x_wconf 81' lang='lat' dir='ltr'>interjectis,</span> <span class='ocrx_word' id='word_1_187' title='bbox 555 1636 610 1664; x_wconf 90' lang='lat' dir='ltr'>aut</span> <span class='ocrx_word' id='word_1_188' title='bbox 628 1634 729 1664; x_wconf 84' lang='lat' dir='ltr'>etiam</span> <span class='ocrx_word' id='word_1_189' title='bbox 749 1633 927 1663; x_wconf 81' lang='lat' dir='ltr'>contrariis</span> <span class='ocrx_word' id='word_1_190' title='bbox 945 1632 1243 1663; x_wconf 81' lang='lat' dir='ltr'>constitutionibus</span> 
     </span>
     <span class='ocr_line' id='line_1_28' title="bbox 232 1686 1243 1727; baseline -0.005 -7"><span class='ocrx_word' id='word_1_191' title='bbox 232 1689 321 1727; x_wconf 85' lang='lat' dir='ltr'>juris</span> <span class='ocrx_word' id='word_1_192' title='bbox 347 1688 497 1719; x_wconf 82' lang='lat' dir='ltr'>canonici</span> <span class='ocrx_word' id='word_1_193' title='bbox 530 1688 582 1717; x_wconf 89' lang='lat' dir='ltr'>vel</span> <span class='ocrx_word' id='word_1_194' title='bbox 614 1687 736 1723; x_wconf 89' lang='lat' dir='ltr'>civilis,</span> <span class='ocrx_word' id='word_1_195' title='bbox 771 1687 824 1716; x_wconf 89' lang='lat' dir='ltr'>vel</span> <span class='ocrx_word' id='word_1_196' title='bbox 854 1686 883 1716; x_wconf 89' lang='lat' dir='ltr'>si</span> <span class='ocrx_word' id='word_1_197' title='bbox 916 1686 999 1716; x_wconf 80' lang='lat' dir='ltr'>sorte</span> <span class='ocrx_word' id='word_1_198' title='bbox 1030 1686 1243 1724; x_wconf 82' lang='lat' dir='ltr'>supradictus</span> 
     </span>
     <span class='ocr_line' id='line_1_29' title="bbox 237 1739 1242 1780; baseline -0.005 -7"><span class='ocrx_word' id='word_1_199' title='bbox 237 1743 441 1773; x_wconf 79' lang='lat' dir='ltr'>Guillelmus</span> <span class='ocrx_word' id='word_1_200' title='bbox 460 1741 638 1780; x_wconf 80' lang='lat' dir='ltr'>episcopus</span> <span class='ocrx_word' id='word_1_201' title='bbox 664 1739 841 1779; x_wconf 88' lang='lat' dir='ltr'>pecuniam</span> <span class='ocrx_word' id='word_1_202' title='bbox 862 1739 971 1778; x_wconf 85' lang='lat' dir='ltr'>ipsam</span> <span class='ocrx_word' id='word_1_203' title='bbox 997 1741 1054 1769; x_wconf 84' lang='lat' dir='ltr'>aut</span> <span class='ocrx_word' id='word_1_204' title='bbox 1074 1739 1146 1778; x_wconf 86' lang='lat' dir='ltr'>ejus</span> <span class='ocrx_word' id='word_1_205' title='bbox 1168 1748 1242 1778; x_wconf 88' lang='lat' dir='ltr'>par-</span> 
     </span>
     <span class='ocr_line' id='line_1_30' title="bbox 234 1792 1242 1834; baseline -0.004 -8"><span class='ocrx_word' id='word_1_206' title='bbox 234 1798 301 1826; x_wconf 89' lang='lat' dir='ltr'>tem</span> <span class='ocrx_word' id='word_1_207' title='bbox 329 1804 386 1826; x_wconf 90' lang='lat' dir='ltr'>sen</span> <span class='ocrx_word' id='word_1_208' title='bbox 405 1796 517 1834; x_wconf 88' lang='lat' dir='ltr'>partes</span> <span class='ocrx_word' id='word_1_209' title='bbox 533 1794 633 1824; x_wconf 80' lang='lat' dir='ltr'>alicui</span> <span class='ocrx_word' id='word_1_210' title='bbox 651 1793 704 1824; x_wconf 91' lang='lat' dir='ltr'>vel</span> <span class='ocrx_word' id='word_1_211' title='bbox 724 1792 895 1832; x_wconf 80' lang='lat' dir='ltr'>aliquibus</span> <span class='ocrx_word' id='word_1_212' title='bbox 916 1793 1071 1832; x_wconf 89' lang='lat' dir='ltr'>personis</span> <span class='ocrx_word' id='word_1_213' title='bbox 1086 1794 1141 1822; x_wconf 87' lang='lat' dir='ltr'>aut</span> <span class='ocrx_word' id='word_1_214' title='bbox 1158 1792 1242 1822; x_wconf 88' lang='lat' dir='ltr'>locis</span> 
     </span>
     <span class='ocr_line' id='line_1_31' title="bbox 234 1845 1242 1885; baseline -0.004 -6"><span class='ocrx_word' id='word_1_215' title='bbox 234 1849 268 1879; x_wconf 93' lang='lat' dir='ltr'>in</span> <span class='ocrx_word' id='word_1_216' title='bbox 291 1849 410 1879; x_wconf 79' lang='lat' dir='ltr'>ultima</span> <span class='ocrx_word' id='word_1_217' title='bbox 441 1848 613 1877; x_wconf 81' lang='lat' dir='ltr'>voluntate</span> <span class='ocrx_word' id='word_1_218' title='bbox 629 1847 764 1885; x_wconf 82' lang='lat' dir='ltr'>legavit,</span> <span class='ocrx_word' id='word_1_219' title='bbox 786 1855 861 1876; x_wconf 87' lang='lat' dir='ltr'>cum</span> <span class='ocrx_word' id='word_1_220' title='bbox 887 1846 926 1876; x_wconf 88' lang='lat' dir='ltr'>de</span> <span class='ocrx_word' id='word_1_221' title='bbox 950 1846 1017 1876; x_wconf 90' lang='lat' dir='ltr'>hiis</span> <span class='ocrx_word' id='word_1_222' title='bbox 1039 1854 1102 1884; x_wconf 88' lang='lat' dir='ltr'>que</span> <span class='ocrx_word' id='word_1_223' title='bbox 1120 1846 1159 1875; x_wconf 85' lang='lat' dir='ltr'>de</span> <span class='ocrx_word' id='word_1_224' title='bbox 1185 1845 1242 1875; x_wconf 87' lang='lat' dir='ltr'>bo-</span> 
     </span>
     <span class='ocr_line' id='line_1_32' title="bbox 234 1898 1243 1939; baseline -0.004 -8"><span class='ocrx_word' id='word_1_225' title='bbox 234 1902 288 1931; x_wconf 85' lang='lat' dir='ltr'>nis</span> <span class='ocrx_word' id='word_1_226' title='bbox 308 1901 522 1939; x_wconf 84' lang='lat' dir='ltr'>episcopatus</span> <span class='ocrx_word' id='word_1_227' title='bbox 548 1899 705 1929; x_wconf 87' lang='lat' dir='ltr'>Lidensis</span> <span class='ocrx_word' id='word_1_228' title='bbox 729 1908 788 1929; x_wconf 87' lang='lat' dir='ltr'>seu</span> <span class='ocrx_word' id='word_1_229' title='bbox 812 1898 1059 1936; x_wconf 80' lang='lat' dir='ltr'>patriarchatus</span> <span class='ocrx_word' id='word_1_230' title='bbox 1087 1898 1243 1928; x_wconf 86' lang='lat' dir='ltr'>Jerosoli-</span> 
     </span>
     <span class='ocr_line' id='line_1_33' title="bbox 232 1951 1242 1991; baseline -0.005 -7"><span class='ocrx_word' id='word_1_231' title='bbox 232 1955 366 1989; x_wconf 83' lang='lat' dir='ltr'>mitani,</span> <span class='ocrx_word' id='word_1_232' title='bbox 380 1953 436 1983; x_wconf 82' lang='lat' dir='ltr'>ubi</span> <span class='ocrx_word' id='word_1_233' title='bbox 449 1952 641 1991; x_wconf 77' lang='lat' dir='ltr'>aliquando,</span> <span class='ocrx_word' id='word_1_234' title='bbox 654 1952 733 1981; x_wconf 91' lang='lat' dir='ltr'>dum</span> <span class='ocrx_word' id='word_1_235' title='bbox 742 1951 1017 1981; x_wconf 87' lang='lat' dir='ltr'>Jerosoliinitane</span> <span class='ocrx_word' id='word_1_236' title='bbox 1027 1959 1242 1988; x_wconf 84' lang='lat' dir='ltr'>preessemus</span> 
     </span>
     <span class='ocr_line' id='line_1_34' title="bbox 233 2004 1243 2042; baseline -0.004 -5"><span class='ocrx_word' id='word_1_237' title='bbox 233 2007 387 2041; x_wconf 82' lang='lat' dir='ltr'>ecclesie,</span> <span class='ocrx_word' id='word_1_238' title='bbox 406 2006 551 2035; x_wconf 80' lang='lat' dir='ltr'>vicarius</span> <span class='ocrx_word' id='word_1_239' title='bbox 573 2007 690 2035; x_wconf 86' lang='lat' dir='ltr'>noster</span> <span class='ocrx_word' id='word_1_240' title='bbox 718 2004 791 2040; x_wconf 87' lang='lat' dir='ltr'>suit,</span> <span class='ocrx_word' id='word_1_241' title='bbox 818 2004 858 2033; x_wconf 89' lang='lat' dir='ltr'>ad</span> <span class='ocrx_word' id='word_1_242' title='bbox 888 2012 1006 2033; x_wconf 86' lang='lat' dir='ltr'>manus</span> <span class='ocrx_word' id='word_1_243' title='bbox 1028 2004 1243 2042; x_wconf 80' lang='lat' dir='ltr'>pervenerint</span> 
     </span>
     <span class='ocr_line' id='line_1_35' title="bbox 232 2056 1243 2098; baseline -0.004 -8"><span class='ocrx_word' id='word_1_244' title='bbox 232 2060 358 2098; x_wconf 84' lang='lat' dir='ltr'>ipsius,</span> <span class='ocrx_word' id='word_1_245' title='bbox 371 2059 497 2097; x_wconf 79' lang='lat' dir='ltr'>absque</span> <span class='ocrx_word' id='word_1_246' title='bbox 514 2058 685 2096; x_wconf 66' lang='lat' dir='ltr'>pontificis</span> <span class='ocrx_word' id='word_1_247' title='bbox 702 2057 846 2087; x_wconf 80' lang='lat' dir='ltr'>Romani</span> <span class='ocrx_word' id='word_1_248' title='bbox 863 2056 1243 2093; x_wconf 84' lang='lat' dir='ltr'>lieentiatestandi,non</span> 
     </span>
     <span class='ocr_line' id='line_1_36' title="bbox 232 2109 1243 2150; baseline -0.003 -8"><span class='ocrx_word' id='word_1_249' title='bbox 232 2112 389 2143; x_wconf 83' lang='lat' dir='ltr'>habuerit</span> <span class='ocrx_word' id='word_1_250' title='bbox 416 2111 713 2150; x_wconf 82' lang='lat' dir='ltr'>potestatem.Nos</span> <span class='ocrx_word' id='word_1_251' title='bbox 737 2110 825 2140; x_wconf 89' lang='lat' dir='ltr'>enim</span> <span class='ocrx_word' id='word_1_252' title='bbox 847 2109 1087 2140; x_wconf 83' lang='lat' dir='ltr'>nichilominus</span> <span class='ocrx_word' id='word_1_253' title='bbox 1112 2109 1243 2140; x_wconf 88' lang='lat' dir='ltr'>distric-</span> 
     </span>
     <span class='ocr_line' id='line_1_37' title="bbox 232 2163 1240 2202; baseline -0.003 -7"><span class='ocrx_word' id='word_1_254' title='bbox 232 2166 301 2196; x_wconf 86' lang='lat' dir='ltr'>tius</span> <span class='ocrx_word' id='word_1_255' title='bbox 327 2165 516 2195; x_wconf 80' lang='lat' dir='ltr'>inhibentes</span> <span class='ocrx_word' id='word_1_256' title='bbox 540 2173 579 2194; x_wconf 86' lang='lat' dir='ltr'>ne</span> <span class='ocrx_word' id='word_1_257' title='bbox 607 2164 737 2202; x_wconf 78' lang='lat' dir='ltr'>aliquis</span> <span class='ocrx_word' id='word_1_258' title='bbox 757 2163 998 2202; x_wconf 89' lang='lat' dir='ltr'>cujuscumque</span> <span class='ocrx_word' id='word_1_259' title='bbox 1025 2163 1240 2200; x_wconf 86' lang='lat' dir='ltr'>conditionis,</span> 
     </span>
     <span class='ocr_line' id='line_1_38' title="bbox 231 2216 1242 2257; baseline -0.004 -8"><span class='ocrx_word' id='word_1_260' title='bbox 231 2219 408 2257; x_wconf 82' lang='lat' dir='ltr'>dignitatis</span> <span class='ocrx_word' id='word_1_261' title='bbox 425 2218 477 2248; x_wconf 90' lang='lat' dir='ltr'>vel</span> <span class='ocrx_word' id='word_1_262' title='bbox 496 2217 723 2256; x_wconf 87' lang='lat' dir='ltr'>ordinis,jure</span> <span class='ocrx_word' id='word_1_263' title='bbox 741 2216 968 2246; x_wconf 79' lang='lat' dir='ltr'>successionis</span> <span class='ocrx_word' id='word_1_264' title='bbox 987 2218 1044 2246; x_wconf 84' lang='lat' dir='ltr'>aut</span> <span class='ocrx_word' id='word_1_265' title='bbox 1065 2216 1166 2255; x_wconf 81' lang='lat' dir='ltr'>legati</span> <span class='ocrx_word' id='word_1_266' title='bbox 1183 2224 1242 2246; x_wconf 90' lang='lat' dir='ltr'>seu</span> 
     </span>
     <span class='ocr_line' id='line_1_39' title="bbox 232 2270 1243 2311; baseline -0.002 -9"><span class='ocrx_word' id='word_1_267' title='bbox 232 2280 444 2311; x_wconf 86' lang='lat' dir='ltr'>quocumque</span> <span class='ocrx_word' id='word_1_268' title='bbox 461 2271 525 2301; x_wconf 88' lang='lat' dir='ltr'>alio</span> <span class='ocrx_word' id='word_1_269' title='bbox 543 2271 653 2306; x_wconf 87' lang='lat' dir='ltr'>titulo,</span> <span class='ocrx_word' id='word_1_270' title='bbox 670 2279 729 2300; x_wconf 89' lang='lat' dir='ltr'>vos</span> <span class='ocrx_word' id='word_1_271' title='bbox 742 2270 793 2300; x_wconf 87' lang='lat' dir='ltr'>vel</span> <span class='ocrx_word' id='word_1_272' title='bbox 809 2270 956 2308; x_wconf 84' lang='lat' dir='ltr'>aliquem</span> <span class='ocrx_word' id='word_1_273' title='bbox 976 2271 1127 2300; x_wconf 90' lang='lat' dir='ltr'>vestrum</span> <span class='ocrx_word' id='word_1_274' title='bbox 1142 2278 1243 2308; x_wconf 88' lang='lat' dir='ltr'>super</span> 
     </span>
     <span class='ocr_line' id='line_1_40' title="bbox 232 2322 1244 2363; baseline -0.003 -8"><span class='ocrx_word' id='word_1_275' title='bbox 232 2325 350 2355; x_wconf 86' lang='lat' dir='ltr'>codem</span> <span class='ocrx_word' id='word_1_276' title='bbox 369 2324 521 2363; x_wconf 85' lang='lat' dir='ltr'>deposito</span> <span class='ocrx_word' id='word_1_277' title='bbox 539 2332 597 2354; x_wconf 89' lang='lat' dir='ltr'>seu</span> <span class='ocrx_word' id='word_1_278' title='bbox 616 2324 758 2362; x_wconf 89' lang='lat' dir='ltr'>pecunia</span> <span class='ocrx_word' id='word_1_279' title='bbox 776 2323 810 2352; x_wconf 94' lang='lat' dir='ltr'>in</span> <span class='ocrx_word' id='word_1_280' title='bbox 827 2323 953 2361; x_wconf 69' lang='lat' dir='ltr'>justicio</span> <span class='ocrx_word' id='word_1_281' title='bbox 971 2322 1024 2353; x_wconf 89' lang='lat' dir='ltr'>vel</span> <span class='ocrx_word' id='word_1_282' title='bbox 1041 2324 1137 2353; x_wconf 88' lang='lat' dir='ltr'>extra</span> <span class='ocrx_word' id='word_1_283' title='bbox 1155 2323 1244 2361; x_wconf 89' lang='lat' dir='ltr'>judi-</span> 
     </span>
     <span class='ocr_line' id='line_1_41' title="bbox 193 2376 1245 2415; baseline -0.001 -8"><span class='ocrx_word' id='word_1_284' title='bbox 193 2392 201 2399; x_wconf 87' lang='lat'><em>-</em></span> <span class='ocrx_word' id='word_1_285' title='bbox 231 2378 321 2408; x_wconf 88' lang='lat' dir='ltr'>cimn</span> <span class='ocrx_word' id='word_1_286' title='bbox 349 2377 493 2407; x_wconf 83' lang='lat' dir='ltr'>ulterius</span> <span class='ocrx_word' id='word_1_287' title='bbox 518 2378 680 2415; x_wconf 89' lang='lat' dir='ltr'>impetere</span> <span class='ocrx_word' id='word_1_288' title='bbox 708 2376 759 2406; x_wconf 87' lang='lat' dir='ltr'>vel</span> <span class='ocrx_word' id='word_1_289' title='bbox 777 2376 958 2406; x_wconf 84' lang='lat' dir='ltr'>molestare</span> <span class='ocrx_word' id='word_1_290' title='bbox 976 2378 1160 2414; x_wconf 81' lang='lat' dir='ltr'>presumat,</span> <span class='ocrx_word' id='word_1_291' title='bbox 1178 2376 1245 2406; x_wconf 87' lang='lat' dir='ltr'>ins-</span> 
     </span>
     <span class='ocr_line' id='line_1_42' title="bbox 231 2429 1243 2468; baseline 0 -8"><span class='ocrx_word' id='word_1_292' title='bbox 231 2432 414 2467; x_wconf 88' lang='lat' dir='ltr'>trumenta,</span> <span class='ocrx_word' id='word_1_293' title='bbox 429 2431 569 2466; x_wconf 83' lang='lat' dir='ltr'>litteras,</span> <span class='ocrx_word' id='word_1_294' title='bbox 582 2429 817 2468; x_wconf 72' lang='lat' dir='ltr'>obligationes,</span> <span class='ocrx_word' id='word_1_295' title='bbox 828 2429 1243 2466; x_wconf 80' lang='lat' dir='ltr'>renuntiationes,conses-</span> 
     </span>
     <span class='ocr_line' id='line_1_43' title="bbox 232 2482 1245 2522; baseline 0 -9"><span class='ocrx_word' id='word_1_296' title='bbox 232 2483 358 2520; x_wconf 87' lang='lat' dir='ltr'>siones,</span> <span class='ocrx_word' id='word_1_297' title='bbox 379 2492 496 2522; x_wconf 82' lang='lat' dir='ltr'>penas,</span> <span class='ocrx_word' id='word_1_298' title='bbox 516 2483 711 2521; x_wconf 86' lang='lat' dir='ltr'>juramenta</span> <span class='ocrx_word' id='word_1_299' title='bbox 725 2485 756 2514; x_wconf 86' lang='lat' dir='ltr'>et</span> <span class='ocrx_word' id='word_1_300' title='bbox 771 2483 881 2522; x_wconf 83' lang='lat' dir='ltr'>legata</span> <span class='ocrx_word' id='word_1_301' title='bbox 894 2482 1100 2522; x_wconf 88' lang='lat' dir='ltr'>hujusmodi,</span> <span class='ocrx_word' id='word_1_302' title='bbox 1116 2491 1245 2514; x_wconf 85' lang='lat' dir='ltr'>necnon</span> 
     </span>
     <span class='ocr_line' id='line_1_44' title="bbox 232 2536 1245 2575; baseline 0 -8"><span class='ocrx_word' id='word_1_303' title='bbox 232 2545 415 2575; x_wconf 80' lang='lat' dir='ltr'>processus</span> <span class='ocrx_word' id='word_1_304' title='bbox 427 2538 457 2567; x_wconf 85' lang='lat' dir='ltr'>ot</span> <span class='ocrx_word' id='word_1_305' title='bbox 476 2537 673 2570; x_wconf 83' lang='lat' dir='ltr'>sententias,</span> <span class='ocrx_word' id='word_1_306' title='bbox 689 2537 717 2566; x_wconf 90' lang='lat' dir='ltr'>si</span> <span class='ocrx_word' id='word_1_307' title='bbox 737 2545 821 2575; x_wconf 89' lang='lat' dir='ltr'>quos</span> <span class='ocrx_word' id='word_1_308' title='bbox 839 2536 891 2567; x_wconf 80' lang='lat' dir='ltr'>vel</span> <span class='ocrx_word' id='word_1_309' title='bbox 909 2536 937 2566; x_wconf 88' lang='lat' dir='ltr'>si</span> <span class='ocrx_word' id='word_1_310' title='bbox 955 2544 1039 2575; x_wconf 91' lang='lat' dir='ltr'>quas</span> <span class='ocrx_word' id='word_1_311' title='bbox 1055 2538 1169 2567; x_wconf 86' lang='lat' dir='ltr'>contra</span> <span class='ocrx_word' id='word_1_312' title='bbox 1184 2545 1245 2568; x_wconf 88' lang='lat' dir='ltr'>vos</span> 
     </span>
     <span class='ocr_line' id='line_1_45' title="bbox 232 2589 1245 2629; baseline 0.001 -10"><span class='ocrx_word' id='word_1_313' title='bbox 232 2590 284 2620; x_wconf 87' lang='lat' dir='ltr'>vel</span> <span class='ocrx_word' id='word_1_314' title='bbox 304 2590 458 2628; x_wconf 80' lang='lat' dir='ltr'>aliquem</span> <span class='ocrx_word' id='word_1_315' title='bbox 479 2591 629 2620; x_wconf 84' lang='lat' dir='ltr'>vestrum</span> <span class='ocrx_word' id='word_1_316' title='bbox 651 2598 753 2628; x_wconf 88' lang='lat' dir='ltr'>snper</span> <span class='ocrx_word' id='word_1_317' title='bbox 771 2589 924 2629; x_wconf 88' lang='lat' dir='ltr'>deposito</span> <span class='ocrx_word' id='word_1_318' title='bbox 942 2589 995 2620; x_wconf 83' lang='lat' dir='ltr'>vel</span> <span class='ocrx_word' id='word_1_319' title='bbox 1016 2590 1157 2628; x_wconf 86' lang='lat' dir='ltr'>pecunia</span> <span class='ocrx_word' id='word_1_320' title='bbox 1187 2589 1245 2620; x_wconf 90' lang='lat' dir='ltr'>hu-</span> 
     </span>
     <span class='ocr_line' id='line_1_46' title="bbox 230 2642 1242 2682; baseline 0.001 -10"><span class='ocrx_word' id='word_1_321' title='bbox 230 2643 395 2682; x_wconf 78' lang='lat' dir='ltr'>jusmodi,</span> <span class='ocrx_word' id='word_1_322' title='bbox 415 2643 601 2681; x_wconf 87' lang='lat' dir='ltr'>apostoliea</span> <span class='ocrx_word' id='word_1_323' title='bbox 627 2643 679 2673; x_wconf 87' lang='lat' dir='ltr'>vel</span> <span class='ocrx_word' id='word_1_324' title='bbox 709 2643 881 2673; x_wconf 84' lang='lat' dir='ltr'>ordinaria</span> <span class='ocrx_word' id='word_1_325' title='bbox 910 2651 970 2673; x_wconf 89' lang='lat' dir='ltr'>seu</span> <span class='ocrx_word' id='word_1_326' title='bbox 1002 2642 1242 2682; x_wconf 84' lang='lat' dir='ltr'>cujuscumque</span> 
     </span>
     <span class='ocr_line' id='line_1_47' title="bbox 233 2696 1244 2735; baseline 0.001 -10"><span class='ocrx_word' id='word_1_327' title='bbox 233 2696 377 2726; x_wconf 87' lang='lat' dir='ltr'>alterius</span> <span class='ocrx_word' id='word_1_328' title='bbox 395 2698 601 2732; x_wconf 86' lang='lat' dir='ltr'>auctoritate,</span> <span class='ocrx_word' id='word_1_329' title='bbox 618 2696 803 2727; x_wconf 86' lang='lat' dir='ltr'>haberiseu</span> <span class='ocrx_word' id='word_1_330' title='bbox 820 2696 901 2727; x_wconf 81' lang='lat' dir='ltr'>ferri</span> <span class='ocrx_word' id='word_1_331' title='bbox 911 2696 1099 2735; x_wconf 81' lang='lat' dir='ltr'>contigerit,</span> <span class='ocrx_word' id='word_1_332' title='bbox 1112 2705 1244 2727; x_wconf 85' lang='lat' dir='ltr'>exnunc</span> 
     </span>
     <span class='ocr_line' id='line_1_48' title="bbox 233 2748 1243 2780; baseline 0.003 -3"><span class='ocrx_word' id='word_1_333' title='bbox 233 2748 450 2779; x_wconf 83' lang='lat' dir='ltr'>decernimus</span> <span class='ocrx_word' id='word_1_334' title='bbox 467 2749 594 2779; x_wconf 79' lang='lat' dir='ltr'>millius</span> <span class='ocrx_word' id='word_1_335' title='bbox 610 2750 757 2779; x_wconf 79' lang='lat' dir='ltr'>existere</span> <span class='ocrx_word' id='word_1_336' title='bbox 776 2749 958 2780; x_wconf 80' lang='lat' dir='ltr'>firmitatis.</span> <span class='ocrx_word' id='word_1_337' title='bbox 976 2749 1069 2780; x_wconf 90' lang='lat' dir='ltr'>Nulli</span> <span class='ocrx_word' id='word_1_338' title='bbox 1089 2752 1148 2780; x_wconf 88' lang='lat' dir='ltr'>etc.</span> <span class='ocrx_word' id='word_1_339' title='bbox 1170 2759 1243 2780; x_wconf 86' lang='lat' dir='ltr'>nos-</span> 
     </span>
     <span class='ocr_line' id='line_1_49' title="bbox 234 2801 1242 2835; baseline 0.003 -5"><span class='ocrx_word' id='word_1_340' title='bbox 234 2801 283 2830; x_wconf 82' lang='lat' dir='ltr'>tre</span> <span class='ocrx_word' id='word_1_341' title='bbox 304 2801 550 2835; x_wconf 77' lang='lat' dir='ltr'>absolutionis,</span> <span class='ocrx_word' id='word_1_342' title='bbox 572 2802 785 2833; x_wconf 87' lang='lat' dir='ltr'>inhibitionis</span> <span class='ocrx_word' id='word_1_343' title='bbox 801 2805 832 2833; x_wconf 87' lang='lat' dir='ltr'>et</span> <span class='ocrx_word' id='word_1_344' title='bbox 856 2802 1108 2833; x_wconf 83' lang='lat' dir='ltr'>constitutionis</span> <span class='ocrx_word' id='word_1_345' title='bbox 1127 2805 1185 2833; x_wconf 85' lang='lat' dir='ltr'>ete.</span> <span class='ocrx_word' id='word_1_346' title='bbox 1207 2804 1242 2833; x_wconf 79' lang='lat' dir='ltr'>Si</span> 
     </span>
     <span class='ocr_line' id='line_1_50' title="bbox 235 2848 1241 2893; baseline 0.004 -11"><span class='ocrx_word' id='word_1_347' title='bbox 235 2853 311 2891; x_wconf 87' lang='lat' dir='ltr'>quis</span> <span class='ocrx_word' id='word_1_348' title='bbox 339 2857 401 2884; x_wconf 80' lang='lat' dir='ltr'>cte.</span> <span class='ocrx_word' id='word_1_349' title='bbox 428 2855 548 2884; x_wconf 72' lang='lat' dir='ltr'>Datum</span> <span class='ocrx_word' id='word_1_350' title='bbox 572 2848 659 2893; x_wconf 81' lang='lat' dir='ltr'>apud</span> <span class='ocrx_word' id='word_1_351' title='bbox 687 2855 970 2892; x_wconf 76' lang='lat' dir='ltr'>t&#39;rbemveterem,</span> <span class='ocrx_word' id='word_1_352' title='bbox 1004 2865 1025 2884; x_wconf 84' lang='lat'>11</span> <span class='ocrx_word' id='word_1_353' title='bbox 1050 2856 1124 2886; x_wconf 88' lang='lat' dir='ltr'>idus</span> <span class='ocrx_word' id='word_1_354' title='bbox 1149 2856 1241 2893; x_wconf 88' lang='lat' dir='ltr'>maii,</span> 
     </span>
     <span class='ocr_line' id='line_1_51' title="bbox 235 2907 480 2937; baseline 0.008 -2"><span class='ocrx_word' id='word_1_355' title='bbox 235 2914 323 2936; x_wconf 89' lang='lat' dir='ltr'>anno</span> <span class='ocrx_word' id='word_1_356' title='bbox 341 2907 448 2937; x_wconf 84' lang='lat' dir='ltr'>tertio.</span> <span class='ocrx_word' id='word_1_357' title='bbox 467 2919 480 2934; x_wconf 68' lang='grc' dir='ltr'>υ</span> 
     </span>
    </p>
   </div>
   <div class='ocr_carea' id='block_1_3' title="bbox 1273 1914 1276 2792">
    <p class='ocr_par' dir='ltr' id='par_1_3' title="bbox 1273 1914 1276 2792">
     <span class='ocr_line' id='line_1_52' title="bbox 1273 1914 1276 2792; baseline 0 0"><span class='ocrx_word' id='word_1_358' title='bbox 1273 1914 1276 2792; x_wconf 95' lang='lat' dir='ltr'> </span> 
     </span>
    </p>
   </div>
   <div class='ocr_carea' id='block_1_4' title="bbox 1042 212 1502 252">
    <p class='ocr_par' dir='ltr' id='par_1_4' title="bbox 1042 212 1502 252">
     <span class='ocr_line' id='line_1_53' title="bbox 1042 212 1502 252; baseline -0.007 0"><span class='ocrx_word' id='word_1_359' title='bbox 1042 221 1265 252; x_wconf 73' lang='lat' dir='ltr'>REGisTRE</span> <span class='ocrx_word' id='word_1_360' title='bbox 1288 212 1502 250; x_wconf 75' lang='lat' dir='ltr'>CAMERAL</span> 
     </span>
    </p>
   </div>
   <div class='ocr_carea' id='block_1_5' title="bbox 1895 302 2239 336">
    <p class='ocr_par' dir='ltr' id='par_1_5' title="bbox 1895 302 2239 336">
     <span class='ocr_line' id='line_1_54' title="bbox 1895 302 2239 336; baseline 0.003 -8"><span class='ocrx_word' id='word_1_361' title='bbox 1895 302 2019 336; x_wconf 80' lang='lat' dir='ltr'>Orvieto,</span> <span class='ocrx_word' id='word_1_362' title='bbox 2037 303 2069 329; x_wconf 71' lang='lat'>14</span> <span class='ocrx_word' id='word_1_363' title='bbox 2083 303 2141 329; x_wconf 81' lang='lat' dir='ltr'>inai</span> <span class='ocrx_word' id='word_1_364' title='bbox 2164 304 2239 330; x_wconf 67' lang='lat'><strong>¹264.</strong></span> 
     </span>
    </p>
   </div>
   <div class='ocr_carea' id='block_1_6' title="bbox 1390 305 1464 336">
    <p class='ocr_par' dir='ltr' id='par_1_6' title="bbox 1390 305 1464 336">
     <span class='ocr_line' id='line_1_55' title="bbox 1390 305 1464 336; baseline -0.014 0"><span class='ocrx_word' id='word_1_365' title='bbox 1390 305 1464 336; x_wconf 76' lang='lat'>432</span> 
     </span>
    </p>
   </div>
   <div class='ocr_carea' id='block_1_7' title="bbox 1303 382 2317 564">
    <p class='ocr_par' dir='ltr' id='par_1_7' title="bbox 1303 382 2317 564">
     <span class='ocr_line' id='line_1_56' title="bbox 1350 382 2317 418; baseline -0.001 -8"><span class='ocrx_word' id='word_1_366' title='bbox 1350 384 1490 418; x_wconf 79' lang='lat' dir='ltr'>Episcopo</span> <span class='ocrx_word' id='word_1_367' title='bbox 1508 382 1700 415; x_wconf 57' lang='lat' dir='ltr'>Magaloncnsi</span> <span class='ocrx_word' id='word_1_368' title='bbox 1721 382 1839 408; x_wconf 81' lang='lat' dir='ltr'>mandat</span> <span class='ocrx_word' id='word_1_369' title='bbox 1862 384 2000 416; x_wconf 83' lang='lat' dir='ltr'>quatenus</span> <span class='ocrx_word' id='word_1_370' title='bbox 2022 385 2195 409; x_wconf 78' lang='lat' dir='ltr'>mercatores</span> <span class='ocrx_word' id='word_1_371' title='bbox 2214 384 2317 409; x_wconf 51' lang='lat' dir='ltr'>senene</span> 
     </span>
     <span class='ocr_line' id='line_1_57' title="bbox 1308 430 2316 466; baseline -0.001 -8"><span class='ocrx_word' id='word_1_372' title='bbox 1308 440 1352 458; x_wconf 87' lang='lat' dir='ltr'>scs</span> <span class='ocrx_word' id='word_1_373' title='bbox 1376 440 1461 466; x_wconf 87' lang='lat' dir='ltr'>super</span> <span class='ocrx_word' id='word_1_374' title='bbox 1478 431 1632 466; x_wconf 79' lang='lat' dir='ltr'>praedictis</span> <span class='ocrx_word' id='word_1_375' title='bbox 1646 433 1744 457; x_wconf 80' lang='lat' dir='ltr'>contra</span> <span class='ocrx_word' id='word_1_376' title='bbox 1763 430 1962 460; x_wconf 77' lang='lat' dir='ltr'>absolutionis,</span> <span class='ocrx_word' id='word_1_377' title='bbox 1990 430 2169 457; x_wconf 85' lang='lat' dir='ltr'>inhibitionis</span> <span class='ocrx_word' id='word_1_378' title='bbox 2187 434 2212 457; x_wconf 86' lang='lat' dir='ltr'>et</span> <span class='ocrx_word' id='word_1_379' title='bbox 2231 439 2316 457; x_wconf 87' lang='lat' dir='ltr'>cons-</span> 
     </span>
     <span class='ocr_line' id='line_1_58' title="bbox 1304 479 2316 514; baseline -0.001 -7"><span class='ocrx_word' id='word_1_380' title='bbox 1304 480 1449 507; x_wconf 80' lang='lat' dir='ltr'>titutionis</span> <span class='ocrx_word' id='word_1_381' title='bbox 1468 480 1695 514; x_wconf 75' lang='lat' dir='ltr'>apostolicarum</span> <span class='ocrx_word' id='word_1_382' title='bbox 1714 482 1856 508; x_wconf 84' lang='lat' dir='ltr'>tenorem,</span> <span class='ocrx_word' id='word_1_383' title='bbox 1875 479 1910 505; x_wconf 83' lang='lat' dir='ltr'>ab</span> <span class='ocrx_word' id='word_1_384' title='bbox 1927 479 2068 513; x_wconf 82' lang='lat' dir='ltr'>aliquibus</span> <span class='ocrx_word' id='word_1_385' title='bbox 2092 479 2239 506; x_wconf 81' lang='lat' dir='ltr'>molestari</span> <span class='ocrx_word' id='word_1_386' title='bbox 2260 487 2316 506; x_wconf 86' lang='lat' dir='ltr'>non</span> 
     </span>
     <span class='ocr_line' id='line_1_59' title="bbox 1303 528 1869 564; baseline -0.004 -9"><span class='ocrx_word' id='word_1_387' title='bbox 1303 529 1467 564; x_wconf 80' lang='lat' dir='ltr'>permittat.</span> <span class='ocrx_word' id='word_1_388' title='bbox 1486 529 1553 555; x_wconf 69' lang='lat' dir='ltr'>ltsso.</span> <span class='ocrx_word' id='word_1_389' title='bbox 1571 530 1615 559; x_wconf 69' lang='lat'>27,</span> <span class='ocrx_word' id='word_1_390' title='bbox 1636 528 1682 555; x_wconf 88' lang='lat' dir='ltr'>sol.</span> <span class='ocrx_word' id='word_1_391' title='bbox 1705 528 1763 561; x_wconf 75' lang='lat'>¹24,</span> <span class='ocrx_word' id='word_1_392' title='bbox 1782 532 1813 553; x_wconf 89' lang='lat' dir='ltr'>n0</span> <span class='ocrx_word' id='word_1_393' title='bbox 1835 529 1869 561; x_wconf 84' lang='lat' dir='ltr'>t.)</span> 
     </span>
    </p>
   </div>
   <div class='ocr_carea' id='block_1_8' title="bbox 1303 611 2318 751">
    <p class='ocr_par' dir='ltr' id='par_1_8' title="bbox 1303 611 2318 751">
     <span class='ocr_line' id='line_1_60' title="bbox 1348 611 2307 653; baseline 0 -12"><span class='ocrx_word' id='word_1_394' title='bbox 1348 626 1363 641; x_wconf 92' lang='lat'>«</span> <span class='ocrx_word' id='word_1_395' title='bbox 1386 639 1406 644; x_wconf 90' lang='lat'>..</span> <span class='ocrx_word' id='word_1_396' title='bbox 1424 615 1565 653; x_wconf 79' lang='lat' dir='ltr'>episcopo</span> <span class='ocrx_word' id='word_1_397' title='bbox 1582 613 1800 653; x_wconf 57' lang='lat' dir='ltr'>illaffltlonensi.</span> <span class='ocrx_word' id='word_1_398' title='bbox 1820 614 1903 643; x_wconf 81' lang='lat' dir='ltr'>Cum</span> <span class='ocrx_word' id='word_1_399' title='bbox 1921 611 2006 641; x_wconf 89' lang='lat' dir='ltr'>bone</span> <span class='ocrx_word' id='word_1_400' title='bbox 2022 612 2184 641; x_wconf 85' lang='lat' dir='ltr'>memorie</span> <span class='ocrx_word' id='word_1_401' title='bbox 2199 614 2260 642; x_wconf 89' lang='lat' dir='ltr'>etc.</span> <span class='ocrx_word' id='word_1_402' title='bbox 2277 630 2307 635; x_wconf 86' lang='lat'>—</span> 
     </span>
     <span class='ocr_line' id='line_1_61' title="bbox 1304 665 2318 706; baseline -0.004 -8"><span class='ocrx_word' id='word_1_403' title='bbox 1304 668 1427 698; x_wconf 86' lang='lat' dir='ltr'>Datum</span> <span class='ocrx_word' id='word_1_404' title='bbox 1447 667 1536 706; x_wconf 86' lang='lat' dir='ltr'>apud</span> <span class='ocrx_word' id='word_1_405' title='bbox 1563 667 1850 702; x_wconf 83' lang='lat' dir='ltr'>L&#39;rbemvcterem,</span> <span class='ocrx_word' id='word_1_406' title='bbox 1873 675 1894 695; x_wconf 91' lang='grc' dir='ltr'>ιι</span> <span class='ocrx_word' id='word_1_407' title='bbox 1922 665 1998 695; x_wconf 86' lang='lat' dir='ltr'>idus</span> <span class='ocrx_word' id='word_1_408' title='bbox 2018 665 2111 699; x_wconf 85' lang='lat' dir='ltr'>maii,</span> <span class='ocrx_word' id='word_1_409' title='bbox 2136 673 2223 695; x_wconf 85' lang='lat' dir='ltr'>anno</span> <span class='ocrx_word' id='word_1_410' title='bbox 2252 666 2318 695; x_wconf 92' lang='lat' dir='ltr'>ter-</span> 
     </span>
     <span class='ocr_line' id='line_1_62' title="bbox 1303 720 1394 751; baseline -0.011 -1"><span class='ocrx_word' id='word_1_411' title='bbox 1303 720 1363 751; x_wconf 68' lang='lat' dir='ltr'>tio.</span> <span class='ocrx_word' id='word_1_412' title='bbox 1381 733 1394 747; x_wconf 74' lang='lat' dir='ltr'>n</span> 
     </span>
    </p>
   </div>
   <div class='ocr_carea' id='block_1_9' title="bbox 1895 875 2244 906">
    <p class='ocr_par' dir='ltr' id='par_1_9' title="bbox 1895 875 2244 906">
     <span class='ocr_line' id='line_1_63' title="bbox 1895 875 2244 906; baseline -0.003 -4"><span class='ocrx_word' id='word_1_413' title='bbox 1895 875 2018 906; x_wconf 67' lang='lat' dir='ltr'>ervit-to,</span> <span class='ocrx_word' id='word_1_414' title='bbox 2042 877 2071 902; x_wconf 84' lang='lat'>15</span> <span class='ocrx_word' id='word_1_415' title='bbox 2090 875 2147 902; x_wconf 78' lang='lat' dir='ltr'>mai</span> <span class='ocrx_word' id='word_1_416' title='bbox 2170 877 2244 902; x_wconf 74' lang='lat'><strong>1264.</strong></span> 
     </span>
    </p>
   </div>
   <div class='ocr_carea' id='block_1_10' title="bbox 1395 879 1468 911">
    <p class='ocr_par' dir='ltr' id='par_1_10' title="bbox 1395 879 1468 911">
     <span class='ocr_line' id='line_1_64' title="bbox 1395 879 1468 911; baseline 0.014 -1"><span class='ocrx_word' id='word_1_417' title='bbox 1395 879 1468 911; x_wconf 74' lang='lat'>433</span> 
     </span>
    </p>
   </div>
   <div class='ocr_carea' id='block_1_11' title="bbox 1315 955 2320 1038">
    <p class='ocr_par' dir='ltr' id='par_1_11' title="bbox 1315 955 2320 1038">
     <span class='ocr_line' id='line_1_65' title="bbox 1342 955 2320 991; baseline -0.003 -6"><span class='ocrx_word' id='word_1_418' title='bbox 1342 959 1382 985; x_wconf 86' lang='lat' dir='ltr'>De</span> <span class='ocrx_word' id='word_1_419' title='bbox 1398 958 1569 985; x_wconf 77' lang='lat' dir='ltr'>executione</span> <span class='ocrx_word' id='word_1_420' title='bbox 1581 956 1748 984; x_wconf 78' lang='lat' dir='ltr'>testamenti</span> <span class='ocrx_word' id='word_1_421' title='bbox 1762 957 1905 991; x_wconf 82' lang='lat' dir='ltr'>quondam</span> <span class='ocrx_word' id='word_1_422' title='bbox 1920 955 2032 982; x_wconf 67' lang='lat' dir='ltr'>Robtrti</span> <span class='ocrx_word' id='word_1_423' title='bbox 2047 956 2081 981; x_wconf 84' lang='lat' dir='ltr'>de</span> <span class='ocrx_word' id='word_1_424' title='bbox 2097 956 2207 986; x_wconf 65' lang='lat' dir='ltr'>crudis,</span> <span class='ocrx_word' id='word_1_425' title='bbox 2223 955 2320 982; x_wconf 85' lang='lat' dir='ltr'>clerici</span> 
     </span>
     <span class='ocr_line' id='line_1_66' title="bbox 1315 1004 2098 1038; baseline -0.005 -4"><span class='ocrx_word' id='word_1_426' title='bbox 1315 1007 1500 1034; x_wconf 83' lang='lat' dir='ltr'>Abrincensis</span> <span class='ocrx_word' id='word_1_427' title='bbox 1519 1006 1651 1034; x_wconf 85' lang='lat' dir='ltr'>diocesis.</span> <span class='ocrx_word' id='word_1_428' title='bbox 1666 1006 1744 1038; x_wconf 66' lang='lat' dir='ltr'>(Rea.</span> <span class='ocrx_word' id='word_1_429' title='bbox 1760 1006 1804 1036; x_wconf 73' lang='lat'>27,</span> <span class='ocrx_word' id='word_1_430' title='bbox 1825 1004 1873 1031; x_wconf 86' lang='lat' dir='ltr'>sol.</span> <span class='ocrx_word' id='word_1_431' title='bbox 1895 1005 1943 1031; x_wconf 74' lang='lat'>¹24</span> <span class='ocrx_word' id='word_1_432' title='bbox 1960 1010 1996 1035; x_wconf 80' lang='lat' dir='ltr'>v0,</span> <span class='ocrx_word' id='word_1_433' title='bbox 2015 1010 2042 1030; x_wconf 77' lang='lat'>110</span> <span class='ocrx_word' id='word_1_434' title='bbox 2062 1006 2098 1038; x_wconf 85' lang='lat' dir='ltr'>t.)</span> 
     </span>
    </p>
   </div>
   <div class='ocr_carea' id='block_1_12' title="bbox 1301 1096 2321 2949">
    <p class='ocr_par' dir='ltr' id='par_1_12' title="bbox 1301 1096 2321 2949">
     <span class='ocr_line' id='line_1_67' title="bbox 1348 1096 2321 1137; baseline 0 -11"><span class='ocrx_word' id='word_1_435' title='bbox 1348 1110 1363 1126; x_wconf 74' lang='grc' dir='ltr'>α</span> <span class='ocrx_word' id='word_1_436' title='bbox 1384 1122 1402 1129; x_wconf 90' lang='grc'>.,</span> <span class='ocrx_word' id='word_1_437' title='bbox 1433 1098 1536 1128; x_wconf 77' lang='lat' dir='ltr'>abbati</span> <span class='ocrx_word' id='word_1_438' title='bbox 1566 1097 1810 1137; x_wconf 69' lang='lat' dir='ltr'>Saviynz&#39;acensi,</span> <span class='ocrx_word' id='word_1_439' title='bbox 1837 1097 2042 1127; x_wconf 80' lang='lat' dir='ltr'>Cislcrciensis</span> <span class='ocrx_word' id='word_1_440' title='bbox 2063 1096 2188 1133; x_wconf 80' lang='lat' dir='ltr'>ordinis,</span> <span class='ocrx_word' id='word_1_441' title='bbox 2207 1096 2321 1126; x_wconf 56' lang='lat' dir='ltr'>Abrin—</span> 
     </span>
     <span class='ocr_line' id='line_1_68' title="bbox 1309 1150 2319 1187; baseline -0.001 -6"><span class='ocrx_word' id='word_1_442' title='bbox 1309 1153 1405 1182; x_wconf 67' lang='lat' dir='ltr'>cerzsis</span> <span class='ocrx_word' id='word_1_443' title='bbox 1417 1152 1553 1182; x_wconf 80' lang='lat' dir='ltr'>diocesis.</span> <span class='ocrx_word' id='word_1_444' title='bbox 1572 1152 1639 1183; x_wconf 84' lang='lat' dir='ltr'>Sua</span> <span class='ocrx_word' id='word_1_445' title='bbox 1655 1151 1753 1182; x_wconf 85' lang='lat' dir='ltr'>nobis</span> <span class='ocrx_word' id='word_1_446' title='bbox 1772 1150 1942 1182; x_wconf 81' lang='lat' dir='ltr'>Robertus</span> <span class='ocrx_word' id='word_1_447' title='bbox 1961 1151 2000 1181; x_wconf 90' lang='lat' dir='ltr'>de</span> <span class='ocrx_word' id='word_1_448' title='bbox 2014 1150 2185 1185; x_wconf 83' lang='lat' dir='ltr'>Rochella,</span> <span class='ocrx_word' id='word_1_449' title='bbox 2206 1150 2319 1187; x_wconf 89' lang='lat' dir='ltr'>miles,</span> 
     </span>
     <span class='ocr_line' id='line_1_69' title="bbox 1308 1204 2321 1244; baseline -0.002 -8"><span class='ocrx_word' id='word_1_450' title='bbox 1308 1207 1466 1236; x_wconf 79' lang='lat' dir='ltr'>executor</span> <span class='ocrx_word' id='word_1_451' title='bbox 1484 1205 1678 1236; x_wconf 87' lang='lat' dir='ltr'>testamenti</span> <span class='ocrx_word' id='word_1_452' title='bbox 1698 1205 1867 1244; x_wconf 79' lang='lat' dir='ltr'>quondam</span> <span class='ocrx_word' id='word_1_453' title='bbox 1883 1204 2023 1235; x_wconf 85' lang='lat' dir='ltr'>Roberti</span> <span class='ocrx_word' id='word_1_454' title='bbox 2046 1204 2085 1234; x_wconf 90' lang='lat' dir='ltr'>de</span> <span class='ocrx_word' id='word_1_455' title='bbox 2104 1204 2237 1241; x_wconf 85' lang='lat' dir='ltr'>Crudis,</span> <span class='ocrx_word' id='word_1_456' title='bbox 2255 1204 2321 1235; x_wconf 88' lang='lat' dir='ltr'>cle-</span> 
     </span>
     <span class='ocr_line' id='line_1_70' title="bbox 1308 1257 2316 1297; baseline -0.001 -8"><span class='ocrx_word' id='word_1_457' title='bbox 1308 1259 1379 1296; x_wconf 87' lang='lat' dir='ltr'>rici,</span> <span class='ocrx_word' id='word_1_458' title='bbox 1415 1259 1574 1289; x_wconf 86' lang='lat' dir='ltr'>avunculi</span> <span class='ocrx_word' id='word_1_459' title='bbox 1612 1259 1677 1294; x_wconf 88' lang='lat' dir='ltr'>sui,</span> <span class='ocrx_word' id='word_1_460' title='bbox 1717 1258 1940 1289; x_wconf 80' lang='lat' dir='ltr'>Abrincensis</span> <span class='ocrx_word' id='word_1_461' title='bbox 1969 1258 2126 1294; x_wconf 88' lang='lat' dir='ltr'>diocesis,</span> <span class='ocrx_word' id='word_1_462' title='bbox 2155 1257 2316 1297; x_wconf 78' lang='lat' dir='ltr'>petItione</span> 
     </span>
     <span class='ocr_line' id='line_1_71' title="bbox 1307 1310 2318 1351; baseline -0.001 -9"><span class='ocrx_word' id='word_1_463' title='bbox 1307 1312 1509 1342; x_wconf 84' lang='lat' dir='ltr'>monstravit</span> <span class='ocrx_word' id='word_1_464' title='bbox 1524 1312 1624 1351; x_wconf 87' lang='lat' dir='ltr'>quod,</span> <span class='ocrx_word' id='word_1_465' title='bbox 1652 1320 1727 1341; x_wconf 88' lang='lat' dir='ltr'>eum</span> <span class='ocrx_word' id='word_1_466' title='bbox 1759 1311 1847 1341; x_wconf 87' lang='lat' dir='ltr'>idem</span> <span class='ocrx_word' id='word_1_467' title='bbox 1871 1311 2015 1341; x_wconf 86' lang='lat' dir='ltr'>clericus</span> <span class='ocrx_word' id='word_1_468' title='bbox 2037 1310 2181 1340; x_wconf 87' lang='lat' dir='ltr'>militem</span> <span class='ocrx_word' id='word_1_469' title='bbox 2205 1311 2318 1349; x_wconf 91' lang='lat' dir='ltr'>ipsum</span> 
     </span>
     <span class='ocr_line' id='line_1_72' title="bbox 1313 1364 2318 1402; baseline -0.003 -6"><span class='ocrx_word' id='word_1_470' title='bbox 1313 1367 1527 1396; x_wconf 76' lang='lat' dir='ltr'>executorem</span> <span class='ocrx_word' id='word_1_471' title='bbox 1555 1366 1607 1395; x_wconf 88' lang='lat' dir='ltr'>sui</span> <span class='ocrx_word' id='word_1_472' title='bbox 1635 1364 1847 1395; x_wconf 84' lang='lat' dir='ltr'>constituerit</span> <span class='ocrx_word' id='word_1_473' title='bbox 1870 1364 2074 1400; x_wconf 84' lang='lat' dir='ltr'>testamenti,</span> <span class='ocrx_word' id='word_1_474' title='bbox 2096 1364 2130 1393; x_wconf 89' lang='lat' dir='ltr'>in</span> <span class='ocrx_word' id='word_1_475' title='bbox 2157 1372 2223 1402; x_wconf 83' lang='lat' dir='ltr'>quo</span> <span class='ocrx_word' id='word_1_476' title='bbox 2242 1372 2318 1394; x_wconf 89' lang='lat' dir='ltr'>non-</span> 
     </span>
     <span class='ocr_line' id='line_1_73' title="bbox 1311 1417 2316 1456; baseline -0.001 -8"><span class='ocrx_word' id='word_1_477' title='bbox 1311 1419 1405 1448; x_wconf 88' lang='lat' dir='ltr'>nulla</span> <span class='ocrx_word' id='word_1_478' title='bbox 1421 1418 1508 1448; x_wconf 86' lang='lat' dir='ltr'>bona</span> <span class='ocrx_word' id='word_1_479' title='bbox 1530 1427 1589 1448; x_wconf 83' lang='lat' dir='ltr'>sua</span> <span class='ocrx_word' id='word_1_480' title='bbox 1607 1418 1648 1448; x_wconf 87' lang='lat' dir='ltr'>ad</span> <span class='ocrx_word' id='word_1_481' title='bbox 1672 1427 1704 1448; x_wconf 80' lang='lat' dir='ltr'>se</span> <span class='ocrx_word' id='word_1_482' title='bbox 1729 1417 1915 1456; x_wconf 85' lang='lat' dir='ltr'>spectantia</span> <span class='ocrx_word' id='word_1_483' title='bbox 1933 1417 1967 1446; x_wconf 93' lang='lat' dir='ltr'>in</span> <span class='ocrx_word' id='word_1_484' title='bbox 1992 1418 2066 1455; x_wconf 86' lang='lat' dir='ltr'>pios</span> <span class='ocrx_word' id='word_1_485' title='bbox 2084 1426 2168 1446; x_wconf 85' lang='lat' dir='ltr'>usus</span> <span class='ocrx_word' id='word_1_486' title='bbox 2185 1417 2316 1456; x_wconf 85' lang='lat' dir='ltr'>erogari</span> 
     </span>
     <span class='ocr_line' id='line_1_74' title="bbox 1310 1469 2314 1510; baseline 0.001 -11"><span class='ocrx_word' id='word_1_487' title='bbox 1310 1472 1471 1510; x_wconf 84' lang='lat' dir='ltr'>precepit,</span> <span class='ocrx_word' id='word_1_488' title='bbox 1504 1471 1591 1501; x_wconf 89' lang='lat' dir='ltr'>idem</span> <span class='ocrx_word' id='word_1_489' title='bbox 1624 1471 1724 1500; x_wconf 87' lang='lat' dir='ltr'>miles</span> <span class='ocrx_word' id='word_1_490' title='bbox 1757 1470 1926 1509; x_wconf 85' lang='lat' dir='ltr'>quandam</span> <span class='ocrx_word' id='word_1_491' title='bbox 1961 1469 2103 1508; x_wconf 87' lang='lat' dir='ltr'>pecunie</span> <span class='ocrx_word' id='word_1_492' title='bbox 2134 1478 2314 1505; x_wconf 86' lang='lat' dir='ltr'>summam,</span> 
     </span>
     <span class='ocr_line' id='line_1_75' title="bbox 1310 1522 2318 1562; baseline -0.002 -8"><span class='ocrx_word' id='word_1_493' title='bbox 1310 1533 1410 1562; x_wconf 86' lang='lat' dir='ltr'>quam</span> <span class='ocrx_word' id='word_1_494' title='bbox 1430 1525 1469 1554; x_wconf 89' lang='lat' dir='ltr'>de</span> <span class='ocrx_word' id='word_1_495' title='bbox 1489 1523 1587 1554; x_wconf 87' lang='lat' dir='ltr'>bonis</span> <span class='ocrx_word' id='word_1_496' title='bbox 1615 1523 1809 1562; x_wconf 88' lang='lat' dir='ltr'>hujusmodi</span> <span class='ocrx_word' id='word_1_497' title='bbox 1837 1523 1944 1553; x_wconf 86' lang='lat' dir='ltr'>dictus</span> <span class='ocrx_word' id='word_1_498' title='bbox 1969 1522 2112 1552; x_wconf 84' lang='lat' dir='ltr'>clericus</span> <span class='ocrx_word' id='word_1_499' title='bbox 2135 1523 2223 1561; x_wconf 88' lang='lat' dir='ltr'>apud</span> <span class='ocrx_word' id='word_1_500' title='bbox 2249 1531 2318 1553; x_wconf 87' lang='lat' dir='ltr'>mo-</span> 
     </span>
     <span class='ocr_line' id='line_1_76' title="bbox 1305 1576 2316 1613; baseline -0.002 -6"><span class='ocrx_word' id='word_1_501' title='bbox 1305 1578 1493 1608; x_wconf 87' lang='lat' dir='ltr'>nasterium</span> <span class='ocrx_word' id='word_1_502' title='bbox 1532 1577 1571 1607; x_wconf 90' lang='lat' dir='ltr'>de</span> <span class='ocrx_word' id='word_1_503' title='bbox 1613 1577 1776 1611; x_wconf 88' lang='lat' dir='ltr'>Lucerna,</span> <span class='ocrx_word' id='word_1_504' title='bbox 1809 1576 2136 1606; x_wconf 84' lang='lat' dir='ltr'>Premonstratensis</span> <span class='ocrx_word' id='word_1_505' title='bbox 2174 1576 2316 1613; x_wconf 86' lang='lat' dir='ltr'>ordinis,</span> 
     </span>
     <span class='ocr_line' id='line_1_77' title="bbox 1305 1629 2318 1670; baseline -0.001 -10"><span class='ocrx_word' id='word_1_506' title='bbox 1305 1631 1458 1670; x_wconf 87' lang='lat' dir='ltr'>ejusdem</span> <span class='ocrx_word' id='word_1_507' title='bbox 1480 1630 1638 1666; x_wconf 83' lang='lat' dir='ltr'>diocesis,</span> <span class='ocrx_word' id='word_1_508' title='bbox 1661 1630 1884 1665; x_wconf 87' lang='lat' dir='ltr'>dumviveret,</span> <span class='ocrx_word' id='word_1_509' title='bbox 1911 1629 2124 1668; x_wconf 81' lang='lat' dir='ltr'>deposuerat,</span> <span class='ocrx_word' id='word_1_510' title='bbox 2149 1638 2318 1668; x_wconf 86' lang='lat' dir='ltr'>quamque</span> 
     </span>
     <span class='ocr_line' id='line_1_78' title="bbox 1304 1682 2319 1722; baseline -0.001 -9"><span class='ocrx_word' id='word_1_511' title='bbox 1304 1684 1407 1714; x_wconf 91' lang='lat' dir='ltr'>militi</span> <span class='ocrx_word' id='word_1_512' title='bbox 1436 1684 1585 1722; x_wconf 86' lang='lat' dir='ltr'>predicto</span> <span class='ocrx_word' id='word_1_513' title='bbox 1617 1683 1769 1713; x_wconf 82' lang='lat' dir='ltr'>exhiberi</span> <span class='ocrx_word' id='word_1_514' title='bbox 1798 1683 1985 1717; x_wconf 87' lang='lat' dir='ltr'>mandarat,</span> <span class='ocrx_word' id='word_1_515' title='bbox 2022 1684 2053 1712; x_wconf 91' lang='lat' dir='ltr'>et</span> <span class='ocrx_word' id='word_1_516' title='bbox 2082 1682 2226 1721; x_wconf 86' lang='lat' dir='ltr'>quedam</span> <span class='ocrx_word' id='word_1_517' title='bbox 2251 1682 2319 1713; x_wconf 87' lang='lat' dir='ltr'>alia</span> 
     </span>
     <span class='ocr_line' id='line_1_79' title="bbox 1304 1735 2315 1776; baseline -0.002 -8"><span class='ocrx_word' id='word_1_518' title='bbox 1304 1738 1385 1768; x_wconf 88' lang='lat' dir='ltr'>dicti</span> <span class='ocrx_word' id='word_1_519' title='bbox 1407 1738 1581 1768; x_wconf 87' lang='lat' dir='ltr'>testatoris</span> <span class='ocrx_word' id='word_1_520' title='bbox 1598 1737 1683 1768; x_wconf 90' lang='lat' dir='ltr'>bona</span> <span class='ocrx_word' id='word_1_521' title='bbox 1702 1737 1839 1776; x_wconf 89' lang='lat' dir='ltr'>recepit,</span> <span class='ocrx_word' id='word_1_522' title='bbox 1852 1737 2030 1767; x_wconf 89' lang='lat' dir='ltr'>intendens</span> <span class='ocrx_word' id='word_1_523' title='bbox 2045 1745 2082 1767; x_wconf 89' lang='lat' dir='ltr'>ea</span> <span class='ocrx_word' id='word_1_524' title='bbox 2097 1735 2315 1773; x_wconf 87' lang='lat' dir='ltr'>distribuere,</span> 
     </span>
     <span class='ocr_line' id='line_1_80' title="bbox 1301 1790 2319 1832; baseline -0.003 -10"><span class='ocrx_word' id='word_1_525' title='bbox 1301 1793 1399 1832; x_wconf 87' lang='lat' dir='ltr'>juxta</span> <span class='ocrx_word' id='word_1_526' title='bbox 1418 1791 1664 1822; x_wconf 86' lang='lat' dir='ltr'>ordinationem</span> <span class='ocrx_word' id='word_1_527' title='bbox 1692 1790 1865 1821; x_wconf 83' lang='lat' dir='ltr'>testatoris</span> <span class='ocrx_word' id='word_1_528' title='bbox 1890 1790 2053 1829; x_wconf 84' lang='lat' dir='ltr'>ejusdem.</span> <span class='ocrx_word' id='word_1_529' title='bbox 2073 1790 2159 1820; x_wconf 82' lang='lat' dir='ltr'>Sane</span> <span class='ocrx_word' id='word_1_530' title='bbox 2182 1798 2319 1820; x_wconf 88' lang='lat' dir='ltr'>venera-</span> 
     </span>
     <span class='ocr_line' id='line_1_81' title="bbox 1303 1843 2318 1882; baseline -0.002 -7"><span class='ocrx_word' id='word_1_531' title='bbox 1303 1845 1387 1875; x_wconf 88' lang='lat' dir='ltr'>bilis</span> <span class='ocrx_word' id='word_1_532' title='bbox 1407 1845 1510 1875; x_wconf 79' lang='lat' dir='ltr'>frater</span> <span class='ocrx_word' id='word_1_533' title='bbox 1526 1846 1664 1874; x_wconf 88' lang='lat' dir='ltr'>noster..</span> <span class='ocrx_word' id='word_1_534' title='bbox 1684 1843 1906 1874; x_wconf 71' lang='lat' dir='ltr'>Ala-incensis</span> <span class='ocrx_word' id='word_1_535' title='bbox 1924 1843 2115 1882; x_wconf 86' lang='lat' dir='ltr'>episcopus,</span> <span class='ocrx_word' id='word_1_536' title='bbox 2136 1843 2194 1881; x_wconf 88' lang='lat' dir='ltr'>qui</span> <span class='ocrx_word' id='word_1_537' title='bbox 2214 1851 2249 1873; x_wconf 90' lang='lat' dir='ltr'>se</span> <span class='ocrx_word' id='word_1_538' title='bbox 2268 1851 2318 1873; x_wconf 85' lang='lat' dir='ltr'>as-</span> 
     </span>
     <span class='ocr_line' id='line_1_82' title="bbox 1305 1896 2318 1935; baseline -0.002 -7"><span class='ocrx_word' id='word_1_539' title='bbox 1305 1899 1388 1928; x_wconf 89' lang='lat' dir='ltr'>serit</span> <span class='ocrx_word' id='word_1_540' title='bbox 1428 1899 1462 1928; x_wconf 90' lang='lat' dir='ltr'>in</span> <span class='ocrx_word' id='word_1_541' title='bbox 1499 1898 1698 1928; x_wconf 81' lang='lat' dir='ltr'>executione</span> <span class='ocrx_word' id='word_1_542' title='bbox 1732 1898 2012 1927; x_wconf 82' lang='lat' dir='ltr'>testamentorum</span> <span class='ocrx_word' id='word_1_543' title='bbox 2044 1896 2238 1935; x_wconf 86' lang='lat' dir='ltr'>hujusmodi</span> <span class='ocrx_word' id='word_1_544' title='bbox 2277 1896 2318 1926; x_wconf 88' lang='lat' dir='ltr'>de</span> 
     </span>
     <span class='ocr_line' id='line_1_83' title="bbox 1305 1948 2319 1989; baseline -0.003 -8"><span class='ocrx_word' id='word_1_545' title='bbox 1305 1951 1547 1982; x_wconf 86' lang='lat' dir='ltr'>consuetudine</span> <span class='ocrx_word' id='word_1_546' title='bbox 1557 1951 1612 1989; x_wconf 77' lang='lat' dir='ltr'>Jus</span> <span class='ocrx_word' id='word_1_547' title='bbox 1631 1950 1764 1983; x_wconf 87' lang='lat' dir='ltr'>habere,</span> <span class='ocrx_word' id='word_1_548' title='bbox 1782 1951 1874 1979; x_wconf 86' lang='lat' dir='ltr'>motu</span> <span class='ocrx_word' id='word_1_549' title='bbox 1891 1949 2040 1988; x_wconf 87' lang='lat' dir='ltr'>proprio,</span> <span class='ocrx_word' id='word_1_550' title='bbox 2052 1949 2093 1979; x_wconf 88' lang='lat' dir='ltr'>ad</span> <span class='ocrx_word' id='word_1_551' title='bbox 2105 1948 2234 1979; x_wconf 84' lang='lat' dir='ltr'>nullius</span> <span class='ocrx_word' id='word_1_552' title='bbox 2251 1949 2319 1978; x_wconf 89' lang='lat' dir='ltr'>ins—</span> 
     </span>
     <span class='ocr_line' id='line_1_84' title="bbox 1304 2001 2318 2041; baseline -0.003 -7"><span class='ocrx_word' id='word_1_553' title='bbox 1304 2004 1459 2040; x_wconf 85' lang='lat' dir='ltr'>tantiam,</span> <span class='ocrx_word' id='word_1_554' title='bbox 1486 2003 1595 2033; x_wconf 88' lang='lat' dir='ltr'>eidem</span> <span class='ocrx_word' id='word_1_555' title='bbox 1626 2003 1774 2041; x_wconf 79' lang='lat' dir='ltr'>precepit</span> <span class='ocrx_word' id='word_1_556' title='bbox 1796 2002 1898 2032; x_wconf 90' lang='lat' dir='ltr'>militi</span> <span class='ocrx_word' id='word_1_557' title='bbox 1917 2003 1953 2031; x_wconf 91' lang='lat' dir='ltr'>ut</span> <span class='ocrx_word' id='word_1_558' title='bbox 1976 2001 2153 2040; x_wconf 84' lang='lat' dir='ltr'>pecuniam</span> <span class='ocrx_word' id='word_1_559' title='bbox 2182 2004 2211 2031; x_wconf 88' lang='lat' dir='ltr'>et</span> <span class='ocrx_word' id='word_1_560' title='bbox 2230 2001 2318 2031; x_wconf 82' lang='lat' dir='ltr'>bona</span> 
     </span>
     <span class='ocr_line' id='line_1_85' title="bbox 1305 2053 2317 2097; baseline -0.004 -10"><span class='ocrx_word' id='word_1_561' title='bbox 1305 2057 1501 2097; x_wconf 82' lang='lat' dir='ltr'>hujusmodi</span> <span class='ocrx_word' id='word_1_562' title='bbox 1532 2056 1597 2086; x_wconf 82' lang='lat' dir='ltr'>sibi</span> <span class='ocrx_word' id='word_1_563' title='bbox 1615 2055 1798 2091; x_wconf 80' lang='lat' dir='ltr'>exhiberet,</span> <span class='ocrx_word' id='word_1_564' title='bbox 1821 2055 1873 2085; x_wconf 85' lang='lat' dir='ltr'>vel</span> <span class='ocrx_word' id='word_1_565' title='bbox 1893 2063 1929 2085; x_wconf 89' lang='lat' dir='ltr'>ea</span> <span class='ocrx_word' id='word_1_566' title='bbox 1951 2057 2125 2093; x_wconf 80' lang='lat' dir='ltr'>reponeret</span> <span class='ocrx_word' id='word_1_567' title='bbox 2142 2054 2175 2083; x_wconf 91' lang='lat' dir='ltr'>in</span> <span class='ocrx_word' id='word_1_568' title='bbox 2199 2053 2282 2083; x_wconf 83' lang='lat' dir='ltr'>locis</span> <span class='ocrx_word' id='word_1_569' title='bbox 2299 2061 2317 2083; x_wconf 86' lang='lat' dir='ltr'>a</span> 
     </span>
     <span class='ocr_line' id='line_1_86' title="bbox 1309 2106 2317 2150; baseline -0.004 -10"><span class='ocrx_word' id='word_1_570' title='bbox 1309 2110 1434 2150; x_wconf 88' lang='lat' dir='ltr'>quibus</span> <span class='ocrx_word' id='word_1_571' title='bbox 1460 2111 1534 2149; x_wconf 88' lang='lat' dir='ltr'>ipsa</span> <span class='ocrx_word' id='word_1_572' title='bbox 1557 2111 1739 2148; x_wconf 79' lang='lat' dir='ltr'>receperat,</span> <span class='ocrx_word' id='word_1_573' title='bbox 1758 2110 1788 2139; x_wconf 87' lang='lat' dir='ltr'>et</span> <span class='ocrx_word' id='word_1_574' title='bbox 1809 2109 1838 2139; x_wconf 89' lang='lat' dir='ltr'>ei</span> <span class='ocrx_word' id='word_1_575' title='bbox 1866 2107 2106 2137; x_wconf 85' lang='lat' dir='ltr'>nichilominus</span> <span class='ocrx_word' id='word_1_576' title='bbox 2128 2106 2317 2146; x_wconf 86' lang='lat' dir='ltr'>predictum</span> 
     </span>
     <span class='ocr_line' id='line_1_87' title="bbox 1305 2159 2318 2200; baseline -0.005 -6"><span class='ocrx_word' id='word_1_577' title='bbox 1305 2164 1454 2194; x_wconf 86' lang='lat' dir='ltr'>traderet</span> <span class='ocrx_word' id='word_1_578' title='bbox 1484 2164 1734 2193; x_wconf 85' lang='lat' dir='ltr'>testamentum.</span> <span class='ocrx_word' id='word_1_579' title='bbox 1752 2162 1803 2192; x_wconf 85' lang='lat' dir='ltr'>Ex</span> <span class='ocrx_word' id='word_1_580' title='bbox 1832 2162 1927 2200; x_wconf 86' lang='lat' dir='ltr'>parte</span> <span class='ocrx_word' id='word_1_581' title='bbox 1945 2169 2024 2191; x_wconf 89' lang='lat' dir='ltr'>vero</span> <span class='ocrx_word' id='word_1_582' title='bbox 2052 2161 2162 2199; x_wconf 84' lang='lat' dir='ltr'>ipsius</span> <span class='ocrx_word' id='word_1_583' title='bbox 2194 2159 2318 2190; x_wconf 90' lang='lat' dir='ltr'>militis</span> 
     </span>
     <span class='ocr_line' id='line_1_88' title="bbox 1305 2213 2317 2254; baseline -0.006 -6"><span class='ocrx_word' id='word_1_584' title='bbox 1305 2217 1369 2248; x_wconf 88' lang='lat' dir='ltr'>suit</span> <span class='ocrx_word' id='word_1_585' title='bbox 1402 2225 1515 2247; x_wconf 88' lang='lat' dir='ltr'>coram</span> <span class='ocrx_word' id='word_1_586' title='bbox 1547 2215 1663 2246; x_wconf 86' lang='lat' dir='ltr'>eodem</span> <span class='ocrx_word' id='word_1_587' title='bbox 1688 2215 1847 2254; x_wconf 85' lang='lat' dir='ltr'>episcopo</span> <span class='ocrx_word' id='word_1_588' title='bbox 1878 2213 2078 2253; x_wconf 83' lang='lat' dir='ltr'>excipiendo</span> <span class='ocrx_word' id='word_1_589' title='bbox 2106 2215 2317 2252; x_wconf 79' lang='lat' dir='ltr'>propositum</span> 
     </span>
     <span class='ocr_line' id='line_1_89' title="bbox 1312 2266 2319 2309; baseline -0.005 -8"><span class='ocrx_word' id='word_1_590' title='bbox 1312 2270 1412 2309; x_wconf 84' lang='lat' dir='ltr'>quod,</span> <span class='ocrx_word' id='word_1_591' title='bbox 1433 2279 1507 2300; x_wconf 86' lang='lat' dir='ltr'>cum</span> <span class='ocrx_word' id='word_1_592' title='bbox 1526 2269 1675 2308; x_wconf 86' lang='lat' dir='ltr'>prefatus</span> <span class='ocrx_word' id='word_1_593' title='bbox 1697 2268 1840 2299; x_wconf 87' lang='lat' dir='ltr'>clericus</span> <span class='ocrx_word' id='word_1_594' title='bbox 1855 2267 2074 2303; x_wconf 81' lang='lat' dir='ltr'>condidisset,</span> <span class='ocrx_word' id='word_1_595' title='bbox 2092 2268 2127 2297; x_wconf 90' lang='lat' dir='ltr'>ut</span> <span class='ocrx_word' id='word_1_596' title='bbox 2151 2266 2319 2305; x_wconf 87' lang='lat' dir='ltr'>premitti-</span> 
     </span>
     <span class='ocr_line' id='line_1_90' title="bbox 1305 2319 2317 2361; baseline -0.006 -7"><span class='ocrx_word' id='word_1_597' title='bbox 1305 2325 1372 2359; x_wconf 88' lang='lat' dir='ltr'>tur,</span> <span class='ocrx_word' id='word_1_598' title='bbox 1395 2323 1648 2358; x_wconf 83' lang='lat' dir='ltr'>testamentum,</span> <span class='ocrx_word' id='word_1_599' title='bbox 1668 2321 1764 2361; x_wconf 80' lang='lat' dir='ltr'>cujus</span> <span class='ocrx_word' id='word_1_600' title='bbox 1786 2322 1999 2352; x_wconf 81' lang='lat' dir='ltr'>executorem</span> <span class='ocrx_word' id='word_1_601' title='bbox 2027 2320 2171 2350; x_wconf 83' lang='lat' dir='ltr'>militem</span> <span class='ocrx_word' id='word_1_602' title='bbox 2195 2319 2317 2349; x_wconf 85' lang='lat' dir='ltr'>consti-</span> 
     </span>
     <span class='ocr_line' id='line_1_91' title="bbox 1306 2371 2318 2415; baseline -0.005 -7"><span class='ocrx_word' id='word_1_603' title='bbox 1306 2379 1415 2408; x_wconf 82' lang='lat' dir='ltr'>tuerat</span> <span class='ocrx_word' id='word_1_604' title='bbox 1446 2376 1689 2415; x_wconf 85' lang='lat' dir='ltr'>snpradictum,</span> <span class='ocrx_word' id='word_1_605' title='bbox 1731 2376 1829 2414; x_wconf 86' lang='lat' dir='ltr'>prout</span> <span class='ocrx_word' id='word_1_606' title='bbox 1873 2376 1943 2404; x_wconf 87' lang='lat' dir='ltr'>erat</span> <span class='ocrx_word' id='word_1_607' title='bbox 1982 2373 2132 2412; x_wconf 80' lang='lat' dir='ltr'>legitime</span> <span class='ocrx_word' id='word_1_608' title='bbox 2175 2371 2318 2411; x_wconf 84' lang='lat' dir='ltr'>probare</span> 
     </span>
     <span class='ocr_line' id='line_1_92' title="bbox 1311 2424 2321 2469; baseline -0.004 -9"><span class='ocrx_word' id='word_1_609' title='bbox 1311 2431 1460 2469; x_wconf 85' lang='lat' dir='ltr'>paratus,</span> <span class='ocrx_word' id='word_1_610' title='bbox 1477 2429 1550 2468; x_wconf 87' lang='lat' dir='ltr'>ipse</span> <span class='ocrx_word' id='word_1_611' title='bbox 1575 2428 1615 2458; x_wconf 86' lang='lat' dir='ltr'>ad</span> <span class='ocrx_word' id='word_1_612' title='bbox 1636 2427 1861 2458; x_wconf 87' lang='lat' dir='ltr'>exhibendum</span> <span class='ocrx_word' id='word_1_613' title='bbox 1881 2427 2058 2466; x_wconf 87' lang='lat' dir='ltr'>pecuniam</span> <span class='ocrx_word' id='word_1_614' title='bbox 2077 2428 2106 2456; x_wconf 86' lang='lat' dir='ltr'>et</span> <span class='ocrx_word' id='word_1_615' title='bbox 2133 2424 2221 2457; x_wconf 85' lang='lat' dir='ltr'>bona</span> <span class='ocrx_word' id='word_1_616' title='bbox 2247 2433 2321 2465; x_wconf 86' lang='lat' dir='ltr'>pre·</span> 
     </span>
     <span class='ocr_line' id='line_1_93' title="bbox 1309 2479 2319 2521; baseline -0.005 -7"><span class='ocrx_word' id='word_1_617' title='bbox 1309 2484 1399 2514; x_wconf 89' lang='lat' dir='ltr'>dicta</span> <span class='ocrx_word' id='word_1_618' title='bbox 1415 2483 1524 2513; x_wconf 86' lang='lat' dir='ltr'>eidem</span> <span class='ocrx_word' id='word_1_619' title='bbox 1543 2482 1702 2521; x_wconf 88' lang='lat' dir='ltr'>episcopo</span> <span class='ocrx_word' id='word_1_620' title='bbox 1719 2480 1771 2511; x_wconf 90' lang='lat' dir='ltr'>vel</span> <span class='ocrx_word' id='word_1_621' title='bbox 1797 2480 2027 2520; x_wconf 85' lang='lat' dir='ltr'>reponendum</span> <span class='ocrx_word' id='word_1_622' title='bbox 2046 2480 2080 2510; x_wconf 89' lang='lat' dir='ltr'>in</span> <span class='ocrx_word' id='word_1_623' title='bbox 2104 2479 2189 2510; x_wconf 88' lang='lat' dir='ltr'>locis</span> <span class='ocrx_word' id='word_1_624' title='bbox 2204 2479 2319 2519; x_wconf 86' lang='lat' dir='ltr'>hujus·</span> 
     </span>
     <span class='ocr_line' id='line_1_94' title="bbox 1312 2532 2317 2573; baseline -0.005 -5"><span class='ocrx_word' id='word_1_625' title='bbox 1312 2537 1403 2568; x_wconf 89' lang='lat' dir='ltr'>modi</span> <span class='ocrx_word' id='word_1_626' title='bbox 1433 2537 1488 2566; x_wconf 88' lang='lat' dir='ltr'>aut</span> <span class='ocrx_word' id='word_1_627' title='bbox 1508 2535 1709 2566; x_wconf 85' lang='lat' dir='ltr'>tradendum</span> <span class='ocrx_word' id='word_1_628' title='bbox 1740 2534 1849 2565; x_wconf 90' lang='lat' dir='ltr'>eidem</span> <span class='ocrx_word' id='word_1_629' title='bbox 1875 2533 2032 2573; x_wconf 84' lang='lat' dir='ltr'>episeopo</span> <span class='ocrx_word' id='word_1_630' title='bbox 2060 2532 2187 2563; x_wconf 86' lang='lat' dir='ltr'>dictum</span> <span class='ocrx_word' id='word_1_631' title='bbox 2217 2534 2317 2564; x_wconf 84' lang='lat' dir='ltr'>testa·</span> 
     </span>
     <span class='ocr_line' id='line_1_95' title="bbox 1309 2586 2316 2627; baseline -0.004 -6"><span class='ocrx_word' id='word_1_632' title='bbox 1309 2591 1461 2621; x_wconf 89' lang='lat' dir='ltr'>mentum</span> <span class='ocrx_word' id='word_1_633' title='bbox 1469 2587 1803 2619; x_wconf 87' lang='lat' dir='ltr'>minimetenebatur.</span> <span class='ocrx_word' id='word_1_634' title='bbox 1814 2588 1853 2619; x_wconf 86' lang='lat' dir='ltr'>Et</span> <span class='ocrx_word' id='word_1_635' title='bbox 1865 2588 1944 2627; x_wconf 89' lang='lat' dir='ltr'>quia</span> <span class='ocrx_word' id='word_1_636' title='bbox 1952 2587 2124 2626; x_wconf 87' lang='lat' dir='ltr'>predictus</span> <span class='ocrx_word' id='word_1_637' title='bbox 2136 2586 2316 2626; x_wconf 84' lang='lat' dir='ltr'>episcopus</span> 
     </span>
     <span class='ocr_line' id='line_1_96' title="bbox 1308 2639 2316 2682; baseline -0.005 -8"><span class='ocrx_word' id='word_1_638' title='bbox 1308 2653 1384 2674; x_wconf 89' lang='lat' dir='ltr'>eum</span> <span class='ocrx_word' id='word_1_639' title='bbox 1404 2652 1506 2682; x_wconf 89' lang='lat' dir='ltr'>super</span> <span class='ocrx_word' id='word_1_640' title='bbox 1520 2642 1581 2673; x_wconf 90' lang='lat' dir='ltr'>hoc</span> <span class='ocrx_word' id='word_1_641' title='bbox 1599 2643 1715 2673; x_wconf 82' lang='lat' dir='ltr'>audire</span> <span class='ocrx_word' id='word_1_642' title='bbox 1729 2644 1845 2673; x_wconf 86' lang='lat' dir='ltr'>contra</span> <span class='ocrx_word' id='word_1_643' title='bbox 1857 2641 2025 2681; x_wconf 85' lang='lat' dir='ltr'>justitiam</span> <span class='ocrx_word' id='word_1_644' title='bbox 2042 2640 2230 2679; x_wconf 72' lang='lat' dir='ltr'>denegavit,</span> <span class='ocrx_word' id='word_1_645' title='bbox 2244 2639 2316 2678; x_wconf 84' lang='lat' dir='ltr'>ipse</span> 
     </span>
     <span class='ocr_line' id='line_1_97' title="bbox 1307 2692 2315 2734; baseline -0.007 -6"><span class='ocrx_word' id='word_1_646' title='bbox 1307 2697 1461 2728; x_wconf 90' lang='lat' dir='ltr'>sentiens</span> <span class='ocrx_word' id='word_1_647' title='bbox 1478 2705 1519 2727; x_wconf 88' lang='lat' dir='ltr'>ex</span> <span class='ocrx_word' id='word_1_648' title='bbox 1534 2696 1595 2727; x_wconf 85' lang='lat' dir='ltr'>hoc</span> <span class='ocrx_word' id='word_1_649' title='bbox 1618 2695 1765 2726; x_wconf 87' lang='lat' dir='ltr'>indebite</span> <span class='ocrx_word' id='word_1_650' title='bbox 1789 2704 1824 2726; x_wconf 83' lang='lat' dir='ltr'>se</span> <span class='ocrx_word' id='word_1_651' title='bbox 1846 2695 1990 2734; x_wconf 81' lang='lat' dir='ltr'>gravari,</span> <span class='ocrx_word' id='word_1_652' title='bbox 2014 2694 2055 2724; x_wconf 87' lang='lat' dir='ltr'>ad</span> <span class='ocrx_word' id='word_1_653' title='bbox 2070 2692 2315 2731; x_wconf 84' lang='lat' dir='ltr'>Rothomagen·</span> 
     </span>
     <span class='ocr_line' id='line_1_98' title="bbox 1306 2745 2314 2789; baseline -0.006 -8"><span class='ocrx_word' id='word_1_654' title='bbox 1306 2760 1377 2781; x_wconf 88' lang='lat' dir='ltr'>sem</span> <span class='ocrx_word' id='word_1_655' title='bbox 1396 2751 1525 2781; x_wconf 87' lang='lat' dir='ltr'>curiam</span> <span class='ocrx_word' id='word_1_656' title='bbox 1543 2750 1738 2789; x_wconf 87' lang='lat' dir='ltr'>appellavit.</span> <span class='ocrx_word' id='word_1_657' title='bbox 1751 2750 1795 2780; x_wconf 74' lang='lat' dir='ltr'>At</span> <span class='ocrx_word' id='word_1_658' title='bbox 1812 2749 1899 2779; x_wconf 87' lang='lat' dir='ltr'>idem</span> <span class='ocrx_word' id='word_1_659' title='bbox 1913 2749 2103 2787; x_wconf 87' lang='lat' dir='ltr'>episcopus,</span> <span class='ocrx_word' id='word_1_660' title='bbox 2119 2745 2314 2785; x_wconf 89' lang='lat' dir='ltr'>hujusmodi</span> 
     </span>
     <span class='ocr_line' id='line_1_99' title="bbox 1307 2799 2314 2843; baseline -0.007 -9"><span class='ocrx_word' id='word_1_661' title='bbox 1307 2803 1534 2843; x_wconf 85' lang='lat' dir='ltr'>appellatione</span> <span class='ocrx_word' id='word_1_662' title='bbox 1559 2804 1762 2841; x_wconf 80' lang='lat' dir='ltr'>contempta,</span> <span class='ocrx_word' id='word_1_663' title='bbox 1788 2802 1865 2833; x_wconf 88' lang='lat' dir='ltr'>tulit</span> <span class='ocrx_word' id='word_1_664' title='bbox 1888 2799 2210 2832; x_wconf 71' lang='lat' dir='ltr'>excommucationis</span> <span class='ocrx_word' id='word_1_665' title='bbox 2242 2807 2314 2829; x_wconf 85' lang='lat' dir='ltr'>sen-</span> 
     </span>
     <span class='ocr_line' id='line_1_100' title="bbox 1306 2851 2314 2891; baseline -0.005 -5"><span class='ocrx_word' id='word_1_666' title='bbox 1306 2857 1447 2887; x_wconf 87' lang='lat' dir='ltr'>tentiam</span> <span class='ocrx_word' id='word_1_667' title='bbox 1465 2857 1498 2886; x_wconf 91' lang='lat' dir='ltr'>in</span> <span class='ocrx_word' id='word_1_668' title='bbox 1518 2856 1668 2886; x_wconf 85' lang='lat' dir='ltr'>eundem.</span> <span class='ocrx_word' id='word_1_669' title='bbox 1692 2856 1808 2891; x_wconf 84' lang='lat' dir='ltr'>Porro,</span> <span class='ocrx_word' id='word_1_670' title='bbox 1829 2863 1940 2885; x_wconf 85' lang='lat' dir='ltr'>coram</span> <span class='ocrx_word' id='word_1_671' title='bbox 1962 2877 1981 2884; x_wconf 88' lang='lat'>..</span> <span class='ocrx_word' id='word_1_672' title='bbox 2002 2851 2139 2884; x_wconf 81' lang='lat' dir='ltr'>officiali</span> <span class='ocrx_word' id='word_1_673' title='bbox 2163 2851 2314 2889; x_wconf 83' lang='lat' dir='ltr'>ejusdem</span> 
     </span>
     <span class='ocr_line' id='line_1_101' title="bbox 1307 2904 2316 2949; baseline -0.005 -9"><span class='ocrx_word' id='word_1_674' title='bbox 1307 2910 1398 2940; x_wconf 87' lang='lat' dir='ltr'>curie</span> <span class='ocrx_word' id='word_1_675' title='bbox 1422 2909 1615 2949; x_wconf 78' lang='lat' dir='ltr'>hujusmodi</span> <span class='ocrx_word' id='word_1_676' title='bbox 1642 2909 1807 2948; x_wconf 85' lang='lat' dir='ltr'>pendente</span> <span class='ocrx_word' id='word_1_677' title='bbox 1837 2907 1982 2947; x_wconf 83' lang='lat' dir='ltr'>negotio,</span> <span class='ocrx_word' id='word_1_678' title='bbox 2009 2906 2120 2936; x_wconf 85' lang='lat' dir='ltr'>dictus</span> <span class='ocrx_word' id='word_1_679' title='bbox 2147 2904 2246 2934; x_wconf 80' lang='lat' dir='ltr'>miles</span> <span class='ocrx_word' id='word_1_680' title='bbox 2269 2907 2316 2935; x_wconf 84' lang='lat' dir='ltr'>at-</span> 
     </span>
    </p>
   </div>
  </div>
 </body>
</html>
