2547 3289
260 247 298 276 38
1006 237 1256 268 REGisTREs
1280 236 1493 267 D'URBAIN
1519 239 1574 267 tv.

260 325 480 364 prejudicium
500 326 530 353 et
553 325 699 353 vestrum
731 331 793 351 non
816 321 985 351 modicum
1016 319 1262 349 detrimentum.

258 379 344 415 Quia
382 386 459 408 vero
487 376 693 415 sepedictum
724 375 868 405 castrum
897 374 936 403 ad
967 381 1028 403 nos
1058 373 1089 402 et
1124 371 1262 402 eandem

257 431 431 461 ecclesiam
462 429 602 468 pertinet
632 428 729 467 pleno
755 428 842 466 jure,
871 435 930 456 nos
957 426 1022 464 pati
1057 425 1205 455 nolentes
1231 425 1265 453 ut

257 483 319 522 ipsi
337 482 476 513 ecclesie
493 481 684 521 hujusmodi
703 489 759 510 seu
776 487 983 519 quecumque
995 479 1071 517 jura
1087 477 1139 507 vel
1156 476 1263 507 reddi-

255 538 308 566 tus
327 535 538 574 aliquatenus
563 534 812 569 subtrahantur,
832 542 907 562 cum
928 532 1040 562 onmia
1055 531 1141 561 bona
1157 530 1265 569 ipsius

255 588 489 627 quoquomodo
506 588 662 618 distracta
683 586 897 617 intendamus
911 585 952 615 ad
968 585 1066 624 juset
1084 583 1265 623 proprieta-

254 642 320 672 tem
335 641 484 680 ejusdem
501 640 637 671 ecclesie
653 648 820 674 revocare,
835 636 1046 668 universitati
1070 637 1179 666 vestre
1203 635 1264 665 sub

254 703 338 733 pena
349 696 479 724 centum
495 702 681 723 marcarum
700 692 826 731 argenti
840 690 1076 722 solvendarum
1094 690 1203 719 nostre
1218 697 1265 718 ca-

255 755 344 777 mere
359 747 389 777 si
406 746 494 785 quod
514 746 721 785 injungimus
745 754 808 775 non
830 744 985 777 feceritis,
1002 752 1059 782 per
1084 741 1265 781 apostolica

254 800 376 838 scripta
387 799 535 830 districte
544 798 769 838 precipiendo,
779 798 976 828 mandamus
985 797 1148 834 quatenus
1157 794 1264 824 eidem

255 853 360 883 nobili
378 860 437 883 nec
464 851 671 891 supradictas
684 851 767 881 duas
791 851 902 889 partes
928 849 1169 887 premissorum
1193 855 1266 886 pro-

256 907 415 936 ventuum
427 906 458 935 et
475 905 666 935 reddituum
684 904 825 939 solvere,
838 911 896 933 ner
909 903 938 932 ei
951 910 1052 941 super
1067 900 1132 931 hiis
1143 902 1174 930 et
1189 900 1266 930 aliis

255 958 427 988 intendere
439 958 478 988 de
492 958 598 988 cetero
610 957 823 997 presumatis.
838 955 908 985 Nos
920 955 1009 985 enim
1027 953 1266 984 nichilominus

254 1011 396 1050 prefatas
416 1009 777 1050 ipsiuspredecessoris
796 1009 899 1039 nostri
917 1008 1042 1038 litteras
1061 1015 1119 1045 pro
1150 1006 1265 1036 eodem

255 1064 358 1094 nobili
368 1063 464 1094 vobis
479 1064 535 1094 aut
549 1063 747 1101 cuicumque
760 1061 928 1093 executori
941 1061 1094 1094 directas,
1104 1061 1136 1089 et
1150 1067 1265 1097 quam-

255 1116 334 1147 libet
358 1116 607 1147 concessionem
632 1124 691 1154 per
711 1115 802 1154 ipsas
822 1115 878 1144 aut
901 1121 1116 1152 quascunque
1130 1112 1265 1150 'litteras

255 1169 338 1199 alias
354 1169 393 1199 de
409 1169 582 1208 premissis
592 1169 623 1198 et
634 1168 889 1207 quibuscunque
904 1166 980 1196 aliis
993 1165 1128 1204 juribus
1142 1165 1175 1194 in
1194 1173 1266 1202 pre-

254 1222 340 1253 dicto
358 1224 464 1252 castro
474 1221 514 1251 ad
533 1230 592 1251 nos
604 1222 635 1251 et
648 1220 892 1260 supralicatam
911 1219 1086 1249 ecclesiam
1102 1218 1266 1256 pertinen-

255 1275 354 1310 tibus,
367 1275 470 1305 nobili
488 1275 606 1304 factam
622 1271 1157 1310 eidem,auctoritatepresentium
1172 1278 1265 1300 revo-

256 1332 369 1353 camus
395 1325 426 1353 ct
443 1323 599 1353 volumus
622 1322 710 1352 vires
732 1322 862 1360 aliquas
889 1329 954 1350 non
983 1320 1115 1350 habere.
1142 1319 1266 1348 Datum

259 1376 409 1412 Viterbii,
431 1386 464 1405 111
483 1376 642 1406 kalendas
657 1375 747 1414 julii,
768 1383 854 1405 anno
873 1374 991 1412 primo.
1010 1386 1022 1398 »

326 1540 396 1570 112
828 1535 951 1567 Viterbe,
969 1537 984 1560 7
999 1534 1096 1570 juillet
1116 1535 1192 1561 ¹202.

291 1623 428 1657 Episcopo
445 1621 573 1656 Sagiensi
593 1620 711 1647 mandat
728 1622 869 1654 quatenus
887 1618 1040 1645 ecelesiam
1059 1627 1082 1645 s.
1100 1618 1266 1653 Leodegarii

257 1673 284 1698 in
313 1671 459 1706 Aquilino,
484 1669 668 1697 Carnotensis
696 1669 828 1701 diocesis,
853 1668 876 1695 si
899 1676 963 1694 cam
984 1668 1154 1695 Guillelmus
1174 1670 1268 1694 rector

258 1721 397 1756 resignat,
414 1719 527 1747 Nicolas
539 1720 573 1745 de
588 1718 684 1745 Esseio
700 1717 840 1744 conserat.
858 1718 938 1752 (nm.
955 1718 1000 1749 ⁶26,
1016 1717 1065 1744 sol.
1081 1718 1125 1749 27,
1143 1725 1177 1743 no
1196 1717 1266 1750 110.)

300 1821 341 1840 «1..
356 1809 497 1849 episcopo
513 1807 665 1847 Sa-qiensi.
682 1807 909 1838 Sicutnostris
922 1806 1118 1835 est-auribus
1135 1805 1268 1836 initia-

259 1866 341 1897 tum,
358 1862 497 1892 dilectus
511 1861 600 1891 tilius
611 1862 637 1891 (1
645 1860 823 1895 uillelmus,
841 1861 946 1889 rector
957 1859 1094 1889 ecclesie
1107 1868 1133 1889 s.
1147 1859 1271 1890 Leo.ie-

262 1916 341 1954 garii
360 1915 393 1945 in
410 1912 805 1953 Aquffina,Carnotensis
819 1912 1103 1945 diocesis,dictam
1118 1913 1167 1942 est
1178 1921 1270 1950 para-

264 1970 315 1998 tus
332 1967 504 1998 ecclesiam
524 1967 704 2004 resignare.
727 1966 796 1995 Nos
821 1965 923 2003 igitur
947 1965 1097 1995 volentes
1112 1965 1270 1994 dilectum

264 2021 369 2051 silium
386 2020 581 2059 magistrum
597 2019 773 2049 Nicolaum
789 2018 828 2047 de
844 2018 973 2053 Esseio,
991 2019 1150 2048 rectorem
1169 2018 1269 2047 ercle-

263 2076 310 2105 510
327 2076 366 2105 (10
384 2074 537 2108 1011100511,
558 2073 707 2111 ejusdem
724 2071 878 2105 diocesis,
902 2070 1109 2109 capellanum
1132 2079 1270 2100 venera-

263 2129 340 2158 bilis
359 2127 470 2158 fratris
485 2126 611 2156 nostri..
629 2124 776 2164 episcopi
795 2119 998 2157 Penestrini,
1011 2123 1146 2153 obtentu
1160 2123 1270 2152 dilecti

263 2182 323 2212 filii
353 2179 502 2219 magistri
529 2178 674 2217 Remigii
694 2177 824 2216 phisici,
847 2176 1010 2215 capellani
1035 2176 1152 2210 nostri,
1175 2176 1270 2205 nobis

262 2243 320 2269 pro
339 2234 411 2272 ipso
429 2231 648 2271 supplicantis
664 2230 832 2265 attentius,
861 2229 1016 2268 prosequi
1037 2229 1192 2267 gratiose,
1210 2229 1271 2258 sra-

262 2286 407 2317 ternitati
439 2287 493 2315 tue
519 2293 577 2323 per
601 2283 783 2322 apostolica
816 2282 938 2320 scripta
963 2281 1160 2311 mandamus
1191 2290 1269 2319 qua-

262 2342 369 2374 tenus,
389 2339 418 2368 si
435 2339 485 2368 ost
502 2338 624 2376 ita,per
646 2338 676 2366 te
694 2336 747 2366 vel
763 2335 878 2370 alium,
902 2335 942 2365 ab
960 2335 1076 2365 eodem
1093 2335 1270 2365 G.rectore

262 2393 365 2423 libera
384 2392 417 2431 ip
426 2391 491 2421 <ius
507 2389 646 2420 ecclesie
669 2389 890 2427 resignatione
907 2388 1046 2426 recepta.
1064 2387 1202 2417 eandem
1220 2396 1269 2417 ec-

261 2446 398 2476 clesiam
416 2444 478 2482 ipsi
496 2442 703 2482 magistroN.
717 2441 869 2471 conteras
881 2443 911 2471 et
928 2441 1091 2479 assignes,
1110 2441 1270 2470 inducens

263 2500 371 2538 ipsum
388 2498 423 2528 in
441 2497 532 2527 illius
548 2495 753 2535 corporalem
777 2494 1023 2533 possessionem
1042 2495 1073 2523 et
1089 2494 1270 2524 defendens

263 2551 447 2581 inductum.
474 2549 550 2579 Non
572 2548 722 2578 obstante
740 2565 790 2577 —.
815 2546 1084 2577 Contradictores
1099 2563 1148 2575 —.
1168 2546 1270 2576 Porro

263 2605 341 2643 quia
365 2612 430 2633 non
448 2604 498 2633 est-
514 2601 695 2631 verisimile
718 2600 805 2639 quod
831 2599 907 2638 quis
933 2598 1133 2629 beneficium
1151 2598 1190 2628 d.)
1205 2607 1270 2637 quo

264 2657 328 2687 vite
354 2655 505 2686 subsidia
525 2653 674 2693 percipit,
687 2653 726 2683 de
749 2652 839 2683 facili
862 2652 936 2682 sine
960 2660 1078 2689 magna
1095 2660 1195 2681 rausa
1211 2660 1272 2681 sua

264 2711 378 2749 sponte
402 2708 556 2746 resignet,
583 2706 719 2737 omnino
745 2705 923 2745 provideas
951 2713 990 2734 ne
1018 2713 1119 2743 super
1150 2704 1209 2734 1100
1232 2713 1271 2734 ex

264 2763 354 2802 parte
374 2760 572 2799 resignantis
592 2759 644 2789 vel
664 2759 771 2798 ipsius
791 2758 833 2788 N.
849 2760 906 2788 aut
921 2757 1005 2787 alias
1023 2757 1272 2796 quomodolibet

264 2815 376 2853 aliqua
390 2814 538 2852 pravitas
559 2812 748 2848 intercedat7
768 2811 922 2850 quotque
939 2809 1047 2840 dictus
1066 2810 1270 2849 capellanus,

264 2868 439 2907 postquam
471 2865 674 2896 nominatam
697 2864 872 2894 ecclesiam
897 2872 924 2892 s.
952 2863 1144 2902 Leodegarii
1174 2863 1274 2893 suerlt

267 2920 399 2959 pacifice
428 2920 609 2954 assecutus,
644 2917 804 2956 premam
833 2916 1010 2947 ecclesiam
1044 2916 1084 2946 de
1116 2916 1271 2951 Fulcosa,

1326 326 1426 356 quam
1439 321 1559 350 extunc
1573 328 1688 350 vacare
1704 320 1928 356 decernimus,
1943 321 2081 351 omnino
2097 320 2334 351 1110111101.Νο-

1325 371 1439 401 lumus
1458 374 1567 402 autem
1595 373 1683 411 quod
1705 382 1763 412 per
1780 374 1839 404 hoc
1862 373 2046 404 venerabili
2073 373 2167 403 fratri
2192 374 2330 403 nostro..

1326 424 1480 463 episcopo
1489 425 1697 460 Carnotensi,
1710 426 1751 456 ad
1759 435 1857 464 quem
1871 427 1904 457 in
1918 426 2065 465 predicta
2073 426 2211 456 ecclesie
2221 425 2334 456 s.Leo-

1326 476 1453 515 degarii
1471 477 1636 508 institutio
1655 479 1792 509 rectoris
1811 479 1974 517 pertinere
1991 479 2124 513 dicitur,
2142 478 2277 517 aliquod
2295 478 2331 508 in

1325 531 1494 568 posterum
1503 531 1724 570 prejudicium
1741 533 2055 571 generetur.Datum
2067 531 2218 567 viterbii.
2236 531 2334 561 nonis

1322 582 1411 620 julii,
1429 592 1514 614 anno
1529 584 1647 622 primo.
1665 598 1678 612 »

1396 744 1467 775 113
1902 744 2027 776 Vitertm,
2044 744 2059 770 6
2071 742 2168 778 juillet.
2186 743 2263 770 1262.

1362 826 1433 852 Cum
1455 827 1613 860 Willclmo,
1643 828 1743 854 abbate
1769 827 1938 854 monasterii
1960 827 1993 854 de
2020 827 2202 859 Middcltone,
2224 827 2336 854 ordinis

1326 882 1351 902 s.
1368 875 1523 907 Benedicti,
1536 877 1756 903 saresbiriensis
1770 877 1903 908 diocesis,
1915 876 2061 911 dispensat
2078 878 2118 908 ut,
2131 884 2186 902 non
2201 877 2335 903 obstante

1325 923 1437 951 defectu
1462 925 1662 952 natalium-ad
1685 925 1858 960 dignitatem
1879 925 2073 960 episcopatem
2095 925 2204 952 assumi
2225 925 2333 952 valeat.

1326 973 1407 1006 (nm.
1425 975 1469 1005 26,
1486 973 1536 1000 fol.
1552 976 1585 1000 27
1602 982 1643 1005 vo,
1661 982 1694 1000 no
1712 976 1785 1004 111.)

1367 1074 1380 1088 u
1409 1061 1565 1098 Willelmo,
1582 1063 1685 1092 abbati
1708 1063 1883 1092 monasterii
1902 1063 1938 1092 de
1960 1062 2153 1098 Middelcone,
2171 1062 2288 1092 ordinis
2302 1073 2327 1092 s.

1325 1114 1495 1152 Benedicti,
1513 1116 1746 1145 Saresbe'riensis
1757 1116 1894 1145 diocesis.
1911 1116 2069 1147 Exhibita
2082 1116 2178 1146 nobis
2187 1117 2242 1146 tua
2250 1116 2332 1155 peti-

1326 1169 1370 1198 tio
1388 1169 1578 1199 continebat
1599 1169 1699 1208 quod,
1724 1178 1799 1199 cuin
1824 1170 2012 1208 susceperis
2034 1171 2143 1199 ortum
2161 1177 2202 1199 ex
2217 1169 2336 1208 copula

1325 1230 1425 1260 quam
1442 1222 1536 1252 fedus
1554 1222 1759 1252 matrimonii
1778 1231 1843 1252 non
1859 1224 2007 1256 excusat.
2028 1224 2140 1260 utpote
2161 1222 2201 1252 de
2215 1222 2336 1252 clerico

1327 1275 1505 1304 constituto
1532 1275 1567 1305 in
1595 1274 1783 1305 minoribus
1805 1275 1980 1305 ordinibus
2003 1275 2136 1312 genitus
2159 1276 2189 1305 et
2215 1274 2335 1309 soluta,

1326 1327 1458 1357 tandem
1483 1327 1591 1358 felicis
1611 1328 1850 1358 reeordationis
1875 1328 2089 1357 Innocentius
2107 1336 2202 1366 papa,
2222 1327 2337 1365 prede·

1326 1388 1438 1410 cessor
1457 1381 1577 1414 noster,
1593 1382 1701 1410 tecum
1714 1380 1769 1417 qui
1786 1382 1863 1410 tunc
1879 1388 1952 1409 eras
1967 1380 2060 1419 prior
2091 1379 2339 1410 Wintoniensis

1327 1433 1476 1467 ecclesie,
1488 1441 1546 1471 per
1556 1433 1683 1463 litteras
1692 1441 1770 1462 suas
1783 1432 1949 1471 inquibus
1963 1434 2130 1462 narratum
2143 1432 2339 1471 simpliciter

1327 1485 1435 1515 extitit
1452 1486 1483 1515 te
1507 1485 1612 1515 fuisse
1632 1485 1672 1515 de
1692 1485 1799 1515 soluto
1823 1486 1855 1515 et
1874 1485 1982 1515 soluta
1998 1486 2202 1524 susceptum,
2222 1484 2338 1519 111,Πο-

1324 1538 1471 1577 jusmodi
1487 1546 1554 1568 non
1576 1538 1728 1568 obstmte
1754 1538 1895 1572 defectu,
1913 1546 2028 1577 posses
2043 1538 2077 1568 in
2093 1538 2257 1577 susceptis
2275 1537 2338 1567 mi-

1329 1591 1470 1621 nistrare
1481 1590 1669 1625 ordinibus,
1679 1591 1864 1630 prioratum
1876 1591 2125 1622 XVintoniensis
2140 1590 2279 1621 ecclesie
2291 1598 2340 1621 re-

1329 1644 1433 1674 tinere
1456 1652 1493 1673 ac
1513 1644 1555 1673 ad
1570 1643 1881 1674 administrationes
1901 1646 1932 1674 et
1950 1644 2129 1682 dignitates
2148 1643 2232 1674 alias
2249 1642 2339 1673 ordi-

1329 1697 1382 1726 nis
1405 1696 1452 1726 tui
1475 1696 1637 1726 duntaxat
1657 1697 1798 1731 assumi,
1820 1696 1914 1726 duxit
1929 1696 2192 1727 misericorditer
2205 1696 2339 1735 dispen-

1329 1749 1483 1780 sandum.
1510 1750 1730 1780 Postmodum
1761 1758 1839 1780 vero
1866 1750 2027 1788 quasdam
2053 1758 2071 1779 a
2099 1750 2153 1789 pie
2177 1748 2339 1779 memorie

1329 1802 1519 1833 Alexandro
1532 1811 1628 1841 papa,
1642 1802 2139 1841 predecessorenostro,litteras
2155 1801 2340 1841 impetrasti
2360 1796 2366 1801 '

1330 1857 1364 1886 in
1382 1856 1505 1894 quibus
1522 1856 1609 1886 inter
1631 1856 1708 1890 alia,
1729 1856 1919 1886 narratione
1941 1856 2118 1894 premissa,
2140 1855 2226 1894 quo]
2249 1855 2338 1886 idem

1330 1909 1356 1939 1.
1374 1909 1588 1948 predecessor
1599 1910 1645 1946 ut,
1660 1918 1725 1939 11011
1741 1909 1891 1939 obstante
1906 1909 2034 1939 defectu
2052 1909 2224 1944 natalium,
2239 1915 2339 1947 quem

1330 1962 1560 2001 patiebarisde
1576 1962 1696 1992 clerico
1714 1962 1892 1992 constituto
1909 1963 1943 1992 in
1962 1962 2149 1992 minoribus
2165 1961 2340 1992 ordinibus

1331 2017 1362 2045 et
1385 2015 1494 2045 soluta
1517 2014 1660 2053 genitus,
1687 2015 1872 2053 predictum
1888 2016 2071 2053 prioratum
2089 2015 2231 2045 retinere
2246 2023 2282 2045 ac
2299 2013 2341 2044 ad

1331 2067 1474 2106 majores
1486 2067 1663 2106 dignitates
1678 2068 1722 2097 tui
1738 2068 1866 2097 ordinis
1881 2069 2069 2107 promoveri
2088 2077 2215 2106 passos,
2232 2069 2340 2098 tecum

1331 2121 1523 2151 auctoritate
1533 2120 1712 2159 apostolica
1731 2121 1952 2159 dispensarat,
1970 2121 2056 2151 idem
2074 2122 2112 2151 A.
2127 2121 2342 2160 predecessor

1332 2173 1508 2203 intendens
1524 2173 1583 2203 tibi
1595 2173 1734 2211 gratiam
1748 2174 1854 2204 facere
1870 2173 2077 2212 ampliorem,
2088 2176 2133 2207 ut,
2148 2172 2339 2212 hujusmodi

1332 2236 1397 2257 non
1410 2227 1559 2257 obstante
1576 2227 1714 2260 deiectu.
1735 2227 1775 2257 ad
1791 2227 2012 2266 episcopalem
2027 2228 2235 2265 dignitatem,
2253 2227 2281 2257 si
2300 2226 2341 2257 ad

1330 2290 1404 2311 eam
1423 2282 1452 2311 te
1477 2280 1635 2310 canonice
1661 2281 1771 2310 vocari
1795 2281 2011 2319 contingeret,
2034 2280 2136 2311 libere
2151 2280 2342 2319 promoveri

1331 2342 1458 2372 posses,
1477 2334 1585 2363 tecum
1597 2342 1654 2371 per
1668 2333 1800 2363 easdem
1819 2333 1946 2363 litteras
1960 2333 2179 2372 dispensavit.
2197 2333 2342 2363 Demum

1332 2395 1410 2417 vero
1419 2395 1493 2416 cum
1503 2386 1626 2416 fuisses
1637 2386 1677 2416 ad
1688 2386 1833 2425 regimen
1845 2386 2045 2417 cathedralis
2057 2386 2195 2417 ecclesie
2211 2386 2341 2416 Winto-

1332 2439 1471 2474 niensis,
1487 2441 1564 2469 tnnc
1579 2441 1710 2478 pastore.
1729 2439 1890 2474 vacantis,
1905 2439 2245 2479 electas,hujusmodi
2257 2439 2341 2470 elec-

1331 2493 1420 2523 tione
1437 2492 1534 2522 nobis
1548 2494 1579 2522 ct
1591 2492 1843 2522 venerabilibus
1854 2493 1976 2522 nostris
1986 2492 2144 2523 fratribus
2154 2493 2343 2532 presentata

1331 2547 1363 2577 et
1379 2554 1479 2584 super
1492 2554 1530 2575 ea
1543 2545 1692 2584 diligenti
1712 2545 2144 2584 deliberationeprobabit-a,
2155 2545 2262 2584 ipsam
2276 2552 2343 2575 non

1331 2607 1471 2638 persone
1487 2598 1544 2628 sed
1564 2598 1711 2637 ipsarum
1729 2598 2016 2637 dispensatiomim
2035 2599 2127 2633 vitio.
2143 2606 2219 2628 cum
2238 2597 2344 2636 prima

1332 2652 1431 2682 tacita
1447 2651 1596 2685 veritate,
1609 2651 1753 2681 secunda
1765 2659 1841 2681 vero
1856 2653 2010 2690 suggesta
2028 2651 2181 2684 salsitate.
2200 2651 2235 2680 ut
2248 2657 2343 2689 supe-

1333 2705 1404 2735 rius
1422 2706 1471 2734 est
1485 2712 1694 2743 expressum,
1712 2704 1842 2734 obtente
1859 2704 2011 2742 fuissent,
2023 2706 2052 2734 et
2069 2704 2147 2743 quia
2165 2712 2230 2735 non
2245 2710 2344 2734 cano·

1335 2758 1405 2788 nice
1425 2761 1562 2788 vocatus
1578 2757 1617 2787 ad
1638 2757 1827 2796 hujusnrnli
1847 2757 1993 2796 regimen
2012 2757 2135 2792 fueras,
2153 2757 2239 2787 sicut
2253 2755 2343 2794 ejus-

1333 2811 1406 2841 dem
1420 2810 1663 2849 predecessoris
1677 2810 1856 2840 Alexandri
1873 2810 2078 2850 dispensatio
2094 2809 2257 2848 exigebat.
2269 2815 2344 2838 cum

1334 2863 1501 2902 illegitimi
1528 2872 1593 2893 non
1611 2863 1689 2902 eligi
1710 2863 1853 2894 valeant.
1871 2863 1929 2893 sel
1953 2863 2062 2901 potius
2078 2862 2218 2892 debeant
2233 2861 2345 2900 postu-

1334 2916 1408 2953 lari,
1426 2916 1635 2946 cassavimus
1655 2916 1695 2945 de
1718 2915 1856 2946 fratrun
1875 2916 2016 2946 consilio
2030 2914 2267 2955 predictorum.
2288 2914 2342 2943 At-
