2547 3289
1012 239 1250 278 TROISOEME
1283 239 1446 276 ANNEE.

191 340 376 371 suspensos
396 331 471 361 fecit
491 331 624 370 publice
641 331 801 367 nuntiari,
823 331 992 369 predictos
1014 330 1203 361 nichilomi-

191 395 255 416 nus
271 385 431 424 priorem,
447 384 673 424 suppriorem,
685 384 912 420 cellararium,
925 384 1101 415 sacristam
1115 383 1204 423 quod

191 438 427 478 personaliter,
451 439 651 468 conventum
668 445 746 467 vero
767 437 855 475 quod
876 445 934 475 per
951 437 1203 475 procuratorem

191 492 361 531 ydoneum
379 492 469 521 certo
488 490 632 521 termino
653 489 839 528 apostolico
860 498 894 519 se
916 489 1109 527 conspectui
1132 496 1203 527 pre-

192 545 375 580 sentarent,
395 543 622 582 peremptorie
641 543 745 573 citare
772 543 913 573 curavit.
943 543 985 572 Et
1012 542 1089 572 licet
1112 543 1149 572 tu
1171 542 1204 571 in

191 597 336 628 termino
366 597 440 635 ipso
467 595 699 634 comparueris
722 604 834 626 coram
858 595 966 630 nobis,
992 604 1119 634 nosque
1145 594 1204 625 tibi

191 649 420 680 venerabilem
443 649 580 679 fratrem
603 650 756 678 nostrum
778 673 797 678 ..
817 648 1057 678 Prenestinum
1077 648 1204 686 episco-

192 712 286 742 pum,
306 703 500 733 dederimus
519 710 621 739 super
638 701 832 739 hujusmodi
853 701 985 740 negotio
1002 701 1203 736 auditorem,

193 756 271 794 quia
287 758 399 786 tamen
418 763 497 793 pars
514 754 620 784 altera
638 754 671 783 in
687 754 832 784 termino
851 754 925 792 ipso
942 756 971 784 et
989 754 1205 792 postmodum

193 810 368 847 expectata
391 808 520 837 diutius
538 815 574 837 ac
596 807 629 836 in
646 807 817 836 audientia
837 806 973 845 publica
995 815 1074 844 sepe
1091 807 1206 840 citata,

192 870 253 900 per
276 870 311 891 se
336 861 390 890 vel
414 860 583 899 ydoneum
614 859 847 898 responsalem
872 868 1067 897 comparere
1092 868 1205 889 coram

192 914 309 944 eodem
328 913 485 952 episcopo
501 912 742 942 contumaciter
763 920 828 941 non
847 912 988 947 curavit,
1010 911 1099 942 idem
1120 912 1207 950 epis-

193 974 308 1004 copus,
327 965 451 995 auditis
469 966 500 994 et
518 964 701 994 intellectis
718 973 782 1002 que
798 965 834 993 tu
852 973 1039 1002 proponere
1053 965 1205 999 voluisti,

193 1028 229 1049 ac
248 1018 333 1048 visis
350 1017 485 1057 juribus
507 1017 574 1048 tuis
600 1019 631 1047 et
652 1017 748 1055 plene
777 1017 943 1046 discussis
969 1017 1086 1055 eisque
1109 1017 1206 1047 nobis

193 1071 338 1101 fideliter
365 1070 526 1104 recitatis,
546 1072 578 1100 te
598 1078 728 1108 quoque
747 1071 903 1108 presente
927 1078 963 1099 ac
986 1072 1080 1107 parte
1101 1070 1207 1100 altera

193 1132 229 1154 se
253 1133 313 1163 per
342 1123 588 1154 contumaciam
616 1122 811 1161 hujusmodi
837 1122 1047 1156 absentante,
1077 1122 1116 1152 de
1135 1131 1208 1161 spe-

194 1177 271 1207 ciali
296 1177 455 1214 mandato
474 1178 602 1211 nostro,
623 1175 842 1206 diffinitivam
870 1184 929 1213 pro
953 1177 985 1206 te
1003 1176 1206 1206 sententiam

192 1229 432 1269 pronmlgavit,
452 1229 628 1259 declarans
645 1229 781 1259 eosdem
798 1228 958 1267 priorem,
977 1229 1204 1267 suppriorem,

194 1283 421 1318 cellararium,
450 1283 627 1312 sacristam
647 1284 677 1312 et
697 1283 911 1317 conventum,
931 1291 1015 1320 (11105
1037 1282 1139 1312 etiam
1158 1291 1207 1312 re-

191 1336 323 1374 putavit
339 1336 428 1366 idem
447 1335 627 1374 episcopus
652 1337 878 1369 contumaces,
896 1335 1059 1373 predictis
1077 1343 1208 1365 excom-

194 1389 436 1420 municationis
453 1391 484 1419 et
502 1389 739 1427 suspensionis
753 1389 931 1418 sententiis
944 1397 1019 1419 esse
1034 1389 1156 1427 ligatos
1171 1398 1208 1419 ac

193 1444 287 1482 ipsos
304 1451 321 1472 a
338 1442 571 1481 spiritualium
591 1444 621 1472 et
638 1442 879 1480 temporalium
899 1442 1208 1473 amministratione

193 1496 418 1535 suspendens,
444 1504 501 1525 eos
531 1495 593 1525 tibi
623 1503 684 1534 pro
712 1495 873 1533 expensis
902 1495 935 1524 in
962 1495 1021 1525 lite
1041 1495 1150 1531 factis,
1173 1496 1208 1525 in

193 1551 282 1580 certa
311 1557 446 1578 summa
474 1548 627 1587 pecunie,
660 1548 832 1578 taxatione
861 1547 1037 1586 prehabita
1063 1550 1093 1578 et
1120 1549 1209 1587 jura-

193 1604 306 1632 mento
333 1611 350 1631 a
377 1604 408 1632 te
432 1601 586 1640 prestito,
613 1601 884 1639 condempnavit.
915 1601 1087 1632 Mandavit
1107 1602 1209 1632 etiam

194 1656 284 1686 idem
309 1655 489 1693 episcopus
514 1655 650 1685 easdem
676 1655 914 1693 suspensionis
932 1657 963 1685 et
981 1656 1210 1685 excommuni-

193 1707 335 1737 cationis
346 1707 544 1743 sententias,
556 1715 664 1746 usque
676 1707 716 1737 ad
730 1707 999 1738 satisfactionem
1009 1708 1209 1747 condignam

194 1762 263 1790 tam
282 1761 507 1799 dampnorum
523 1769 624 1799 quam
644 1769 882 1799 expensarum,
900 1761 999 1799 juxta
1016 1761 1209 1791 litterarum

194 1813 459 1851 apostolicarum
472 1813 729 1849 continentiam,
743 1813 864 1844 diebus
877 1814 1057 1844 dominicis
1073 1816 1103 1844 et
1119 1815 1210 1845 festi-

195 1866 259 1902 vis,
284 1867 430 1905 pulsatis
453 1867 627 1905 campanis
649 1868 680 1897 et
707 1867 856 1897 candelis
884 1867 1046 1903 accensis,
1071 1868 1104 1897 in
1126 1868 1210 1897 locis

193 1919 227 1948 in
259 1919 384 1958 quibus
416 1920 501 1950 foret
538 1920 734 1958 expediens,
767 1920 1004 1958 sollempniter
1029 1920 1207 1959 publicari,

194 1974 294 2010 prout
315 1972 348 2002 in
366 1973 595 2003 instrumento
616 1972 752 2012 publico
776 1982 877 2011 super
894 1973 954 2003 hoc
979 1974 1142 2006 confecto,
1162 1975 1210 2012 ip-

195 2025 267 2054 sius
292 2025 440 2063 episcopi
465 2025 578 2063 sigillo
597 2025 740 2060 munito,
765 2025 900 2064 plenius
920 2025 1120 2055 continetur.
1142 2027 1209 2057 Nos

192 2078 318 2116 itaque,
337 2078 406 2108 tuis
425 2078 735 2117 supplicationibus
751 2078 916 2112 inclinati,
936 2079 1025 2117 quod
1036 2078 1076 2109 ab
1091 2080 1209 2110 eodem

193 2131 352 2170 episcopo
384 2131 507 2161 factum
528 2133 579 2161 est
600 2131 634 2161 111
651 2131 712 2161 hac
729 2133 837 2170 parte,
855 2134 966 2162 ratum
989 2131 1150 2163 habentes
1178 2135 1209 2163 et

194 2183 342 2219 firmum,
358 2184 392 2213 id
410 2185 609 2214 auctoritate
629 2185 815 2223 apostolica
832 2185 1072 2215 confirmamus
1090 2187 1121 2216 et
1138 2194 1209 2224 pre—

195 2237 302 2267 sentis
319 2237 437 2275 scripti
454 2237 641 2275 patrocinio
660 2238 922 2268 communimus.

237 2290 403 2320 Tenorem
437 2291 549 2320 autem
577 2290 720 2328 predicti
749 2291 968 2321 instrumenti
994 2291 1210 2329 presentibus

195 2343 234 2372 de
251 2342 354 2372 verbo
372 2342 413 2372 ad
430 2342 571 2372 verbum
594 2343 736 2373 fecimus
755 2344 921 2379 annotari,
939 2345 996 2382 qui
1015 2344 1094 2374 talis
1114 2347 1164 2375 est
1181 2355 1187 2374 :

236 2406 250 2424 (1
274 2396 312 2425 Ι11
338 2395 475 2425 1101111110
501 2395 639 2425 Domini
671 2404 780 2426 amen.
812 2396 936 2426 Felicis
965 2397 1210 2428 recordationis

194 2448 389 2479 Alexandro
405 2457 490 2487 papa
504 2448 569 2478 IIII
586 2449 685 2479 dante
696 2448 758 2478 sub
771 2451 860 2479 certa
879 2449 986 2479 forma
999 2450 1071 2479 suis
1084 2450 1210 2480 litteris

194 2502 229 2532 111
263 2501 433 2531 mandatis
466 2501 610 2532 discreto
639 2501 711 2532 viro
740 2527 758 2532 ..
787 2502 911 2532 decano
938 2503 1079 2533 ecclesie
1102 2504 1209 2534 sancti

193 2554 293 2585 Pauli
314 2554 575 2591 Londoniensis,
595 2558 630 2584 ut
652 2555 827 2593 Gregorio,
847 2555 932 2585 laico
952 2555 991 2585 de
1008 2556 1207 2594 Londoniis,

195 2608 253 2647 qui
280 2609 375 2646 parat
397 2607 577 2638 aurifrixia
599 2608 729 2638 domini
746 2616 841 2646 pape,
862 2609 972 2647 quoad
994 2608 1131 2644 vixerit,
1151 2619 1169 2640 a
1188 2633 1207 2639 ..

194 2661 307 2700 priore
339 2662 370 2690 et
402 2662 568 2691 conventu
600 2661 797 2691 monasterii
831 2661 871 2691 de
900 2662 1207 2701 Beremundeseya,

195 2714 432 2745 Cluniacensis
451 2714 592 2747 ordinis,
612 2714 866 2744 XVintoniensis
883 2714 1042 2751 (11000515,
1062 2715 1097 2745 111
1114 2715 1210 2754 (111111-

195 2767 303 2797 decim
321 2767 445 2797 marcis
463 2767 703 2806 sterlingorum
718 2767 840 2798 faceret
859 2768 956 2797 annis
973 2768 1119 2807 singulis
1135 2777 1211 2807 pro—

195 2820 315 2855 videri,
329 2820 481 2858 prefatus
495 2820 641 2851 decanus
655 2821 689 2850 in
704 2821 848 2851 eundem
861 2821 1010 2860 priorem
1023 2823 1053 2851 et
1064 2821 1210 2860 majores

196 2874 236 2904 de
257 2873 329 2912 ipso
349 2875 515 2904 conventu
537 2874 899 2904 excommunicationis
920 2875 952 2904 et
969 2874 1002 2904 in
1021 2874 1210 2912 predictum

197 2928 400 2957 conventum
425 2927 594 2958 interdicti
614 2927 810 2964 sententias,
832 2927 912 2966 quia
930 2927 1049 2958 moniti
1070 2928 1210 2967 diligen—

2214 250 2273 278 453

1264 330 1316 359 ter
1336 329 1376 359 ab
1400 338 1449 366 eo,
1467 330 1629 367 jamdicto
1648 330 1810 369 Gregorio
1833 331 2008 368 providere
2033 333 2274 362 contumaciter

1265 391 1329 412 non
1346 387 1515 419 curarunt,
1534 385 1628 422 prout
1646 383 1859 413 exbenelicio
1875 384 2065 414 litterarum
2082 384 2272 423 hujusmodi

1266 437 1406 473 poterat,
1436 436 1674 474 promulgavit,
1700 436 1808 465 citans
1835 445 1893 465 eos
1915 439 2152 475 peremptorie,
2178 439 2273 475 Juxta

1265 488 1460 518 mandatum
1485 489 1721 527 apostolicum,
1739 491 1774 518 ut
1794 489 1879 519 infra
1900 491 1966 519 tres
1984 499 2118 519 menses
2139 493 2211 529 post
2231 492 2274 520 01-

1265 541 1426 571 tationem
1448 550 1556 575 suam,
1575 542 1676 572 iidem
1702 542 1795 580 prior
1820 544 1849 572 et
1872 543 2017 581 majores
2039 544 2273 581 pei-scutaliter,

1265 596 1449 624 conventus
1474 603 1552 624 vero
1577 604 1636 633 per
1657 597 1907 633 procuratorem
1928 596 2096 633 ydoneum
2124 606 2158 627 se
2181 606 2274 627 cons-

1266 647 1376 685 pectui
1399 647 1585 685 apostolico
1604 649 1847 685 presentarent.
1867 648 1925 678 Eis
1943 649 2055 686 itaque
2076 658 2139 679 11011
2158 659 2275 679 curan-

1265 698 1357 729 tibus
1374 699 1407 729 in
1418 700 1563 729 termino
1576 708 1781 738 comparere,
1794 701 1905 730 dictus
1915 701 2072 731 dominus
2084 702 2276 732 Alexander

1267 752 1376 782 eidem
1404 752 1528 782 decano
1552 752 1614 782 sub
1643 754 1732 782 certa
1764 753 1869 782 forma
1897 754 2015 783 iterato
2043 756 2211 785 mandavit
2243 758 2275 785 nt

1266 804 1414 843 priorem
1431 807 1459 834 et
1481 805 1627 843 majores
1644 806 1814 843 predictos
1833 807 2142 837 exconmiunicatos
2160 811 2190 837 et
2205 817 2278 846 pre-

1267 857 1392 887 dictum
1417 859 1617 888 conventum
1635 866 1851 896 suspensum,
1873 867 2049 898 quousque
2076 861 2115 890 de
2135 862 2275 899 premis-

1268 910 1316 939 sis
1334 910 1492 940 omnibus
1505 910 1612 940 eidem
1626 911 1789 947 Gregorio
1808 911 1891 941 foret
1906 912 2034 951 integre
2052 914 2275 945 satisfadnm.

1268 963 1413 1001 singulis
1429 963 1548 993 diebus
1564 963 1744 993 dominicis
1759 965 1790 993 et
1805 964 1946 995 festivis,
1960 965 1992 994 in
2009 965 2091 994 locis
2107 967 2137 995 111
2155 966 2278 1004 quibus

1268 1015 1427 1054 expedire
1439 1016 1578 1050 videret,
1590 1015 1723 1054 publice
1735 1016 1856 1046 faceret
1868 1018 2014 1047 nuntiari
2026 1020 2058 1048 et
2072 1018 2111 1047 al·
2122 1019 2279 1048 omnibus

1268 1069 1376 1099 artius
1386 1069 1518 1105 evitari,
1529 1071 1558 1099 et
1572 1069 1600 1098 si
1614 1078 1673 1107 per
1683 1071 1755 1099 octo
1766 1070 1838 1099 dies
1850 1072 2029 1109 postquam
2042 1073 2152 1101 essent
2167 1072 2280 1101 taliter

1268 1122 1424 1158 nuntiati,
1447 1122 1633 1152 sententias
1654 1122 1847 1161 hujusmodi
1870 1124 2087 1158 sustinerent,
2107 1124 2147 1153 ab
2165 1126 2280 1154 ammi-

1268 1175 1469 1205 nistratione
1496 1175 1727 1213 spiritualium
1751 1177 1782 1205 et
1799 1177 2039 1214 temporalium
2060 1178 2279 1215 suspenderet

1268 1228 1416 1258 eosdem.
1444 1228 1508 1262 Qui
1535 1227 1605 1266 jam
1629 1228 1740 1257 dictus
1769 1228 1915 1258 decanus
1942 1229 2101 1267 priorem,
2129 1231 2282 1268 supprio-

1269 1289 1353 1315 rem,
1373 1280 1601 1314 cellararium,
1628 1281 1807 1310 sacristam
1826 1290 1862 1311 ac
1887 1281 2038 1319 ejusdem
2062 1283 2282 1313 1001100101]-

1268 1335 1351 1367 tum,
1366 1334 1444 1372 quia
1460 1334 1577 1364 moniti
1593 1334 1786 1372 diligenter,
1798 1334 2175 1373 dictoGregorio.jnxta
2192 1345 2283 1366 man-

1269 1387 1385 1417 datum
1395 1387 1834 1425 apostolicum,satisfacere
1845 1396 1909 1417 11011
1920 1391 2091 1425 curarunt,
2103 1389 2134 1418 111
2146 1390 2282 1428 scriptis

1270 1440 1581 1470 excommunicatos
1594 1442 1625 1470 et
1637 1448 1834 1479 suspensos,
1852 1441 2037 1471 secundum
2056 1441 2198 1472 formam
2216 1443 2282 1472 sibi

1269 1493 1439 1528 traditam,
1451 1492 1530 1522 fecit
1540 1492 1674 1531 publice
1684 1493 1845 1529 nuntiari,
1856 1494 2027 1532 predictos
2040 1495 2282 1525 nichilominus

1270 1546 1430 1585 priorem,
1454 1546 1680 1584 suppriorem‚
1708 1546 1923 1576 cellararium
1943 1549 1973 1577 et
1995 1548 2173 1578 sacristam
2193 1549 2282 1587 qnod

1270 1599 1506 1637 personaliter,
1524 1601 1726 1629 conventum
1748 1608 1826 1629 vero
1846 1600 1934 1638 quod
1954 1609 2014 1639 per
2029 1606 2282 1639 procuratorem

1270 1654 1359 1682 certo
1388 1652 1533 1682 termino
1560 1660 1595 1682 se
1623 1652 1818 1691 conspectui
1841 1653 2026 1691 apostolico
2050 1656 2283 1692 mesentarent

1270 1705 1496 1744 peremptorie
1522 1705 1624 1735 citare
1646 1705 1786 1741 curavit,
1811 1705 1850 1735 de
1868 1705 1992 1744 quibus
2013 1707 2170 1737 omnibus
2189 1716 2283 1738 cons-

1270 1759 1317 1788 tat
1340 1767 1400 1797 per
1418 1758 1550 1788 litteras
1568 1760 1637 1788 tam
1659 1758 1862 1796 apostolicas
1882 1768 1983 1797 quam
2002 1760 2082 1790 dicti
2105 1761 2221 1791 decani
2243 1762 2283 1791 al)

1271 1812 1387 1842 eodem
1414 1811 1577 1850 Gregorio
1607 1811 1777 1842 exhibitas
1793 1820 1906 1842 coram
1927 1812 2036 1843 nobis.
2062 1814 2283 1845 Postmodum

1270 1873 1349 1895 vero
1385 1865 1623 1894 sanctissimus
1652 1867 1747 1903 pater
1776 1865 1934 1895 dominus
1965 1869 2080 1897 noster
2112 1867 2281 1905 Urbanus,

1270 1926 1355 1957 papa
1386 1918 1462 1953 IIII,
1488 1917 1598 1953 1101115,
1623 1918 1802 1956 Stephano,
1823 1919 2041 1949 miseratione
2071 1920 2184 1950 divina
2207 1921 2285 1952 Pre-

1270 1971 1403 2001 nestino
1421 1971 1592 2010 episcopo,
1615 1980 1751 2000 causam
1768 1971 1963 2009 hujusmodi
1982 1973 2179 2003 audiendam
2197 1983 2284 2004 00111-

1271 2024 1365 2054 misit
1392 2026 1424 2054 et
1452 2024 1517 2053 fine
1547 2023 1660 2053 debito
1692 2024 1950 2054 terminandam.
1982 2025 2133 2064 Cumque
2161 2028 2283 2065 prefati

1270 2077 1375 2115 prior,
1395 2076 1789 2114 supprior,cellararius,
1802 2077 1944 2106 sacrista
1963 2079 1994 2107 et
2009 2081 2193 2108 conventus
2203 2080 2283 2110 dicti

1271 2130 1469 2160 monasterii
1495 2129 1587 2159 citati
1617 2130 1665 2159 sic
1691 2129 1724 2159 in
1749 2129 1859 2168 patria
1887 2139 1946 2168 per
1967 2131 2131 2161 decanum
2156 2133 2284 2170 predic-

1270 2185 1351 2220 tam,
1370 2183 1463 2213 citati
1478 2182 1580 2213 etiam
1598 2192 1639 2213 ex
1658 2184 1752 2221 parte
1770 2186 1885 2213 nostra
1903 2184 2025 2222 primo,
2046 2186 2205 2221 secundo,
2219 2189 2283 2216 ter-

1270 2237 1316 2267 tio
1334 2236 1574 2275 peremptorie,
1593 2238 1713 2274 quarto
1733 2236 1835 2265 etiam
1854 2236 1894 2266 ad
1913 2237 2078 2266 cautelam
2094 2238 2129 2267 in
2148 2239 2284 2269 audien-

1270 2290 1318 2320 tia
1335 2289 1482 2328 publica,
1503 2290 1538 2318 ut
1562 2290 1610 2318 est
1630 2289 1747 2323 1110115,
1767 2298 1832 2318 11011
1852 2293 2054 2320 curaverunt
2078 2291 2111 2320 111
2130 2292 2283 2321 terminis

1272 2352 1331 2373 nec
1354 2343 1455 2373 etiam
1474 2344 1548 2381 post
1565 2342 1731 2380 expectati
1756 2342 1884 2372 diutius
1902 2351 2108 2381 comparere,
2127 2344 2281 2375 libellum

1271 2405 1289 2426 a
1304 2396 1435 2435 prefato
1454 2396 1493 2425 G.
1510 2396 1703 2433 porrectum
1722 2395 1913 2433 recepimus
1929 2397 1963 2425 in
1979 2395 2039 2426 hac
2058 2396 2165 2426 forma
2186 2409 2191 2426 :

1311 2458 1325 2478 «
1346 2449 1468 2479 Coram
1490 2447 1600 2483 vobis,
1626 2448 1808 2477 reverende
1829 2450 1935 2486 pater,
1965 2448 2101 2479 domino
2125 2449 2282 2488 episcopo

1272 2511 1286 2530 11
1307 2501 1520 2535 Prenestino,
1532 2500 1684 2539 partibus
1700 2500 1929 2539 infrascriptis
1944 2501 2096 2532 auditore
2109 2511 2281 2540 concesso,

1273 2566 1286 2582 »
1306 2554 1465 2594 proponit
1476 2553 1660 2592 Gregorius
1678 2554 1717 2584 de
1736 2554 1934 2589 Londoniis,
1954 2554 2135 2585 familiaris
2153 2556 2282 2587 domini

1272 2618 1286 2637 1)
1306 2616 1403 2647 pape,
1420 2608 1520 2646 quod,
1537 2616 1612 2637 cum
1632 2607 1704 2645 ipse
1717 2607 1899 2638 obtinuerit
1917 2607 2050 2638 litteras
2068 2617 2086 2638 a
2107 2609 2213 2639 felicis
2234 2619 2282 2640 re-

1272 2671 1286 2691 11
1304 2661 1510 2692 cordationis
1521 2660 1870 2693 dominoAlexaudro.
1881 2669 1968 2700 papa
1979 2661 2057 2698 1111,
2067 2662 2108 2691 ad
2118 2662 2281 2693 decanum

1272 2713 1447 2745 »ecclesie
1474 2713 1582 2743 sancti
1607 2713 1705 2743 Pauli
1729 2713 1979 2744 Londonieusis
2007 2716 2043 2744 ut
2071 2714 2148 2749 sibi,
2171 2717 2281 2754 quoad

1271 2780 1285 2795 »
1306 2767 1442 2800 vixerit,
1461 2774 1479 2796 a
1499 2791 1518 2796 ..
1536 2766 1649 2804 priore
1669 2768 1701 2796 et
1722 2769 1888 2796 conventu
1908 2767 2106 2797 monasterii
2125 2768 2165 2797 de
2186 2769 2281 2799 Bere-

1272 2831 1287 2849 »
1306 2820 1526 2858 mundeseya,
1541 2819 1776 2849 Cluniacensis
1793 2819 2196 2856 ordinis,XYintoniensis
2212 2822 2282 2852 dio-

1270 2883 1287 2903 »
1307 2873 1406 2909 cesis,
1434 2872 1469 2902 in
1502 2872 1695 2910 quindecim
1728 2872 1853 2902 marcis
1887 2872 2126 2911 sterlingorum
2159 2874 2283 2905 faceret

1273 2938 1286 2955 n
1307 2926 1406 2957 annis
1429 2925 1575 2964 singulis
1594 2925 1778 2964 provideri,
1799 2925 2062 2956 contradictores
2086 2935 2146 2965 per
2167 2935 2284 2957 censu-
