2547 3289
228 172 268 202 92
1035 167 1255 198 REGISTRE
1278 161 1491 199 CAMERAL

743 249 866 280 Orvieto,
889 251 897 275 1
916 249 1067 276 decembre
1088 251 1163 277 1262.

317 254 389 285 334

263 331 440 366 Dispensatio
455 339 505 364 pro
523 332 624 364 quarto
642 328 899 363 consanguinitatis
918 329 1017 364 gradu,
1034 330 1070 356 ad
1086 330 1235 357 matrimo-

228 381 307 421 qium
325 379 560 409 contrahendum,
580 377 753 405 conceditur.
770 379 849 413 (Rau.
867 379 910 409 ΕΠ,
930 378 980 404 sol.
1001 379 1043 410 93,
1059 382 1090 405 n0
1109 379 1146 412 1.)

267 485 281 500 «
300 472 434 511 liedulfo
455 471 489 500 de
511 470 650 508 Balaam,
670 470 822 510 armiqcro
847 470 1000 500 Bemensis
1018 470 1154 502 diocesis.
1178 470 1235 502 At-

223 527 313 556 tenia
333 525 423 555 sedis
448 524 631 563 apostolice
645 542 693 554 —.
714 524 765 553 Ex
788 524 882 562 parte
901 523 1069 562 siquidem
1094 525 1151 554 tua
1170 524 1234 554 suit

223 578 320 608 nobis
348 577 522 607 humiliter
540 576 768 615 supplicatum
796 577 842 612 ut⁷
863 585 938 606 cum
960 577 995 606 tu
1015 585 1091 606 cum
1112 577 1234 607 dilecta

221 631 256 660 in
271 631 404 661 Christo
419 630 489 660 filia
505 630 627 666 Aelidi,
642 629 711 659 filia
724 630 833 668 Egidii
851 629 890 659 de
904 630 1024 659 Sancto
1038 629 1231 665 Lamberto,

221 684 342 714 militis
357 683 537 714 Remensis
553 683 710 719 diocesis,
728 684 802 720 post
819 682 946 712 obitum
965 683 1132 721 quondam
1147 683 1232 712 Con-

218 738 320 772 tessc,
340 736 457 766 uxoris
474 738 540 771 tue,
555 745 618 774 que
633 736 665 765 in
676 737 795 774 quarto
812 735 1116 774 consanguinitatis
1126 735 1232 774 gradu

218 790 330 821 Aelidi
343 789 472 828 prefate
484 789 631 825 attinuit,
643 789 705 818 fide
716 788 791 818 hinc
803 789 878 819 inde
893 788 1046 826 prestita,
1059 787 1232 826 sponsalia

219 842 359 873 duxeris
369 842 604 877 contrahenda,
618 841 794 880 providere
806 850 907 879 super
924 841 984 871 1100
1000 840 1061 870 tibi
1077 842 1108 871 et
1121 840 1230 871 eidem

217 895 330 926 Aelidi
360 895 399 925 de
429 896 591 933 oportune
620 894 885 932 dispensationis
910 894 1072 924 beneficio
1098 902 1230 924 curare-

215 957 303 979 mus.
325 949 395 978 Nos
421 948 532 986 itaque
556 947 625 977 tuis
651 946 957 985 supplicationibus
984 946 1150 982 inclinati,
1179 947 1227 982 ut,

214 1001 456 1039 impedimento
479 1000 673 1039 hujusmodi
704 1008 770 1029 non
796 999 961 1036 obstante,
982 1001 1017 1030 tu
1047 1001 1079 1030 et
1109 1000 1226 1030 eadem

214 1054 346 1085 Aelidis
380 1053 634 1083 matrimonium
668 1052 857 1083 adinvicem
886 1061 1085 1083 consumare
1120 1052 1225 1083 libere

213 1107 366 1143 valeatis,
392 1106 565 1136 vobiscum
592 1106 790 1136 auctoritate
814 1106 998 1144 apostolica
1024 1106 1064 1136 de
1086 1106 1226 1145 speciali

213 1160 320 1199 gratia
338 1159 588 1198 dispensamus.
606 1159 702 1189 Nulli
728 1160 789 1189 etc.
811 1177 849 1180 -
870 1159 905 1189 Si
927 1159 1004 1198 quis
1027 1160 1139 1189 autem
1161 1160 1223 1189 etc.

212 1213 337 1243 Datum
349 1213 437 1251 apud
452 1212 739 1248 Urbemveterem‚
755 1211 910 1241 kalendis
923 1211 1123 1248 decembris,
1136 1220 1222 1242 anno

215 1266 372 1296 secundo.
394 1277 408 1293 »

750 1439 873 1469 Orvieto,
888 1440 917 1465 <21
938 1439 1052 1466 octobre
1072 1441 1149 1466 1262.

301 1442 373 1473 335

245 1519 348 1546 Felisio
363 1520 396 1546 de
410 1519 529 1546 Scnonis
543 1518 732 1553 capellaniam
747 1518 775 1545 in
789 1518 941 1545 Morincnsi
956 1518 1080 1545 ecclesia
1095 1518 1220 1546 confert.

210 1568 290 1602 (nm.
306 1570 350 1599 ΞΤ,
368 1568 415 1595 fol.
434 1569 477 1598 93,
496 1571 527 1594 0θ
541 1568 582 1599 2.)

249 1671 263 1686 «ι
278 1659 386 1688 Felisio
402 1658 437 1688 de
452 1659 584 1689 Senonis
597 1659 806 1690 clm-iconum
819 1659 961 1690 dilectus
979 1659 1072 1689 tilius
1086 1660 1217 1698 Lando,

206 1712 332 1742 electus
355 1712 566 1751 Anagninus,
590 1714 789 1751 perpetuam
816 1713 1039 1751 capellaniam
1057 1722 1158 1752 quam
1183 1714 1218 1743 in

205 1765 390 1795 Morinensi
414 1765 556 1795 eeclesia
580 1765 766 1800 obtinebat,
782 1774 889 1804 nuper
914 1766 1019 1796 libere
1039 1766 1072 1796 in
1090 1767 1218 1796 nostris

205 1818 361 1848 inanibus
378 1818 647 1857 resignavit7nos
665 1818 888 1857 capellaniam
902 1819 1024 1857 ipsam,
1041 1821 1217 1850 vacantem

204 1879 263 1909 per
287 1871 550 1910 resignationem
578 1871 784 1910 hujusmodi,
808 1880 883 1901 cum
903 1871 1037 1910 juribus
1061 1874 1092 1902 et
1111 1873 1215 1911 perti-

205 1924 329 1953 nentiis
348 1924 420 1954 suis
444 1924 507 1954 tibi
530 1925 569 1954 de
591 1924 699 1962 gratia
720 1924 926 1954 conferimus
952 1925 1103 1963 speciali,
1131 1934 1168 1955 ac
1185 1927 1216 1956 te

202 1976 242 2006 de
270 1976 355 2014 ipsis
378 1976 629 2015 presentialiter
655 1976 869 2007 investimus.
897 1978 973 2007 Non
998 1977 1216 2008 obstantibus

200 2029 371 2067 aliquibus
394 2031 468 2065 etc„
496 2038 602 2067 usque
625 2029 842 2059 mentionem.
864 2030 934 2060 Nos
970 2030 1060 2060 enim
1079 2030 1214 2061 irritum

197 2081 411 2111 decernimus
432 2083 463 2111 et
482 2082 579 2111 inane
598 2082 626 2111 si
644 2090 741 2112 secus
757 2082 797 2112 de
813 2082 1001 2121 capellania
1018 2083 1091 2121 ipsa
1109 2084 1215 2114 conti-

197 2135 282 2173 gerit
300 2135 504 2173 attemptari.
526 2134 621 2166 Nulli
640 2136 715 2171 ctc.‚
740 2136 854 2165 nostre
878 2136 1082 2169 collationis,
1101 2136 1215 2166 iuves-

195 2188 298 2218 titure
317 2189 349 2218 et
372 2187 624 2218 constitutionis
644 2189 704 2218 etc.
730 2188 871 2227 Siquis,
888 2190 949 2219 etc.
973 2189 1099 2219 Datum
1122 2190 1212 2228 apud

196 2240 483 2278 Urbemveterem,
516 2250 563 2270 xii
598 2241 761 2271 kalendas
798 2241 1004 2276 novembris,
1039 2251 1126 2273 anno
1160 2251 1211 2273 se-

198 2294 316 2324 cundo.
338 2305 351 2320 »

728 2461 851 2490 Orvieto‚
867 2463 900 2489 23
917 2462 1033 2489 octobre
1053 2464 1132 2490 1262.

224 2542 334 2569 Decano
350 2542 487 2570 ccclesiae
503 2543 530 2569 S.
548 2542 702 2570 Δ1011001011
720 2543 838 2570 mandat
854 2545 993 2578 quatenus
1011 2543 1148 2571 Felisium
1168 2544 1204 2571 de

188 2590 307 2618 Senonis
325 2591 354 2618 in
369 2590 583 2627 possessionem
598 2591 772 2627 capellaniae
785 2591 911 2619 inducat.
929 2592 1009 2628 (Rae.
1024 2593 1068 2624 27,
1089 2592 1139 2620 sol.
1157 2594 1202 2627 03,

192 2644 223 2667 11⁰
238 2639 278 2676 3.)

230 2743 245 2759 «
264 2756 270 2762 .
293 2756 298 2762 .
316 2731 429 2762 decano
449 2731 569 2762 ecclesie
594 2732 629 2762 S.
657 2732 835 2770 Aztdomari,
859 2733 1037 2763 illm-iriensis
1059 2732 1197 2768 diocesis,

189 2784 273 2814 Cum
298 2785 441 2816 dilectus
470 2786 561 2816 silius
586 2787 663 2822 etc,
695 2787 730 2816 ut
762 2795 875 2825 supra.
900 2805 937 2809 —
962 2787 1086 2817 Datum
1110 2788 1197 2826 apud

188 2836 473 2875 Urbemveterem,
489 2838 678 2869 xkalcndas
690 2839 895 2876 novembris,
911 2848 996 2870 anno
1008 2840 1168 2871 secundo.
1182 2851 1197 2869 »

1387 253 1458 284 337
1792 255 1915 286 Orvieto,
1937 256 1968 282 16
1983 256 2133 285 decembre
2156 260 2232 286 1262.

1331 330 1435 358 Felisio
1460 333 1492 358 dc
1514 332 1632 359 Senonis
1659 333 1787 368 indulget
1805 334 1879 361 utin
1899 335 2059 369 capellania
2086 337 2209 364 residere
2226 340 2255 365 et
2271 339 2306 366 ad

1295 386 1391 406 sacros
1403 380 1516 408 ordines
1527 381 1688 416 promoveri
1701 382 1822 409 minime
1838 386 1980 410 teneatur.
1997 384 2077 419 (nec.
2093 386 2136 416 27,
2151 385 2200 412 sol.
2217 388 2249 413 93
2264 391 2303 419 το,

1295 433 1327 454 12⁰
1344 430 1380 461 1.)

1335 535 1351 556 ((
1383 525 1496 556 Felisio
1528 526 1563 556 de
1590 527 1728 564 Senonis,
1749 532 1898 567 perpetuo
1935 528 2097 568 capellano
2122 530 2151 559 in
2181 529 2303 561 ecclesia

1294 578 1470 610 Mei-iriensi.
1486 581 1682 611 Devotionis
1698 582 1752 610 tue
1764 581 1922 619 precibus
1940 581 2103 618 inclinati,
2116 583 2176 613 tibi
2195 585 2306 615 aucto-

1294 632 1392 662 ritate
1412 633 1619 671 presentium
1636 634 1863 672 indulgemus,
1891 636 1925 664 ut
1949 635 2112 665 insistens
2131 644 2191 674 per
2234 650 2239 665 ν,

1294 686 1479 724 quennium
1501 686 1589 725 juris
1613 687 1763 717 canonici
1793 689 1823 717 et
1849 687 1961 717 civilis
1991 688 2115 724 studio,
2148 688 2204 718 ubi
2243 707 2247 709 >
2271 709 2274 713 -
2299 708 2302 709 γ

1293 738 1473 777 lempniter
1509 739 1621 777 ipsum
1652 740 1774 779 vigeat,
1806 741 1919 779 possis
1951 741 2087 770 interim
2118 746 2268 780 prom&v

1292 791 1477 829 capellanie
1493 793 1547 822 tue
1562 793 1768 823 Morinensis
1786 794 1927 823 ecclesie
1952 802 2027 824 cum
2051 802 2089 824 ea
2108 794 2165 824 intr
2206 806 2216 809 ··
2237 803 2240 808 ·
2274 799 2275 802 ’

1291 844 1464 882 percipere
1485 853 1559 875 cum
1579 854 1645 883 qua
1661 845 1737 876 illos
1755 846 1947 884 perciperes
1967 846 1994 875 si
2014 846 2047 876 in
2066 846 2182 876 eadem
2199 850 2303 877 eccle-

1292 897 1342 927 sia
1359 898 1583 936 personaliter
1612 899 1791 936 resideres,
1819 900 1865 930 ita
1884 900 1973 939 quod
2001 900 2130 930 interea
2152 900 2301 930 residere

1290 950 1325 980 in
1341 951 1415 990 ipsa
1430 951 1482 981 vel
1502 951 1542 981 ad
1559 951 1756 982 diaconatus
1774 961 1833 982 seu
1851 952 2099 990 presbiteratus
2116 953 2252 983 ordines
2268 954 2301 984 tc

1289 1004 1398 1034 facere
1417 1004 1605 1042 promoveri
1621 1004 1760 1035 minime
1777 1005 1936 1041 tenearis,
1956 1014 2015 1035 nec
2033 1006 2074 1035 ad
2092 1006 2126 1036 id
2142 1005 2300 1045 compelli

1288 1056 1401 1095 possis
1421 1056 1559 1093 invitus,
1571 1056 1673 1086 etiam
1689 1058 1846 1095 pretextu
1858 1057 2050 1088 litterarum
2068 1066 2086 1087 a
2103 1058 2181 1088 sede
2199 1066 2299 1097 apos-

1287 1109 1388 1140 tolica
1422 1109 1606 1139 venerabili
1641 1109 1737 1139 fratri
1772 1112 1886 1140 nostro
1917 1110 2105 1141 Morinensi
2139 1111 2296 1150 episcopo

1287 1163 1490 1193 directarum
1512 1172 1614 1201 super
1640 1163 1884 1202 compellendis
1906 1164 2039 1194 clericis
2059 1163 2125 1193 sibi
2151 1163 2299 1194 subditis

1287 1216 1328 1245 ad
1351 1215 1540 1246 faciendam
1566 1216 1599 1246 in
1626 1216 1698 1246 suis
1723 1217 1875 1247 ecclesiis
1896 1217 2116 1248 residentiam
2139 1225 2300 1255 persona-

1286 1267 1363 1304 lem,
1382 1269 1518 1307 proviso
1534 1269 1623 1308 quod
1636 1270 1773 1299 interim
1790 1270 1893 1300 facias
1908 1270 2017 1300 eidem
2032 1270 2217 1309 capellanie
2238 1278 2298 1309 per

1285 1320 1449 1351 vicarium
1479 1322 1647 1361 ydoneum
1673 1323 1848 1353 deserviri.
1870 1323 1965 1353 Nulli
1989 1324 2066 1359 ete,
2091 1325 2206 1353 nostre
2222 1331 2298 1354 con-

1285 1374 1450 1404 cessionis
1474 1376 1535 1405 etc.
1565 1375 1600 1405 Si
1627 1375 1704 1414 quis
1733 1377 1846 1406 autem
1873 1378 1934 1406 etc.
1966 1376 2090 1406 Datum
2120 1376 2209 1414 apud
2234 1376 2297 1407 Ur-

1283 1425 1520 1464 bemveterem,
1544 1437 1609 1458 xv11
1627 1429 1789 1458 kalendas
1802 1428 1964 1467 januarii,
1989 1437 2077 1459 anno
2096 1429 2255 1459 secundo.
2279 1438 2296 1459 »

1372 1608 1445 1639 338
1780 1606 1904 1638 Ortieto,
1926 1608 1955 1634 17
1970 1607 2122 1635 decembre
2143 1609 2222 1636 ¹262.

1315 1687 1426 1713 Decano
1441 1686 1578 1713 ecclesiae
1595 1686 1621 1713 S.
1638 1686 1794 1713 Audomari
1809 1687 2009 1714 executionem
2032 1687 2133 1714 indulti
2154 1688 2292 1723 praedicti

1279 1735 1447 1762 committit.
1464 1736 1543 1768 (REo.
1560 1736 1603 1766 27,
1625 1735 1670 1762 sol.
1689 1737 1732 1767 93,
1750 1741 1782 1762 n⁰
1799 1736 1838 1771 ξ’..)

1319 1844 1335 1859 «
1355 1857 1360 1862 .
1383 1858 1388 1863 .
1408 1832 1519 1862 decano
1546 1832 1666 1862 ecclesie
1682 1833 1717 1864 S.
1744 1832 1924 1869 Aadomavi,
1945 1832 2127 1863 Mor-iriensis
2149 1833 2288 1865 diocesis.

1277 1886 1401 1916 Dilecti
1427 1886 1489 1915 tilii
1514 1886 1633 1915 Felisii
1652 1903 1700 1915 —.
1728 1887 1851 1916 Datum
1885 1887 1973 1924 apud
2000 1886 2290 1924 Urbemveterem‚

1277 1948 1330 1968 xvi
1347 1938 1508 1969 kalendas
1522 1939 1682 1977 januarii,
1701 1947 1787 1969 anno
1805 1939 1965 1969 secundo.
1985 1948 2001 1968 »

1835 2136 1958 2166 Orvieto,
1976 2138 1990 2163 5
2005 2136 2118 2171 janvier
2136 2138 2212 2164 1263.

1364 2137 1437 2169 339

1272 2215 1487 2250 &Dispensatio
1506 2224 1556 2250 pro
1573 2215 1758 2242 matrimonio
1780 2215 1979 2242 confirmando
1994 2218 2020 2242 et
2039 2215 2126 2250 prolis
2143 2216 2170 2243 in
2185 2217 2285 2244 eodem

1270 2264 1457 2292 matrimonio
1473 2267 1639 2300 procreatae
1658 2264 1844 2299 legitimatio.
1863 2265 1944 2300 (Rau.
1961 2266 2006 2296 ⁶27,
2023 2264 2072 2293 sol.
2093 2266 2125 2292 93
2143 2269 2185 2297 v⁰‚
2203 2271 2233 2292 11⁰
2247 2266 2286 2300 3.)

1311 2374 1325 2390 «
1350 2362 1504 2398 Gualcero,
1528 2361 1610 2392 dicto
1631 2361 1778 2401 Tincam-i,
1802 2361 1882 2392 laico
1910 2362 2119 2393 Atrebatensis
2144 2363 2283 2395 diocesis.

1268 2416 1320 2446 Ex
1341 2417 1436 2455 parte
1452 2417 1511 2446 tua
1528 2415 1592 2446 fuit
1610 2415 1823 2455 propositum
1839 2424 1951 2445 coram
1974 2415 2071 2446 nobis
2087 2417 2189 2456 quod,
2206 2425 2282 2448 cum

1267 2469 1394 2500 dudum
1411 2478 1487 2500 cum
1509 2469 1702 2503 Benedicta,
1720 2468 1810 2499 dicta
1825 2468 1966 2506 Hurele2
1983 2469 2126 2500 muliere
2141 2469 2284 2500 Atreba—

1265 2523 1374 2553 tensis
1399 2522 1554 2559 diocesis,
1581 2521 1754 2561 sponsalia
1780 2530 1840 2560 per
1862 2521 1965 2552 verba
1982 2522 2022 2553 de
2041 2522 2163 2557 futuro,
2188 2522 2282 2554 nulla

1264 2577 1378 2607 tamen
1396 2576 1483 2606 inter
1494 2577 1525 2606 te
1543 2584 1580 2605 ac
1596 2575 1705 2614 ipsam
1721 2575 1847 2605 carnali
1862 2574 2043 2606 subsecuta
2060 2575 2192 2614 copula,
2204 2572 2280 2606 con}

1264 2629 1441 2664 traxisses,
1460 2628 1596 2659 tandem
1613 2627 1738 2658 mulier
1758 2627 1832 2667 ipsa
1850 2629 1893 2662 te,
1915 2636 2015 2667 quem
2032 2627 2168 2667 petebat
2188 2623 2277 2659 00111-

1262 2682 1345 2722 pelli
1383 2682 1424 2712 ad
1455 2681 1719 2712 contrahendum
1750 2680 2007 2711 matrimonium
2036 2689 2113 2711 cum
2144 2680 2273 2718 eadem,

1263 2744 1375 2766 coram
1393 2760 1399 2766 .
1421 2757 1427 2765 .
1448 2734 1586 2765 officiali
1606 2733 1821 2765 Atrebatensi
1838 2742 1904 2763 non
1925 2742 1966 2763 ex
1985 2733 2170 2772 apostolica
2187 2733 2274 2763 dele-

1262 2789 1395 2827 gatione
1428 2787 1595 2818 convenit.
1634 2787 1727 2817 Idem
1762 2788 1875 2817 autem
1911 2786 2069 2816 officialis
2100 2786 2133 2816 111
2173 2793 2275 2816 causa

1262 2841 1446 2881 procedens
1463 2840 1695 2880 pronuntiavit
1716 2839 1804 2879 quod
1818 2838 1988 2877 cogendus
2007 2846 2082 2868 eras
2099 2841 2134 2868 ut
2158 2838 2272 2868 matri-
