2547 3289
253 246 312 274 340

254 327 286 355 in
305 326 411 364 ipsius
430 325 520 354 sedis
538 324 757 362 prejudicium
775 323 1002 359 manifestum,
1024 323 1258 353 constituendo

253 379 317 408 sibi
342 378 533 416 capitaneos
555 386 612 405 scu
639 378 851 413 sgravatores
875 378 927 405 aut
948 376 1089 414 priores.
1114 376 1152 405 ad
1176 384 1259 414 quos

253 440 371 461 (fatusas
398 430 660 468 app‹·llati‹nlum
695 429 887 465 hujusmodi
919 428 1084 458 faciebant
1112 428 1257 464 devolvi,

253 486 283 513 01,
301 483 441 521 quedam
469 483 583 520 iniqua
602 482 728 511 edendo
754 484 877 511 statuta
901 483 1015 511 contra
1042 481 1117 510 illos
1143 481 1198 519 qui
1219 482 1259 510 ad

253 536 431 574 predictam
452 535 563 563 sedem
586 544 643 563 scu
661 534 809 572 prefatos
831 536 978 564 rectores
1003 543 1061 572 pro
1082 534 1261 572 quibusvis

1291 604 1292 626 1
1322 590 1509 623 conferens,
1537 590 1578 626 si,
1602 590 1765 628 inquisita
1795 590 1834 619 de
1865 589 1964 627 plano
1996 591 2027 619 et
2059 589 2187 627 absque
2213 588 2333 627 Judicii

253 588 448 617 accedebant
480 588 591 617 causis
617 590 645 616 et
675 596 775 625 snpt‘r
799 587 1069 626 quibuscumque
1096 587 1259 626 gravami-

252 641 350 669 nibus
379 642 434 669 aut
459 640 592 678 injuriis
620 640 847 678 appellabant,
875 649 945 675 nos,
971 640 1120 670 volentes
1152 640 1260 669 eidem

252 693 321 722 sedi
347 695 460 723 contra
482 693 731 722 enervationem
753 693 946 731 bujtismodi
972 702 1031 722 sue
1054 693 1261 731 juris‹‘li‹:tio-

252 746 315 781 nis,
338 754 400 775 non
425 746 605 775 deserendo
628 746 658 775 in
680 746 739 775 boc
757 746 941 784 aliquibus,
963 746 1147 784 apostolica
1169 746 1260 775 solli-

251 799 398 828 citudine
421 799 607 837 providere,
626 799 706 828 olim
724 799 756 828 in
776 800 859 829 sesto
875 799 1106 829 Dedicationis
1122 799 1261 829 basilice

251 851 414 890 princ-ipis
448 852 676 890 apostolorum
711 852 750 881 de
780 851 867 882 Urbe
896 852 1051 890 proximo
1088 852 1259 890 preterito,

251 905 382 934 astante
403 905 479 934 tunc
493 905 581 934 tideli
599 905 735 943 populo,
748 905 918 934 universis
931 905 1259 943 capitaneis,priori-

250 957 588 996 buS‚sg1·avatoribus
604 960 635 988 et
651 958 727 988 aliis
742 958 878 995 talibus,
899 967 1108 997 quorumque
1126 959 1261 988 nomine

251 1013 478 1047 censerentur,
507 1012 704 1041 auctoritate
734 1012 919 1050 apostolica
938 1012 1080 1042 tirmiter
1101 1012 1261 1041 duximus

251 1064 483 1098 inhibendum,
503 1073 541 1094 ne
563 1074 580 1094 a
602 1065 758 1094 Kalendis
775 1065 903 1095 mensis
920 1065 1067 1103 Januarii
1087 1066 1164 1095 tunc
1187 1073 1261 1103 pro-

251 1117 343 1146 ximo
357 1116 606 1155 subsequentis,
617 1117 655 1147 de
668 1117 861 1156 hujusmodi
872 1118 1135 1157 appellationum
1149 1118 1261 1147 causis

251 1178 461 1209 cognoscere,
487 1179 588 1209 seque
612 1171 652 1200 110
682 1171 751 1200 illis
771 1171 995 1201 intromittere
1024 1170 1261 1210 quoquomodo

250 1225 496 1261 presumerent,
516 1225 558 1259 et,
582 1224 609 1253 si
639 1232 736 1253 secus
757 1224 841 1254 forte
859 1226 1104 1263 presumerent,
1130 1233 1168 1254 eo
1187 1224 1261 1263 ipso

252 1285 286 1306 se
305 1278 479 1306 noscerent
509 1278 869 1307 excommunicationis
899 1278 1076 1312 sententie,
1103 1286 1203 1316 quam
1229 1277 1259 1307 in

251 1330 343 1368 ipsos
367 1331 489 1359 extunc
517 1330 733 1368 protulimus,
762 1330 947 1369 subjacere,
974 1331 1113 1369 suisque
1138 1330 1260 1359 officiis

249 1382 634 1422 totaliterperpetuoque
647 1384 809 1421 privatos,
822 1384 866 1413 ita
881 1383 968 1422 quod
982 1384 1085 1413 nullis
1099 1392 1259 1421 umquam

252 1435 375 1465 futuris
393 1435 603 1474 temporibus
629 1438 765 1474 possent
790 1437 830 1465 ad
851 1436 1043 1475 hujusmodi
1062 1436 1113 1465 vel
1133 1437 1171 1465 ad
1195 1436 1261 1465 alia

250 1497 459 1526 quecumque
477 1489 597 1521 ot'ticia,
618 1490 649 1518 in
671 1489 770 1518 terris
789 1489 939 1527 ejusdem
959 1489 1110 1525 ecclesie,
1131 1497 1261 1519 reassu-

250 1541 308 1577 mi,
328 1542 359 1571 et
377 1542 403 1570 si
423 1550 520 1571 secus
539 1544 771 1579 presumptum
793 1542 888 1578 foret,
908 1544 996 1572 esset
1016 1551 1170 1575 vacuum,
1188 1542 1261 1572 irri-

252 1596 320 1623 tum
340 1596 370 1624 et
389 1595 496 1624 inane.

291 1647 354 1677 Sed
383 1648 539 1682 Crassus,
567 1648 651 1677 civis
675 1649 892 1684 Tudertinus,
921 1648 977 1686 qui
1002 1657 1062 1687 pro
1087 1649 1262 1687 capitaneo

251 1700 390 1730 Reatine
412 1700 559 1730 civitatis
582 1710 617 1730 se
639 1702 735 1739 gerit,
756 1701 948 1739 hujusmodi
969 1710 1165 1740 processum
1187 1711 1261 1732 nos-

250 1754 340 1783 trum
352 1753 612 1792 dampnabiliter
627 1755 884 1793 parvipendens,
898 1757 1013 1784 contra
1025 1756 1174 1785 tenorem
1190 1764 1261 1794 pro-

252 1814 368 1836 cessus
397 1807 558 1844 ejusdem,
582 1808 665 1837 citra
688 1808 857 1846 predictas
881 1808 1055 1841 kalendas,
1082 1808 1121 1838 110
1150 1808 1261 1847 hujus—

253 1859 342 1888 modi
353 1860 617 1898 appellationum
627 1861 738 1890 causis
750 1861 781 1890 in
791 1861 907 1891 cadem
918 1861 1053 1892 civitate
1061 1870 1261 1901 cognoscere

253 1921 355 1950 seque
373 1913 412 1942 de
432 1913 501 1942 illis
516 1914 739 1944 intromIttere
755 1922 816 1943 non
838 1914 986 1952 expavit.
1001 1915 1041 1944 Et
1055 1915 1128 1944 licet
1147 1914 1261 1944 dilecti

253 1965 314 1995 11111
345 1990 379 1995 ..
410 1968 559 2004 potestas
596 1968 627 1996 et
659 1967 839 1996 consilium
873 1967 1020 1997 civitatis
1049 1968 1212 2006 ejusdem,
1231 1968 1260 1997 ei

253 2018 411 2048 duxerint
447 2019 662 2048 inhibendum
697 2028 735 2049 ne
764 2022 879 2050 contra
909 2020 1048 2058 predicti
1083 2030 1260 2059 processus

252 2071 358 2101 nostri
379 2072 527 2102 tenorem
555 2072 661 2102 t'acere
687 2073 938 2110 quomodolibet
963 2075 1188 2112 attemptaret,
1213 2073 1259 2103 ni-

252 2124 456 2154 chilominus
475 2126 585 2154 tamen
605 2126 686 2164 ipse,
709 2125 764 2164 qui
789 2126 988 2155 manifestus
1011 2126 1120 2155 t'autor
1139 2127 1261 2157 dicitur

251 2178 429 2213 Mant'redi‚
452 2178 619 2216 quondam
641 2179 804 2216 principis
823 2179 1010 2214 Tarentini,
1034 2180 1260 2218 persecutoris

251 2231 391 2260 ecclesie
421 2231 605 2266 manifesti,
633 2232 671 2261 ad
700 2232 760 2261 1101·
791 2234 825 2262 ut
858 2232 1054 2262 scandalum
1087 2233 1119 2262 in
1151 2233 1260 2271 ipsius

250 2284 415 2314 Mant‘redi
445 2284 591 2314 favorem
618 2285 650 2314 in
683 2285 831 2323 predicta
863 2287 1003 2323 poneret
1031 2286 1178 2322 civitate,
1202 2295 1260 2325 per

250 2346 363 2367 vocem
390 2338 543 2376 preconis
572 2338 647 2368 fecit
673 2337 806 2376 publice
836 2338 868 2367 111
894 2339 1009 2369 eadem
1034 2339 1169 2369 civitate
1195 2339 1259 2369 cla—

249 2391 345 2426 mari,
368 2400 426 2429 pro
452 2399 511 2421 sue
539 2391 634 2421 libito
662 2391 859 2425 voluntatis,
886 2393 921 2421 ut
949 2400 1024 2422 cum
1051 2392 1122 2431 ipse
1152 2393 1259 2423 inten-

248 2444 304 2474 dat
329 2444 593 2483 appellationum
619 2453 738 2474 causas
765 2445 893 2481 audire,
920 2454 957 2475 ac
983 2445 1071 2481 illas,
1094 2454 1159 2476 non
1184 2445 1256 2476 obs·

246 2497 397 2528 tantibus
420 2498 612 2536 hujusmodi
638 2507 797 2536 processu
819 2500 935 2528 nostro
954 2500 985 2529 et
1005 2499 1258 2537 impedimentis

247 2551 467 2590 quibuslibet,
492 2552 686 2588 terminare,
714 2560 830 2581 omnes
854 2551 1119 2590 appellationum
1145 2561 1256 2590 cause,

246 2612 330 2643 quas
360 2614 377 2634 a
410 2605 557 2643 predicto
591 2606 757 2644 potestate
789 2605 959 2643 interponi
997 2605 1183 2644 contigerit⁷
1216 2607 1255 2636 ad

246 2665 342 2687 suam
376 2658 581 2688 audientiam
614 2658 838 2696 perferantur.
878 2658 1087 2697 Quamplura
1122 2668 1255 2698 quoque

245 2710 311 2740 alia
334 2711 366 2740 in
390 2711 503 2740 cadem
532 2711 667 2741 civitate
690 2713 804 2740 contra
829 2711 988 2741 honorem
1008 2714 1036 2741 et
1058 2711 1254 2742 tidelitatem

244 2763 393 2793 Romane
431 2764 582 2799 ecclesie,
618 2766 716 2802 prout
751 2764 996 2799 intelleximus,
1031 2764 1252 2796 machinatur.
1285 2765 1287 2791 Ῑ

1284 2823 1285 2829 ’
1316 2818 1462 2852 obviare,
1481 2817 1559 2847 dum
1579 2817 1619 2846 ad
1639 2816 1696 2846 illa
1715 2824 1775 2845 sua
1795 2815 1880 2853 cepit
1903 2816 2098 2844 convertere
2120 2811 2243 2844 studia,
2267 2819 2326 2849 per

243 2816 326 2846 Cum
354 2817 453 2855 igitur
478 2817 592 2846 eadem
618 2817 739 2846 civitas
771 2817 803 2846 in
832 2817 1010 2847 devotione
1033 2826 1068 2847 ac
1094 2818 1253 2848 tidelitate

242 2869 350 2907 ipsius
378 2870 516 2899 ecclesie
544 2870 625 2899 adeo
653 2870 794 2899 tirmiter
817 2871 846 2899 et
873 2872 1066 2900 constanter
1092 2871 1153 2901 sub
1174 2873 1253 2901 tem-

241 2930 358 2960 porum
393 2923 587 2953 diversitate
622 2922 863 2961 permanserit,
900 2923 986 2961 quod
1023 2923 1113 2953 nulle
1147 2923 1251 2954 tribu-

1014 240 1257 270 tffl‹;1s'1‘1’.Es
1281 240 1493 270 D'L'ussr-xlx
1519 240 1575 269 lv.

1321 323 1483 352 latiomnn
1522 330 1606 360 aque
1646 321 1754 360 ipsius
1786 330 1865 360 erga
1895 321 2035 351 eandem
2067 321 2245 351 ecclesiam
2281 331 2338 361 po-

1320 377 1455 405 tnerunt
1487 375 1683 413 extinguere
1713 375 1900 407 caritatem,
1935 382 2008 407 nos,
2039 374 2233 404 nullatenus
2264 383 2335 405 sus-

1322 429 1427 459 tinere
1458 428 1608 458 volentes
1641 430 1676 457 ut
1706 428 1869 457 fermento
1895 427 2038 465 alicujus
2070 426 2199 456 malitie
2225 427 2333 473 ipsius

1321 484 1469 514 civitatis
1492 484 1622 522 puritas
1640 485 1886 522 corrumpatur,
1904 483 2101 513 discretioni
2122 485 2177 512 tue
2199 483 2334 512 manda-

1323 546 1397 567 mus
1416 538 1576 576 quatinus
1598 537 1638 566 ad
1661 537 1845 575 predictam
1866 536 2035 566 civitatem
2059 539 2090 565 te
2111 535 2335 574 personaliter

1323 643 1466 682 strepitu
1492 643 1689 681 diligentius
1724 643 1877 677 veritate,
1911 642 1930 671 11
1948 644 2036 671 ctum
2058 642 2219 671 Crassum
2251 641 2335 671 citra

1322 696 1490 735 predictas
1509 696 1671 726 kalendas
1697 696 1736 725 de
1756 695 1950 734 huJ'usmodi
1973 694 2240 733 appellationum
2259 702 2335 723 cau-

1323 749 1371 778 sis
1406 749 1577 779 inveneris
1612 748 1810 786 cognovisse
1838 756 1941 786 seque
1973 747 2202 777 intromisisse
2230 747 2270 777 de
2298 746 2336 776 il-

1323 802 1378 835 lis,
1406 803 1587 831 convocato
1615 801 1758 831 consilio
1777 802 1809 831 et
1828 800 1951 839 populo
1969 800 2136 834 Reatinis,
2157 800 2337 830 denunties

1324 855 1446 893 ipsum,
1476 855 1574 893 juxta
1614 856 1764 884 tenorem
1809 853 1951 892 predicti
1993 862 2175 892 processus
2215 853 2334 889 nostri,

1323 907 1683 937 exconmiunicationis
1698 907 1864 936 sententie
1877 906 2062 944 subjacere,
2080 914 2207 944 suoque
2225 905 2336 936 osticio

1322 961 1471 991 totaliter
1495 962 1725 999 perpetuoque
1748 960 1928 998 privatum,
1955 959 1999 989 ita
2022 959 2122 997 quod,
2142 959 2247 989 nullis
2273 967 2336 988 un-

1323 1023 1422 1052 quam
1441 1014 1566 1044 suturis
1582 1013 1803 1051 temporibus,
1824 1013 1865 1042 ad
1885 1012 2078 1051 huJusmodi
2095 1012 2147 1041 vel
2168 1012 2234 1042 alia
2252 1020 2334 1051 que-

1322 1076 1464 1105 cumque
1485 1067 1594 1096 ot'ticia
1615 1067 1647 1096 in
1668 1066 1768 1096 terris
1788 1066 1938 1103 ejusdem
1956 1065 2097 1095 ecclesie
2117 1065 2223 1095 valeat
2244 1073 2332 1095 reas-

1322 1120 1422 1150 sumi.
1449 1120 1622 1158 Precipias
1640 1119 1742 1149 etiam
1764 1119 1925 1157 predictis
1950 1118 2121 1157 potestati,
2141 1117 2284 1147 consilio
2302 1119 2334 1147 et

1322 1173 1458 1211 populo,
1482 1172 1544 1202 sub
1562 1181 1645 1210 pena
1674 1172 1767 1201 mille
1795 1180 1982 1201 marcarum
2003 1171 2143 1210 argenti,
2173 1173 2206 1200 ut
2225 1170 2334 1200 eidem

1322 1227 1444 1256 Crasso
1461 1228 1632 1264 tamquam
1653 1234 1769 1254 00111111
1787 1224 1960 1262 capitaneo
1981 1232 2044 1253 non
2075 1223 2260 1258 intendant,
2289 1223 2336 1261 ip-

1322 1288 1464 1316 sumque
1494 1279 1580 1308 int'ra
1611 1279 1684 1306 octo
1709 1277 1782 1306 dies
1806 1278 1879 1315 post
1905 1278 2100 1314 preceptum
2127 1275 2334 1313 hujusmodi,

1322 1332 1361 1361 dc
1387 1332 1527 1362 Reatina
1560 1339 1700 1369 prorsus
1732 1330 1867 1368 ejiciant
1896 1329 2042 1362 civitate,
2078 1328 2119 1358 ad
2149 1328 2336 1367 predictum

1322 1385 1374 1415 vel
1401 1384 1491 1414 aliud
1515 1384 1749 1422 quodcumque
1772 1382 1922 1413 officium
1945 1382 2050 1425 nullis
2076 1391 2225 1420 unquam
2251 1381 2335 1411 inibi

1322 1438 1446 1467 futuris
1473 1436 1683 1474 temporibus
1704 1435 1958 1465 resumendum.
1983 1435 2256 1465 Contradictores
2279 1443 2337 1464 au-

1321 1492 1400 1524 tem,
1417 1490 1506 1529 siqui
1526 1498 1627 1528 super
1647 1489 1707 1519 hoc
1730 1489 1865 1523 suerint,
1886 1489 1939 1518 vel
1961 1488 2117 1524 rebelles,
2137 1496 2196 1526 per
2217 1496 2336 1517 censu-

1321 1552 1394 1574 ram
1416 1543 1691 1577 ecclesiasticam,
1714 1542 1940 1581 appellatione
1965 1544 2106 1576 remota,
2125 1549 2334 1579 compescas.

1321 1597 1446 1627 Datum
1460 1596 1548 1635 apud
1567 1595 1854 1631 Urbemveterem,
1871 1605 1906 1624 111
1923 1595 2000 1624 idus
2015 1593 2231 1633 septembris,
2248 1602 2334 1624 anno

1322 1650 1432 1680 tertio.
1452 1660 1466 1678 »

1839 1841 1964 1874 Orvieto,
1975 1843 1991 1867 8
2006 1841 2168 1875 septembre
2184 1841 2261 1867 1203.

1411 1845 1481 1875 717

1357 1928 1493 1963 Magistro
1517 1926 1656 1962 ltayncrio
1679 1927 1711 1952 dc
1736 1925 1862 1952 Vitcrbio
1887 1926 2003 1952 mandat
2026 1928 2053 1951 ut
2079 1924 2269 1951 Viterbienses
2291 1923 2327 1950 ab

1322 1977 1399 2004 omui
1416 1976 1665 2003 confoederatione
1678 1983 1743 2001 cum
1757 1974 1920 2001 Tudertinis
1939 1974 2008 2000 inita
2026 1982 2075 1999 scu
2097 1974 2217 2000 incunda
2242 1972 2332 1999 desis-

1322 2028 1381 2051 tere
1408 2025 1515 2060 jubeat.
1549 2025 1629 2058 (itan.
1656 2026 1700 2055 28,
1724 2023 1771 2049 t'ol.
1798 2026 1832 2050 8¹]
1855 2029 1893 2055 νο,
1923 2022 2045 2049 curiales
2072 2030 2147 2048 auno
2173 2021 2217 2051 tlt,
2241 2027 2270 2047 n⁰
2295 2022 2329 2051 3;

1322 2074 1468 2100 Porrrmsvr
1493 2074 1600 2106 tsossu.)

1363 2192 1377 2206 «
1397 2180 1545 2218 ,1111913110
1559 2178 1713 2217 lt'uynerio
1726 2177 1762 2207 cle
1784 2177 1925 2211 Vim-bio,
1941 2175 2101 2216 capellano
2118 2180 2230 2204 nostro.
2247 2174 2334 2210 Quia

1320 2232 1548 2263 Yiterbiensis
1588 2232 1708 2261 civitas
1739 2231 1914 2261 consuevit
1944 2230 2024 2260 olim
2058 2229 2256 2267 precipuum
2290 2227 2332 2258 ad

1321 2287 1507 2317 Romanam
1535 2285 1712 2315 ecclesiam
1739 2284 1848 2314 zelum
1877 2283 2039 2313 ferventis
2063 2282 2251 2312 devotionis
2278 2281 2335 2311 ha-

1321 2339 1409 2375 bere,
1444 2348 1546 2378 seque
1575 2337 1759 2376 apostolice
1787 2337 1878 2367 sedis
1904 2335 2126 2374 beneplacitis
2158 2334 2333 2365 humiliter

1320 2396 1486 2431 coaptare,
1502 2392 1652 2431 predicta
1666 2391 1820 2425 ecclesia,
1837 2390 1877 2419 ad
1893 2389 2088 2428 hujusmodi
2106 2397 2166 2418 sue
2183 2387 2332 2418 devotio-

1319 2446 1373 2476 nis
1389 2445 1509 2476 merita
1534 2444 1667 2475 oculum
1692 2444 1819 2474 intente
1846 2442 2127 2473 considerationis
2145 2441 2331 2478 intlectenS,

1319 2501 1444 2529 statum
1462 2498 1534 2537 ejus
1551 2497 1811 2536 multiplicibus,
1831 2495 1894 2526 sub
1910 2495 2106 2526 diversitate
2126 2496 2330 2534 temporum,

1319 2552 1456 2582 adauxit
1480 2550 1652 2581 favoribus
1679 2552 1710 2580 et
1738 2550 1886 2589 copiosis
1914 2548 2155 2579 beneficiorum
2185 2546 2331 2577 cumulis

1318 2605 1504 2643 ampliavit,
1527 2604 1705 2634 intendens
1729 2603 1838 2642 ipsam
1864 2602 2054 2632 successive
2079 2600 2238 2639 congruis
2262 2607 2331 2630 ma—

1317 2658 1475 2697 gnificare
1495 2657 1614 2695 gratiis
1640 2659 1671 2687 et
1695 2656 1870 2693 condignis
1889 2654 2131 2685 munificentiis
2149 2653 2327 2684 honorare.

1315 2712 1378 2741 sed
1407 2720 1480 2741 ecce
1508 2711 1630 2740 civitas
1659 2710 1774 2739 eadem
1799 2718 1814 2738 a
1844 2709 1942 2738 solite
1969 2707 2159 2738 devotionis
2189 2705 2325 2736 tramite

1316 2765 1450 2794 deviare
1476 2764 1562 2794 velle
1581 2763 1714 2793 videtur
1737 2762 1956 2801 ejusdemque
1984 2761 2076 2791 sedis
2105 2758 2326 2797 beneplacitis

1315 2880 1379 2910 que
1417 2871 1504 2900 dicta
1542 2870 1639 2899 sedes
1669 2870 1868 2907 provocetur
1897 2867 2016 2897 merito
2043 2868 2157 2895 contra
2199 2865 2321 2903 ipsam.

1317 2924 1520 2954 Audivimus
1537 2922 1661 2953 etenim
1679 2921 1767 2960 quod
1789 2945 1794 2949 .
1811 2945 1816 2951 .
1841 2922 2002 2960 potestas.
2022 2918 2199 2957 capitanei.
2218 2917 2328 2947 consi-
