2547 3289
1039 215 1280 252 'rROIsIEME
1308 223 1397 253 ANN
1406 215 1472 252 1313.
2235 222 2288 251 341

211 305 294 335 lium
319 307 349 335 et
379 313 555 335 commune
571 304 718 334 civitatis
739 305 901 343 ejusdem,
920 304 1013 333 illins
1031 303 1223 334 benivolen-

210 358 257 388 tie
276 367 416 396 prorsus
440 358 667 393 immemores,
685 366 751 395 qua
768 357 857 387 dicta
875 357 972 387 sedes
991 357 1131 387 eandem
1150 366 1224 395 pro-

213 411 367 450 sequitur
402 411 584 446 civitatem,
618 418 724 448 nuper
753 419 828 440 cum
860 410 1067 445 Tudertinis,
1102 412 1133 440 et
1166 418 1224 447 per

211 473 422 503 consequens
456 473 531 494 cum
573 463 710 502 perfidis
749 463 940 501 Spoletanis
981 463 1224 501 conjurationis

212 517 297 547 inire
322 517 435 547 federa
452 518 744 555 presumpserunt,
765 516 873 545 eidem
895 516 965 545 sedi
988 516 1020 545 in
1038 516 1098 545 hoc.
1117 516 1224 545 nulla*

211 571 310 599 tenus
327 570 528 605 deferentes7
549 571 665 599 contra
681 568 776 607 cujus
792 568 950 598 honorem
975 568 1224 606 conjurationes
1254 587 1255 601 ;

211 622 405 661 hujusmodi
424 623 464 651 de
482 622 579 657 facto,
604 624 912 660 quantunicumque
933 621 964 650 in
992 621 1061 650 illis
1077 621 1149 659 ejus
1170 621 1224 651 110-
1254 615 1255 618 “

212 684 273 704 1101·
292 679 322 705 et
346 675 490 705 fidelitas
520 683 680 712 expresse
706 673 831 703 salvari
856 673 956 703 verbo
975 674 1224 708 consueverint,

213 728 408 766 attemptari
436 727 587 757 totaliter
615 727 847 757 dinoscuntur.
879 726 965 761 Quia
998 726 1100 765 igitur
1126 725 1225 755 nobis
1255 729 1257 769 ζ

213 781 398 818 plurimum
417 780 624 818 displiceret,
646 780 674 809 si
687 780 814 818 justam
828 779 1029 809 haberemus
1048 779 1224 808 materiam

214 833 322 863 eidem
340 833 468 862 civitati
487 834 638 862 nostram
658 834 689 862 et
708 832 836 870 prefate
855 831 946 861 sedis
960 831 1225 861 benivolentiam

214 886 444 921 subtrahendi,
478 885 674 915 discretioni
706 887 761 914 tue
791 893 850 923 per
885 884 1071 922 apostolica
1101 885 1226 923 scripta
1256 901 1257 907 1

214 939 366 969 districte
383 938 598 977 precipiendo
624 938 825 967 mandamus
850 937 1022 975 quatinus,
1041 937 1155 967 statim
1179 946 1226 967 re·
1256 961 1258 967 1

213 992 320 1030 ceptis
340 991 569 1030 presentibus,
585 991 755 1029 predictos
773 991 975 1028 potestatem
1000 989 1114 1027 ejusve
1138 990 1224 1019 vica-

212 1044 314 1079 rium,
344 1044 550 1082 capitaneos,
583 1043 762 1073 consilium
796 1046 827 1073 et
854 1051 1030 1072 commune
1063 1051 1103 1071 ex
1131 1044 1225 1080 parte

211 1098 328 1127 nostra
346 1097 525 1135 diligenter
541 1105 679 1126 moneas
694 1098 724 1126 et
744 1096 895 1131 inducas,
912 1095 1040 1134 eisque,
1058 1094 1119 1124 sub
1139 1103 1225 1133 pena

211 1150 307 1180 mille
336 1159 526 1180 marcarum
552 1150 693 1189 argenti⁷
721 1149 905 1188 apostolica
938 1149 1135 1178 auctoritate
1159 1148 1227 1177 dis-

210 1204 309 1233 tricte
324 1203 505 1242 precipias,
520 1205 555 1233 ut
574 1203 661 1233 infra
679 1202 873 1241 quindecim
889 1202 962 1232 dies
978 1203 1053 1239 post
1069 1201 1225 1231 monitio-

213 1265 289 1286 nem
307 1257 338 1286 et
357 1257 551 1295 preceptum
575 1256 780 1294 hujusmodi,
807 1264 940 1285 omnem
960 1254 1225 1293 conjurationem

212 1318 271 1339 seu
285 1310 590 1339 confederationem
604 1311 659 1339 aut
673 1309 922 1347 colligationem
939 1308 1009 1338 sive
1030 1308 1226 1337 societatem

212 1363 269 1393 aut
289 1363 506 1393 citadantiam
527 1363 579 1392 vel
597 1363 690 1392 aliud
710 1362 834 1398 simile,
855 1369 1067 1400 quocumque
1090 1361 1226 1391 nomine

211 1417 399 1450 censeatur,
411 1424 477 1454 (1110
488 1424 522 1445 36
534 1416 585 1445 Tu
594 1415 730 1445 ,lertinis
743 1415 933 1444 astrinxere
946 1414 1119 1452 predictis,
1132 1422 1225 1452 pror-

211 1477 270 1498 sus
285 1468 485 1504 dissolvere,
499 1468 633 1498 sublata
647 1467 796 1506 qualibet
809 1467 1022 1503 difficultate,
1034 1468 1225 1505 procurent,

212 1530 277 1552 non
297 1521 511 1552 obstantibus
525 1521 741 1559 juramentis,
763 1521 792 1550 si
810 1529 876 1560 qua
899 1522 1036 1559 propter
1049 1520 1109 1550 hoc
1128 1519 1227 1549 forsi-

210 1576 269 1605 tan
295 1575 529 1614 prestiterunt,
557 1583 575 1604 a
600 1574 736 1612 quibus,
757 1582 832 1603 cum
856 1573 923 1603 sint
946 1573 1139 1612 iniquitatis
1158 1572 1228 1601 vin-

212 1628 305 1662 cula,
341 1627 527 1666 apostolica
568 1627 662 1665 ipsos
701 1627 901 1657 auctoritate
943 1626 1153 1656 absolvimus
1197 1627 1229 1655 et

213 1681 427 1710 decernimus
445 1680 630 1710 absolutos.
650 1681 693 1710 Et
712 1680 741 1709 si
760 1679 891 1709 nullam
905 1679 1012 1709 adhuc
1027 1679 1228 1717 conjuratio-

213 1743 290 1764 nem
327 1743 387 1764 seu
427 1733 736 1764 confederationem
775 1735 831 1763 aut
867 1732 1119 1771 colligationem
1157 1732 1228 1761 sive

213 1788 410 1818 societatem
440 1787 493 1817 vel
529 1787 747 1817 citadantiam
783 1786 933 1816 fecerunt
971 1794 1046 1815 cum
1078 1785 1160 1821 illis,
1192 1786 1229 1815 tu

214 1841 458 1870 nichilominus
482 1840 626 1870 firmiter
643 1839 706 1869 sub
731 1839 847 1870 eadem
872 1848 958 1877 pena
983 1839 1032 1868 eis
1062 1838 1227 1874 inhibeas,

213 1903 253 1924 ne
275 1894 425 1932 aliquam
447 1893 618 1932 deinceps,
638 1893 711 1922 sine
730 1894 847 1923 nostra
863 1894 894 1922 et
914 1892 1024 1930 ipsius
1049 1891 1140 1921 sedis
1158 1900 1232 1929 spe-

214 1947 292 1978 ciali
318 1947 456 1977 licentia
475 1948 506 1976 et
534 1946 692 1976 mandato
718 1945 827 1976 facere
852 1945 1089 1984 quoquomodo
1117 1953 1231 1983 presu-

215 2002 319 2037 mant,
353 2001 549 2036 decernens,
580 1999 609 2029 si
638 2007 736 2029 secus
768 1998 1049 2037 presumpserint,
1082 1997 1228 2033 irritum,

214 2063 359 2084 vacuum
379 2054 515 2092 penitus
531 2056 563 2083 et
581 2053 692 2083 inane.
708 2053 876 2083 Volumus
891 2052 1002 2081 autem
1019 2053 1054 2081 ut
1067 2051 1106 2081 de
1124 2051 1230 2080 moni-

214 2107 324 2142 tione,
357 2109 514 2146 precepto
554 2108 586 2137 et
623 2106 824 2137 inhibitione
858 2105 1072 2143 hujusmodi,
1113 2104 1231 2134 confici

215 2161 319 2191 facias
343 2159 516 2199 publicum
546 2160 824 2195 instrumentum,
851 2158 936 2188 illud
961 2158 1060 2188 nobis
1086 2157 1232 2187 fideliter

214 2214 494 2244 transmissurus.
519 2213 645 2244 Datum
673 2213 762 2251 apud
790 2211 1080 2245 Urbemveterem,
1098 2220 1129 2240 vi
1154 2210 1231 2240 idus

217 2266 432 2304 septembris,
453 2275 540 2296 anno
558 2266 670 2296 tertio.
689 2278 702 2293 »

309 2420 381 2450 713
701 2417 824 2447 Orvicto,
846 2418 877 2444 io
894 2417 1057 2451 septembre
1078 2417 1156 2444 1203.

251 2506 272 2534 Q
285 2512 290 2528 1
305 2504 330 2530 ι(1
343 2511 442 2538 regem
458 2502 576 2537 Angliac
593 2511 608 2528 a
624 2502 747 2536 quodam
765 2501 931 2536 juramento
944 2501 979 2527 ab
995 2501 1056 2535 ipso
1075 2500 1229 2527 baronibus

217 2552 355 2587 prat-<tito
377 2551 525 2578 absolvere
547 2551 651 2577 valeat.
674 2551 753 2585 (Rau.
771 2550 815 2581 28,
835 2549 884 2576 foll
903 2552 937 2577 80
957 2555 996 2581 νο,
1015 2549 1138 2576 curiales
1162 2557 1228 2575 ann.

216 2601 263 2633 ΙΙΙ,
281 2606 312 2628 11⁰
326 2601 368 2635 4.)

259 2700 273 2715 «
304 2687 467 2717 Guillelmo
498 2686 715 2716 archidiacono
748 2685 890 2714 pariensi
922 2685 1080 2724 capellano
1112 2692 1229 2717 nostro,

219 2742 303 2772 Cum
329 2744 361 2771 te
389 2741 430 2771 ad
459 2740 676 2771 carissimum
711 2739 743 2768 in
775 2739 908 2769 Christo
940 2739 1049 2768 111111111
1079 2741 1232 2769 nostrum

217 2794 387 2825 illustrem
407 2803 519 2833 regem
539 2793 671 2832 Anglie,
693 2801 753 2830 pro
771 2791 975 2830 quibusdam
994 2792 1232 2821 communibus

217 2850 287 2878 tam
309 2848 418 2886 ipsius
435 2856 535 2886 quam
545 2847 685 2877 ecclesie
704 2846 854 2876 Romane
863 2845 1018 2883 negotiis,
1031 2845 1071 2874 de
1089 2845 1231 2875 fratrum

219 2902 413 2930 nostrorum
423 2900 578 2935 consilio,
590 2899 810 2933 destinemus,
827 2898 1022 2927 discretioni
1039 2899 1094 2927 tue
1112 2897 1152 2927 de
1167 2906 1232 2936 qua
1263 2931 1265 2934 .

1286 304 1418 341 plenam
1439 304 1470 333 in
1492 303 1633 333 Domino
1655 303 1809 332 fiduciam
1827 303 1986 341 gerimus,
2010 303 2204 332 absolvendi
2222 313 2294 332 am·-

1286 357 1419 386 toritate
1448 358 1561 385 nostra
1580 364 1690 394 regem
1717 356 1826 393 ipsum
1852 366 1867 385 a
1888 355 2020 385 vinculo
2042 355 2240 393 juramenti,
2264 356 2291 384 31

1285 410 1373 447 quod
1397 418 1472 438 euin
1493 408 1675 438 baronibus
1701 408 1792 447 regni
1815 409 1867 437 sui
1893 409 1931 437 de
1958 408 2147 437 revelandis
2172 409 2222 437 eis
2244 418 2293 438 36·

1285 463 1386 491 cretis
1410 470 1473 500 qne
1500 462 1563 490 sibi
1589 461 1629 490 ab
1655 461 1839 500 apostolica
1867 462 1944 491 sede
1964 461 2014 491 vel
2039 471 2055 490 a
2078 461 2294 500 quibuscum-

1286 524 1348 552 que
1367 515 1520 552 personis
1548 515 1635 543 mitti
1659 515 1848 551 contigerit,
1866 515 2057 552 prestitisse
2077 514 2292 552 compereris.

1286 576 1426 597 necnon
1449 567 1489 596 ab
1516 568 1604 596 0111111
1633 567 1698 596 alio
1729 568 1848 597 illicito
1877 568 2080 605 juramento,
2103 567 2234 605 plenam
2264 570 2295 597 et

1286 620 1426 650 liberam
1455 620 1670 649 concedimus
1697 622 1812 650 tenore
1843 621 2051 658 presentium
2082 622 2293 658 potestatem.

1286 674 1408 703 Datum
1436 673 1523 711 apud
1550 672 1837 706 l'rbemveterem,
1864 682 1914 701 xvi
1948 673 2111 702 kalendas
2136 673 2294 702 octobris.

1287 734 1373 755 anno
1390 727 1498 756 tertiO.
1520 736 1534 753 »

1377 879 1448 908 719

1824 878 1948 906 orvi-210,
1967 880 1999 904 :2¹¹
2016 879 2129 904 octobr-⁸
2152 880 2224 905 12¹3&

1322 956 1704 990 Αι·6111(-111”31;υ110’111111ίῦ110
1722 957 1836 983 mandat
1852 957 1982 983 hort-:tur
1997 958 2151 983 Janucnses
2169 962 2208 984 ut.
2224 958 2298 985 intra

1287 1012 1335 1030 sex
1355 1012 1479 1030 menses.
1492 1014 1506 1030 a
1524 1004 1772 1031 confoederatione
1789 1005 1961 1039 l'alaeologi,
1980 1005 2162 1039 111111011110113
2180 1008 2297 1033 ura-³1:0-

1288 1059 1362 1078 rum,
1379 1052 1531 1079 desidant.
1550 1053 1624 1087 (lina.
1644 1054 1688 1084 28,
1708 1053 1754 1079 tol.
1771 1054 1815 1080 st.
1834 1054 1955 1080 curiales
1976 1062 2042 1079 ann.
2062 1054 2107 1083 111„
2123 1060 2153 1080 u‘*
2170 1057 2208 1085 ἶ»,

1328 1155 1343 1172 (i
1371 1169 1376 1172 .
1396 1169 1400 1173 .
1426 1144 1659 1184 archiepiscopo
1684 1145 1861 1174 Tur-ritum».
1887 1145 1979 1174 Licet
2000 1155 2018 1174 a
2038 1148 2150 1175 nostre
2171 1155 2300 1184 pronio-

1287 1198 1392 1227 tionis
1414 1198 1512 1228 initio
1530 1198 1570 1227 ad
1589 1198 1681 1227 cives
1695 1198 1885 1227 Januenses
1904 1200 1934 1227 et
1957 1198 2082 1228 litteris
2106 1202 2135 1227 et
2162 1199 2300 1228 monitis

1288 1251 1549 1281 clamaverimus
1568 1252 1602 1280 ut
1620 1259 1637 1280 a
1655 1250 1926 1280 confederatione
1945 1251 2115 1289 Paleologi
2136 1251 2299 1281 sisinatici

1287 1304 1439 1334 totaliter
1464 1304 1670 1337 recedentes,
1703 1304 1743 1333 ad
1771 1304 1937 1342 gremium
1966 1304 2085 1333 matris
2110 1304 2261 1337 ecclesie,
2284 1314 2301 1334 a

1289 1366 1366 1396 (1110,
1386 1358 1458 1387 suis
1477 1357 1585 1395 culpis
1600 1357 1826 1396 exigentibus,
1845 1357 2054 1390 exciderunt,
2074 1357 2205 1387 sublata
2223 1367 2302 1396 qua-

1289 1410 1372 1441 libet
1389 1410 1601 1445 difticultate,
1622 1410 1782 1444 redirent,
1801 1419 1836 1439 ac
1859 1410 2012 1440 diversos
2029 1411 2077 1440 eis
2094 1411 2135 1440 ad
2152 1411 2212 1441 hoc
2237 1412 2303 1440 ter-

1289 1464 1399 1494 minos
1412 1464 1612 1493 duxerimus
1625 1463 1860 1502 assignandos,
1873 1463 1939 1502 ipsi
1953 1466 2064 1494 tamen
2077 1465 2110 1493 in
2122 1463 2301 1502 reprobum

1290 1525 1428 1547 sensum
1456 1517 1536 1550 dati,
1561 1515 1757 1546 obturantes
1785 1516 1825 1545 ad
1852 1516 2017 1546 clamores
2044 1519 2188 1553 nostros,
2210 1526 2302 1547 111016

1290 1571 1459 1609 aspidum,
1477 1578 1577 1600 aures
1598 1578 1689 1604 suas,
1715 1570 1897 1599 noluerunt
1914 1569 2075 1600 hactenus
2094 1579 2208 1600 vocem
2226 1579 2300 1600 nos-

1289 1626 1339 1654 tre
1356 1624 1409 1662 pie
1422 1623 1646 1653 revocationis
1662 1622 1789 1659 audire,
1810 1622 1999 1661 quinimmo
2012 1623 2162 1662 predicto
2184 1623 2302 1653 3131113-

1288 1677 1355 1707 tico
1374 1676 1578 1715 pertinacius
1595 1676 1804 1709 adherentes,
1826 1676 1955 1714 maj0ra
1978 1685 2111 1714 semper
2134 1677 2304 1706 continua-

1290 1732 1409 1760 verunt
1441 1730 1562 1759 eidemv
1585 1729 1790 1759 incrementa
1818 1729 1955 1765 favoris,
1989 1729 2047 1767 qui
2075 1738 2190 1758 eorum
2223 1730 2302 1759 telis

1292 1784 1453 1819 armatus,
1466 1783 1587 1813 fortius
1605 1784 1635 1812 et
1651 1782 1823 1812 crudelius
1836 1782 1877 1812 ad
1891 1782 2145 1820 depressionem
2159 1784 2189 1812 et
2204 1782 2303 1812 lesio—

1291 1845 1367 1866 nem
1394 1836 1588 1866 Latinorum
1624 1835 1759 1870 insiliit,
1789 1836 1820 1865 et
1852 1837 1967 1865 contra
2000 1832 2239 1873 eos‘graviora
2271 1836 2303 1865 et

1292 1890 1486 1920 nocentiora
1503 1889 1660 1927 patravit.
1681 1888 1761 1917 adeo
1784 1888 1883 1926 quod,
1908 1888 2124 1926 occupatione
2142 1888 2304 1918 Constan-

1291 1942 1514 1981 tinopolitane
1536 1941 1630 1971 urbis
1658 1941 1872 1980 aliquatenus
1897 1949 1961 1970 non
1989 1942 2176 1977 contentus,
2207 1941 2306 1971 dilec-

1292 1998 1363 2026 tum
1378 1996 1485 2025 filium
1498 1994 1646 2024 nobilem
1661 1994 1783 2029 virum,
1795 1994 2017 2025 Guillelmum
2029 1994 2067 2024 de
2077 1994 2304 2027 Villanluino,

1292 2049 1480 2088 principem
1491 2048 1638 2086 Achaye.
1650 2056 1724 2077 cum
1736 2047 1930 2077 eorumdem
1942 2047 2164 2077 Januensium
2178 2047 2306 2077 auxilio

1293 2104 1325 2132 et
1344 2102 1457 2132 favore
1478 2102 1654 2140 impugnat
1669 2101 1850 2136 hostiliter,
1870 2101 1979 2139 ipsius
1996 2103 2104 2130 terras
2124 2102 2154 2130 et
2177 2100 2307 2130 insulas

1293 2155 1530 2194 multipliciter
1549 2154 1767 2184 devastando
1787 2154 1893 2187 Unde,
1912 2162 2117 2192 quamquam
2137 2162 2307 2192 1103111011-

1292 2211 1342 2239 ter
1360 2211 1486 2239 tantam
1503 2216 1618 2238 eorum
1637 2209 1869 2236 contumacem
1888 2207 2107 2245 pertinaciam
2127 2215 2307 2245 possemus

1292 2263 1430 2302 gravius
1465 2263 1496 2291 et
1526 2261 1699 2300 asperius,
1730 2259 1954 2298 spiritualiter
1987 2262 2018 2290 et
2054 2259 2306 2298 temporaliter,

1292 2315 1471 2355 procedere
1491 2316 1605 2344 contra
1620 2313 1724 2352 ipsos,
1745 2313 1897 2342 volentes
1910 2314 2021 2342 tamen
2042 2312 2147 2341 adhuc
2164 2312 2307 2341 clemen-

1291 2369 1360 2398 tius
1378 2367 1538 2406 experiri,
1557 2368 1669 2396 utrum
1688 2366 1720 2395 in
1738 2365 1865 2395 eisdem
1881 2365 2012 2394 civibus
2030 2365 2142 2403 aliqua
2159 2365 2307 2393 devotio-

1292 2422 1346 2451 nis
1379 2420 1528 2450 scintilla
1563 2419 1778 2453 remanserit,
1817 2427 1880 2456 que
1919 2417 2118 2456 apostolic-is
2163 2417 2308 2447 excitata

1292 2474 1441 2507 monitis,
1461 2473 1638 2511 antiquum
1658 2472 1807 2501 resumat
1828 2471 1979 2501 caritatis
2003 2470 2168 2506 ardorem,
2191 2470 2308 2500 frater-

1292 2527 1389 2557 nitati
1402 2528 1457 2556 tue
1468 2525 1669 2555 mandamus
1682 2524 1840 2562 quatinus
1857 2549 1862 2553 .
1879 2547 1885 2553 .
1899 2524 2111 2562 potestatem,
2127 2522 2307 2553 consilium

1292 2582 1323 2610 et
1343 2587 1521 2610 commune
1542 2577 1691 2607 civitatis
1710 2577 1893 2606 Januensis
1918 2585 1958 2606 ex
1982 2577 2076 2614 parte
2104 2577 2218 2606 nostra
2237 2584 2306 2605 mo-

1293 2642 1372 2663 neas
1387 2632 1584 2671 diligentius
1602 2632 1634 2660 et
1655 2630 1805 2665 inducas
1823 2630 1940 2667 eisque
1958 2629 2158 2659 auctoritate
2175 2630 2307 2667 aposto-

1292 2686 1357 2716 lica
1376 2685 1528 2715 districte
1547 2683 1726 2722 precipias,
1743 2684 1778 2712 ut
1794 2682 1882 2712 infra
1898 2691 1957 2712 sex
1970 2682 2139 2712 mensium
2160 2682 2306 2720 spatium

1292 2740 1368 2777 post
1397 2738 1619 2768 monitionem
1650 2737 1754 2771 tuam,
1793 2744 1878 2774 quos
1910 2744 1970 2774 pro
2002 2735 2228 2774 peremptorio
2258 2735 2308 2764 eis

1293 2792 1438 2830 prefigas
1457 2790 1614 2824 termino,
1646 2789 1686 2818 ad
1704 2791 1817 2818 nostra
1837 2790 1866 2817 et
1887 2788 2028 2818 ecclesie
2047 2788 2196 2826 predicte
2217 2796 2307 2817 man—

1293 2845 1371 2874 data
1389 2844 1508 2873 devote
1523 2851 1559 2872 ac
1577 2842 1752 2872 humiliter
1770 2843 1989 2877 revertentes,
2002 2850 2019 2871 a
2036 2841 2306 2871 confederatione

1295 2897 1418 2935 prefati
1435 2895 1619 2926 scismatici
1634 2894 1789 2925 recedant
1805 2894 1965 2929 totaliter,
1985 2903 2020 2924 ac
2039 2894 2226 2923 dissolvant
2238 2903 2307 2923 0111-
