2547 3289
277 258 335 287 394

317 349 331 367 (ι
349 337 506 367 Lwlnnieo,
518 334 632 363 illustri
643 334 704 371 reyz‘
716 332 912 361 Francorum.
925 331 1020 364 Ecce,
1034 329 1082 359 fili
1093 328 1281 363 carissime,

276 392 433 421 dilectum
453 389 557 419 tilium
578 388 728 416 nostrum
749 385 793 419 S,
812 383 902 413 tituli
922 384 1034 413 sancte
1052 381 1175 411 (lec-ilie
1193 389 1283 419 pres-

277 444 430 483 byterum
451 440 666 473 cardinalem,
685 447 743 476 pro
763 437 894 475 negotio
913 435 1005 473 regni
1020 434 1134 465 Sicilie
1159 435 1192 464 in
1210 442 1283 472 per-

277 505 391 526 sonam
420 494 531 523 dilecti
563 492 621 521 lilii
652 490 777 520 nobilis
798 490 859 519 viri
881 488 1006 523 Caroli,
1032 487 1223 525 Andegavie
1247 495 1282 515 a(-

1311 324 1313 351 l

277 548 452 579 Provincic
470 546 617 575 conniis,
637 543 786 581 germani
805 542 866 575 tui,
886 543 1020 571 auctore
1035 541 1190 572 Domino,
1212 548 1285 578 pro-
1312 538 1313 547 ¹

276 601 451 631 movendo.
471 599 510 628 ad
534 596 855 627 christianissimum
875 603 1012 633 regnum
1032 596 1139 623 tuum.
1161 593 1200 622 de
1219 593 1282 622 fra-

275 656 360 684 trum
388 653 579 682 nostrorum
611 649 753 679 consilio
781 647 964 677 commisso
986 647 1015 675 ei
1035 647 1132 684 plene
1150 645 1285 683 legatio-

277 707 328 735 nis
341 705 462 739 officio,
474 704 695 733 destinamus.
708 703 846 735 Verum.
859 701 937 739 quia
947 700 1126 729 universos
1137 699 1284 738 prelatos

276 758 366 796 regni
388 758 434 787 tui
455 766 511 786 nec
528 765 590 785 non
620 754 866 793 Lugdunensis,
891 752 1108 787 Viennensis,
1125 752 1284 781 Taranta-

276 811 411 841 siensiS.
432 809 694 840 Ebrcdunensis.
712 809 742 837 et
760 806 938 836 Bisuntine
962 805 1212 843 provinciarum
1226 812 1284 842 per
1312 814 1313 819 ¹

275 864 440 893 officiales
470 863 613 893 litteras,
639 870 696 899 per
724 868 808 898 quas
834 859 883 889 eis
903 858 1048 893 dolores,
1070 857 1281 889 afflictiones,

276 916 450 955 angustias
481 919 512 944 et
531 922 722 953 pressuras,
743 912 867 951 quibus
884 913 1036 942 Romana
1057 913 1164 941 mater
1182 910 1284 939 eccle-

275 971 325 1001 sia
344 969 462 1000 durius
492 970 523 998 et
550 967 704 1006 asperius
726 965 825 995 solito
842 965 908 995 hiis
925 964 1043 994 diebus
1063 964 1229 999 atteritur,
1252 965 1283 993 et

274 1023 384 1062 ipsius
409 1021 550 1052 ecclesie
576 1021 609 1050 in
628 1020 723 1050 ltalie
751 1018 904 1057 partibus
932 1019 1056 1048 statum
1086 1016 1231 1047 debilem
1252 1018 1283 1046 et

274 1076 421 1106 flebilem
439 1075 589 1105 seriatim
609 1073 823 1111 exponimus,
841 1080 915 1101 cum
935 1071 1025 1100 omni
1046 1070 1230 1100 attentione
1248 1078 1284 1099 ac

275 1129 450 1159 affectione
466 1127 672 1166 requirimus
687 1127 734 1159 ut,
754 1125 879 1154 dolenti
897 1124 1036 1154 ecclesie
1055 1123 1283 1156 condolentes,

274 1182 437 1212 decimam
468 1180 617 1210 omnium
645 1187 782 1208 suorum
811 1177 1118 1207 ecclesiasticorum
1147 1184 1285 1214 proven—
1314 1192 1315 1210 3

274 1237 368 1265 tuum
386 1242 444 1272 per
462 1232 645 1263 triennium
662 1231 812 1270 predicto
830 1229 956 1265 comiti,
971 1238 1031 1268 pro
1043 1229 1194 1267 ejusdem
1210 1236 1283 1266 pro-

275 1287 422 1317 motione
442 1296 476 1316 ac
497 1285 730 1324 proseraitione
748 1284 884 1321 negotii,
903 1284 1056 1322 prompta
1076 1283 1105 1311 et
1125 1290 1227 1320 prona
1246 1280 1283 1310 li·

275 1341 452 1371 beralitate
469 1339 663 1373 com-edant,
685 1337 902 1367 serenitatem
923 1335 1061 1373 regiam,
1081 1335 1113 1364 in
1132 1344 1194 1373 qua
1211 1334 1282 1363 sola

1029 244 1273 276 nEGlSTRES
1295 244 1509 275 D'URBAIN
1534 245 1589 274 IV.

1951 327 2076 358 (tr-victo,
2094 328 2110 354 3
2128 328 2185 353 mai
2203 328 2281 354 1264.

1433 329 1504 360 807

1380 401 1524 431 (ἶιιΓοΙιιΠι,
1541 400 1723 432 Andtffffflviac
1743 402 1770 426 et
1789 399 1954 425 Provincias·
1981 400 2128 429 munirem,
2143 402 2223 434 rogat
2245 402 2272 425 ut
2289 408 2354 426 vum

1345 450 1385 482 8.,
1406 449 1480 475 tituli
1503 458 1524 476 s.
1549 449 1672 475 ceciliae
1699 449 1866 483 presbytero
1894 448 2043 479 ‹·ar‹1i11ali‚
2066 448 2223 482 apostolico
2249 448 2355 483 legato,

1344 498 1377 523 dc
1395 497 1541 524 senatoria
1556 497 1697 531 dignitate
1713 497 1740 523 in
1762 497 1836 524 L'rbe
1853 497 1888 523 al·
1909 497 1968 531 ipso
1985 497 2145 530 retinenda,
2162 497 2352 531 colloquatur.

1346 547 1422 573 dim
1441 548 1486 579 28,
1503 546 1550 572 sol.
1572 547 1629 576 ΗΠ,
1649 554 1709 572 cur.
1723 554 1790 572 ann.
1814 545 1861 577 ΙΙΙ,
1877 548 1978 572 11051531
2002 546 2147 571 mmm-r
2164 546 2269 574 1⁸87o]

1385 651 1399 669 (ι
1426 640 1529 670 Nobili
1557 642 1619 669 viro
1653 641 1777 670 carolo.
1800 641 1972 679 Andeyavie
2001 646 2026 669 el
2053 641 2214 670 Provincia
2244 642 2355 670 romili.

1347 694 1423 729 Fili,
1443 694 1483 724 ab
1503 695 1573 724 illis
1591 695 1888 725 christianissimis
1903 695 2175 733 progenitoribus
2191 695 2354 731 originem

1347 748 1548 785 produxisti,
1570 748 1625 785 qui
1643 748 1828 778 Romanam
1851 751 1990 778 matrem
2012 748 2189 778 ecclesiam
2211 748 2358 777 devotis-

1345 800 1430 829 sime
1458 803 1668 833 venerantes,
1691 801 1767 839 jura
1794 801 1904 838 ipsius
1925 800 1988 830 sub
2013 801 2212 831 diversitate
2231 803 2356 839 tempo-

1346 862 1418 883 rum
1441 854 1676 892 multipliciter
1703 854 1925 889 adauxerunt,
1947 856 2099 892 potenter
2122 854 2230 883 eidem
2247 854 2358 884 desen-

1346 906 1452 936 sionis
1481 907 1629 945 presidio
1654 908 1686 936 in
1712 907 1968 937 conservatione
2004 907 2196 943 hujusmodi
2228 907 2356 945 jurium

1345 960 1561 994 assistentes-3
1578 963 1607 990 et
1626 960 1700 989 ideo
1717 969 1928 999 nequaquam
1947 959 2044 989 nobis
2062 960 2151 990 venit
2168 959 2355 990 indubium

1345 1013 1425 1051 quin
1446 1016 1479 1043 tu
1497 1014 1546 1043 eis
1563 1014 1648 1043 sicut
1667 1014 1778 1043 carnis
1797 1014 2049 1052 propagatione.
2069 1014 2116 1043 sic
2134 1015 2265 1052 piorum
2284 1022 2359 1052 ope-

1346 1075 1419 1095 rum
1449 1066 1636 1096 imitatione
1663 1067 1858 1101 succedens,
1887 1067 1973 1096 velis
1993 1068 2023 1096 et
2043 1067 2217 1096 desideres
2231 1067 2309 1105 jura
2326 1068 2358 1096 et

1342 1120 1598 1157 jurisdictiones
1625 1120 1734 1158 ipsius
1761 1120 1902 1149 ecclesie
1930 1120 2060 1155 integ-rra
2087 1122 2117 1149 et
2140 1119 2271 1149 illibata
2292 1128 2356 1150 ser-

1345 1173 1428 1205 vari,
1461 1173 1608 1202 maxime
1637 1173 1670 1202 in
1689 1173 1760 1202 loco
1788 1173 1858 1207 illo,
1886 1172 1944 1202 ubi
1963 1173 2107 1202 ecclesia
2137 1173 2222 1211 ipsa,
2242 1172 2358 1202 divina

1314 1242 1315 1246 =
1346 1225 1559 1255 institutione
1582 1225 1700 1254 locata.
1732 1225 1847 1254 stabili
1875 1226 2032 1255 tirmitate
2059 1225 2224 1263 persistit.
2246 1228 2278 1255 et
2300 1224 2358 1255 ubi

275 1396 350 1433 post
366 1394 474 1423 Deum
493 1392 606 1422 eadem
628 1391 768 1420 ecclesia
791 1398 849 1420 sue
869 1389 940 1426 spei
963 1389 1179 1418 fundamenta
1197 1387 1283 1416 loca·
1313 1414 1314 1425 ἶ

274 1447 332 1480 vit,
353 1447 384 1476 et
409 1454 507 1484 quam
528 1444 678 1482 ejusdcm
702 1443 842 1472 ecclesie
860 1441 1078 1480 passismibus
1105 1449 1143 1469 ex
1162 1440 1282 1469 intimo

274 1499 385 1529 cordis
409 1499 527 1528 atl'ectu
554 1496 699 1534 compati
727 1496 894 1527 novimus,
920 1494 1100 1531 rogandam
1122 1493 1283 1522 duximus

274 1552 435 1583 attentius
459 1552 490 1581 et
515 1550 713 1580 hortandam
740 1549 912 1587 quatinus,
932 1556 1006 1577 cum
1035 1555 1052 1577 a
1076 1546 1283 1585 benignitate
1313 1573 1314 1592 ἢ

273 1608 328 1636 tua
347 1607 415 1635 tota
442 1604 593 1642 ejusdcm
618 1602 740 1641 negotii
769 1601 936 1640 promotio
962 1600 1150 1638 dependere
1168 1608 1282 1629 nosca-

273 1661 338 1693 tur,
357 1657 398 1688 01)
414 1656 636 1687 reverentiam
653 1654 837 1693 apostolice
857 1654 948 1683 sedis
963 1654 994 1683 et
1007 1654 1169 1688 nostram,
1188 1660 1283 1690 opor-

272 1714 400 1747 tunam,
429 1710 525 1749 juxta
553 1709 662 1738 datam
693 1707 754 1737 tibi
784 1707 905 1737 celitus
927 1706 1081 1745 gratiam,
1108 1705 1284 1744 impendas

274 1773 370 1803 opem
387 1765 417 1793 et
436 1771 570 1801 operam
590 1762 628 1791 ad
645 1761 716 1796 hoc,
730 1763 765 1790 ut
783 1760 862 1790 ‹lthi
881 1760 1001 1798 prelati
1018 1759 1049 1788 in
1067 1759 1283 1788 concessione

273 1817 464 1855 hujusmodi
484 1816 612 1845 decime
633 1814 793 1844 liberales
817 1822 851 1844 se
874 1814 939 1852 ipsi
957 1813 1069 1843 comiti
1090 1813 1281 1848 exhibeant,

275 1869 477 1900 favorabiles
503 1870 533 1898 et
558 1868 730 1905 benignos.
759 1868 800 1897 Et
824 1875 899 1896 cum
924 1865 1136 1896 venerabiles
1162 1865 1284 1895 fratres

274 1922 379 1953 nostri
402 1946 426 1952 ..
448 1921 730 1958 Rothomagensis
760 1920 1046 1957 archiepismpus,
1074 1928 1110 1948 ac
1133 1943 1158 1948 ..
1188 1919 1283 1948 l3aio-

274 1975 396 2007 censis.
415 1978 445 2004 et,
465 1997 490 2004 ..
514 1973 728 2003 Ebroicensis
756 1973 917 2011 episcopi.
939 1980 1023 2010 quos
1043 1972 1134 2007 regia
1158 1971 1284 2010 magni-

274 2029 353 2059 tudo
385 2027 528 2066 quodam
562 2027 626 2055 sibi
660 2025 794 2055 vinculo
830 2025 1076 2055 familiaritatis
1111 2025 1283 2058 astrinxit,

276 2081 363 2111 inter
382 2080 530 2119 prelatos
546 2079 625 2108 dicti
646 2079 737 2115 regni
755 2086 910 2115 magnum
929 2077 1038 2107 locum
1059 2086 1284 2115 magnumque

278 2134 425 2163 savorem
454 2133 485 2162 in
505 2142 619 2162 eorum
646 2131 799 2162 consiliis
817 2132 849 2160 et
866 2130 1181 2169 congregationibus
1203 2130 1285 2160 obti—
1314 2159 1315 2162 ,

276 2195 354 2217 nere
369 2186 534 2220 dicantur,
551 2186 642 2224 ipsos
657 2185 777 2214 reddas
790 2184 955 2213 sollicitos
974 2185 1003 2213 et
1022 2185 1179 2214 attentos.
1202 2186 1234 2213 ut
1254 2185 1285 2214 et.

276 2240 340 2279 ipsi
357 2240 395 2269 ad
410 2239 599 2277 hujusmodi
614 2238 864 2267 concessionem
878 2237 1006 2266 decime
1017 2236 1134 2265 faciles
1147 2245 1182 2265 se
1193 2236 1283 2266 exhi-

274 2293 385 2327 beant.
413 2294 444 2322 et
470 2291 618 2330 prelatos
639 2291 724 2320 alios
743 2291 800 2329 qui
816 2298 930 2319 eorum
950 2290 983 2319 in
1002 2289 1128 2319 talibus
1146 2298 1283 2319 consue-

274 2348 393 2376 verunt
413 2345 570 2375 adherere
585 2344 750 2378 consiliis,
763 2343 900 2373 attentis
915 2344 945 2372 et
966 2341 1159 2372 efficacibus
1173 2342 1283 2372 induc-

273 2398 424 2429 tionibus
450 2397 668 2427 exhortentur
694 2397 735 2426 ad
761 2396 832 2428 hoc,
855 2398 891 2425 ut
913 2397 1027 2425 nostro
1049 2395 1082 2425 in
1110 2395 1168 2425 hac
1189 2398 1283 2434 parte

273 2451 483 2490 beneplacito
519 2450 669 2488 plenarie
704 2449 859 2479 satisfiat.
895 2449 1053 2479 Ceterum
1094 2448 1280 2487 predictum

273 2504 489 2539 cardinalem,
515 2503 571 2541 qui
599 2503 746 2532 innatam
770 2502 810 2532 ad
833 2504 864 2532 te
888 2501 1100 2532 devotionem
1126 2501 1168 2531 ab
1186 2503 1282 2531 annis

271 2558 398 2588 teneris
417 2556 575 2586 habuisse
596 2555 796 2588 dinoscitur,
815 2555 863 2584 sie
883 2554 996 2585 favore
1013 2555 1104 2593 regio
1121 2556 1151 2584 et
1173 2555 1204 2584 in
1224 2554 1281 2584 hu-

268 2611 417 2649 jusmodi
437 2612 468 2639 et
494 2609 525 2639 in
553 2609 632 2639 aliis
648 2608 842 2638 commissis
859 2608 923 2637 sibi
943 2607 983 2637 ab
1001 2607 1186 2646 apostolica
1203 2608 1281 2638 sede

273 2663 417 2702 negotiis
443 2662 670 2701 prosequaris,
698 2664 731 2691 ut
749 2662 779 2690 et
798 2669 858 2691 nos
877 2661 933 2700 qui
952 2670 1027 2691 eum
1053 2661 1231 2695 mittimus,
1250 2662 1281 2691 et,

271 2716 343 2755 ipse
363 2716 419 2755 qui
439 2715 595 2745 mittitur.
611 2714 813 2751 condignum
829 2713 989 2744 honorem
1004 2713 1137 2747 exinde,
1156 2715 1212 2743 tuo
1233 2714 1280 2743 in-

1314 2113 1315 2122 l

1314 2130 1316 2143 t

1345 1278 1531 1308 orthodoxa
1561 1278 1668 1307 tirmis
1702 1280 1752 1307 est
1789 1278 1925 1307 fundata
1956 1277 2125 1307 radicibus
2159 1280 2189 1307 et
2222 1286 2358 1308 sacrum

1345 1332 1491 1369 sumpsit
1510 1331 1686 1360 exordium
1714 1331 1834 1369 religio
1863 1331 2058 1361 christiana.
2077 1332 2160 1361 Cum
2175 1331 2279 1369 igitur
2297 1331 2357 1361 L'r-

1344 1384 1397 1413 bis
1423 1384 1610 1413 dominium
1638 1386 1667 1413 et
1694 1384 1864 1413 institutio
1889 1385 2058 1414 senatoris
2083 1384 2123 1414 ad
2144 1385 2284 1414 eandem
2309 1393 2359 1414 ec-

1344 1437 1482 1466 clesiam
1503 1437 1599 1475 plene
1616 1437 1793 1475 pertineat,
1811 1437 1951 1476 nos.qui
1971 1438 2056 1467 sicut
2074 1437 2159 1467 alias
2173 1437 2235 1467 tihi
2252 1438 2357 1476 scrip-

1344 1490 1431 1520 sisse
1441 1490 1673 1524 meminimus,
1684 1490 1879 1520 nullatenus
1894 1492 2098 1529 pateremur,
2113 1491 2199 1529 quod
2217 1490 2355 1530 aliquis,

1344 1547 1654 1582 quantumcumque
1684 1543 1782 1573 nobis
1814 1546 1844 1573 et
1863 1544 2003 1574 ecclesie
2026 1544 2174 1582 predicte
2203 1544 2356 1579 devotus.

1344 1596 1469 1626 Urbem
1494 1597 1603 1634 ipsam
1627 1598 1788 1634 perpetuo
1804 1597 1872 1626 vite
1891 1605 1950 1627 sue
1969 1599 2120 1635 tempore
2142 1597 2355 1635 gubernaret,

1313 1662 1315 1665 ’
1344 1650 1556 1680 nobilitatem
1576 1652 1667 1679 tuam
1688 1650 1882 1688 rogandam,
1903 1651 2102 1680 monendam
2121 1652 2247 1680 attente
2263 1651 2358 1680 duxi-

1344 1711 1421 1732 mus
1449 1704 1481 1732 et¹
1508 1702 1720 1736 hortandam,
1746 1703 1946 1733 mandantes
1970 1705 2149 1742 quatenus.
2182 1704 2358 1734 attendens

1344 1756 1484 1794 provide
1504 1756 1591 1794 quod
1615 1756 1803 1786 maximum
1823 1756 1888 1794 ipsi
1905 1756 2047 1786 ecclesie
2062 1756 2284 1794 prejudicium
2302 1757 2357 1786 fie-

1345 1812 1405 1845 ret,
1421 1810 1449 1839 si
1469 1809 1621 1847 ejusdem
1642 1808 1744 1840 Ijrbis
1761 1809 1967 1839 senatoriam
1985 1809 2184 1849 dignitatem
2204 1812 2272 1840 toto
2291 1810 2358 1840 vite

1344 1864 1400 1893 tue
1428 1863 1579 1900 tempore
1606 1862 1783 1898 retineres,
1803 1862 1916 1892 divine
1944 1862 2133 1902 majestatis
2158 1863 2293 1899 intuitu,
2316 1862 2358 1893 ob

1344 1915 1566 1946 reverentiam
1584 1924 1716 1954 quoque
1733 1916 1916 1954 apostolice
1931 1916 2023 1946 sedis
2039 1918 2071 1946 et
2090 1918 2252 1951 nostram,
2270 1916 2359 1947 circa

1345 1971 1484 1998 senatus
1504 1969 1687 2005 negotium,
1718 1969 1862 2007 primam
1883 1969 1922 1999 de
1941 1969 2012 1998 illis
2027 1969 2158 1999 duabus
2178 1970 2253 2002 viis,
2273 1978 2358 2008 quas

1345 2022 1490 2051 dilectus
1509 2022 1598 2051 tilius
1614 2022 1775 2057 magister
1794 2021 1963 2055 Albertus,
1984 2023 2137 2052 notarius
2157 2024 2283 2057 noster,
2301 2031 2358 2053 nu-

1347 2084 1405 2113 per
1421 2074 1482 2104 tibi
1508 2078 1615 2104 tovnm
1638 2075 1811 2103 tractando
1827 2075 2014 2113 proposuit.
2035 2084 2094 2113 pro
2112 2077 2226 2105 nostre
2243 2079 2273 2105 et
2293 2076 2356 2105 t‘ra-

1346 2131 1432 2156 trum
1465 2130 1656 2156 nostrorum
1681 2127 1792 2165 quiete
1822 2128 1998 2158 mentium.
2020 2127 2152 2158 sublato
2176 2128 2358 2167 eujtlslibet

1346 2179 1520 2209 obstaculo
1549 2180 1771 2215 difficultatis⁷
1800 2183 1962 2219 acceptes.
1993 2181 2166 2219 quoniam,
2199 2181 2262 2211 etsi
2293 2181 2356 2212 tibi

1346 2233 1426 2262 olim
1447 2233 1574 2262 ratione
1594 2232 1757 2262 facilioris
1774 2233 2000 2270 promotionis
2019 2234 2143 2272 negotii
2170 2235 2262 2273 regni
2277 2235 2358 2265 Sici—

1315 2306 1316 2311 ,
1346 2286 1388 2315 lie
1407 2294 1464 2324 per
1490 2289 1624 2316 nostras
1648 2286 1779 2316 litteras
1797 2287 1960 2316 duximus
1977 2287 2199 2318 suadendum.
2222 2291 2254 2318 ut
2271 2288 2356 2319 elec-

1314 2338 1316 2367 5
1345 2340 1426 2369 tioni
1447 2348 1465 2368 a
1489 2340 1640 2370 Romano
1663 2339 1787 2377 populo
1810 2339 1850 2369 ad
1875 2339 1979 2369 l'rbis
1996 2341 2147 2379 regimen
2165 2341 2205 2371 de
2223 2343 2255 2371 te
2271 2341 2356 2372 facte

270 2769 478 2799 tei-veniente
498 2767 639 2797 consilio
661 2768 691 2797 et
719 2767 859 2801 anxilio,
880 2767 919 2797 ad
942 2767 1074 2797 landem
1091 2768 1123 2797 et
1138 2767 1280 2805 gloriam
1310 2776 1311 2806 ζ

269 2821 374 2851 divini
407 2821 552 2851 nominis
577 2822 801 2858 reportemus.
817 2820 941 2850 Datum
959 2820 1046 2859 apud
1064 2820 1280 2851 Urbemvcte-

272 2883 388 2910 re1n‚v
408 2883 511 2904 nonas
528 2873 618 2903 maii.
637 2882 722 2902 anno
742 2873 813 2903 1110.
834 2882 848 2900 a

1345 2392 1449 2423 libere
1465 2393 1685 2424 consentires,
1703 2393 1735 2422 in
1753 2393 1880 2422 eisdem
1893 2395 2004 2423 tamen
2018 2396 2097 2424 tunc.
2110 2395 2354 2432 expressimus,

1344 2448 1373 2476 et
1406 2446 1511 2476 adhuc
1541 2446 1572 2475 in
1601 2445 1816 2484 presentibus
1840 2446 2066 2484 exprimimus
2094 2447 2230 2481 litteris,
2267 2448 2357 2487 quod

1344 2502 1458 2529 nostre.
1485 2499 1682 2529 intentionis
1709 2499 1820 2530 extitit
1847 2501 1877 2530 et
1903 2500 2032 2535 existit,
2050 2500 2138 2538 quod
2158 2500 2199 2530 ad
2222 2502 2357 2540 tempus

1343 2555 1374 2583 et
1393 2561 1456 2582 non
1478 2554 1639 2591 perpetuo
1663 2552 1811 2591 regimen
1827 2551 1981 2583 obtineas
2000 2553 2243 2592 supradictum.
2267 2554 2357 2585 Tali-

1343 2607 1393 2635 ter
1409 2606 1511 2645 igitur
1528 2614 1645 2644 preces
1663 2605 1695 2635 in
1713 2605 1772 2635 hac
1790 2608 1883 2643 parte
1904 2609 2037 2636 nostras
2054 2608 2111 2636 tua
2133 2606 2271 2645 impleat
2286 2616 2355 2637 ma-

1343 2659 1493 2697 gnitudo.
1525 2661 1559 2688 ut
1597 2661 1711 2688 noster
1739 2661 1770 2688 et
1799 2659 1964 2688 dictorum
1998 2659 2138 2689 t'ratrum
2160 2660 2276 2692 animi.
2297 2661 2355 2699 qui

1343 2714 1479 2751 propter
1509 2712 1568 2742 hoc
1603 2712 1840 2750 multipliciter
1872 2712 2045 2744 tluctuant.
2076 2713 2354 2751 tranquillentur,

1343 2774 1470 2804 nosque
1489 2765 1670 2795 reddamur
1684 2765 1806 2795 exinde
1823 2765 1863 2794 ad
1879 2765 2106 2803 promovenda
2123 2768 2179 2795 tua
2197 2766 2355 2805 spiritua—

1342 2819 1387 2848 lia
1415 2820 1447 2849 et.
1470 2818 1670 2856 temporalia
1695 2817 1871 2847 commoda
1891 2818 2078 2856 proniores,
2099 2819 2138 2848 Et
2160 2827 2234 2849 cum
2251 2819 2355 2850 dilec-

1341 2874 1411 2902 tum
1433 2871 1537 2901 tilium
1555 2872 1709 2900 nostrum
1733 2870 1780 2903 S.‚
1800 2870 1890 2900 tituli
1914 2872 2028 2901 sancte
2046 2871 2170 2902 Cet-ilie
2193 2871 2355 2911 presbite-

1343 2934 1415 2955 rum
1438 2923 1656 2956 cardinalem.
1680 2924 1720 2953 ad
1741 2923 2063 2954 christianissiumm
2085 2933 2223 2961 regnum
2249 2926 2350 2956 Fran-
