2547 3289
1040 237 1280 274 TROISIEME
1304 238 1465 275 ANNEE.

204 335 279 363 nos,
298 326 387 356 infra
419 335 543 357 annum
562 327 745 357 teneamini
777 327 817 357 ad
835 328 1084 366 susceptionem
1106 327 1219 366 hujus-

204 380 298 410 modi
324 380 544 410 sacerdotalis
571 381 712 414 ordinis,
742 382 774 411 et
792 381 832 411 ad
861 382 1054 410 continuam
1075 381 1221 411 residen-

204 433 288 463 tiam
308 433 342 462 in
360 433 476 463 eadem
495 434 637 463 ecclesia
658 434 855 463 faciendam.
875 434 982 472 Super
1003 433 1127 472 quibus
1146 443 1163 463 a
1188 437 1220 464 te

203 485 238 516 in
254 488 370 516 nostra
389 486 559 524 presentia
573 487 809 525 jusjurandum
831 487 1021 525 recepimus
1045 488 1076 517 et
1099 487 1139 517 ab
1158 487 1220 516 eis-

206 539 281 569 dem
300 539 567 573 successoribus,
579 548 655 569 cum
668 539 702 569 in
715 540 859 570 decanos
875 540 1090 578 recipientur,
1107 540 1220 569 simile

205 593 352 630 prestari
373 592 531 622 volumus
557 592 779 630 corporaliter
793 593 1035 631 juramentum.
1056 593 1096 623 Et
1122 601 1162 622 ne
1181 593 1220 623 de

205 647 316 675 cetero
347 645 388 675 ad
413 654 509 683 quem
536 647 661 684 spectet
692 654 772 675 cura
800 646 938 683 capituli
968 649 999 676 et
1030 646 1219 675 animarum
1252 650 1253 657 ¹

205 698 461 731 canonicorum,
489 698 764 736 cappellanorum
792 700 824 728 et
848 698 991 728 aliorum
1021 698 1219 728 clericorum
1251 698 1253 725 1

205 750 346 780 ecclesie
364 751 560 781 Baiocensis
578 750 718 780 dubium
735 751 874 785 oriatur,
892 751 1008 780 eadem
1022 751 1220 781 auctoritate

204 803 417 833 declaramus
429 803 471 833 ad
489 803 651 833 decanum
670 803 900 838 Baiocensem,
921 804 978 841 qui
991 812 1050 841 pro
1068 805 1220 841 tempore

205 855 318 890 fuerit,
335 864 450 886 curam
468 855 664 893 hujusmodi
681 856 862 894 pertinere.
886 856 925 885 [Jt
942 858 1054 886 autem
1072 856 1220 885 residen-

202 908 250 938 tie
272 908 468 946 hujusmodi
487 910 517 938 et
536 908 600 937 alia
625 916 726 938 onera
747 908 931 937 decanatus
954 917 971 938 a
988 910 1020 938 te
1040 910 1069 938 et
1092 916 1221 937 succes-

201 960 342 991 soribus
358 960 446 999 ipsis
461 961 571 991 levius
590 960 652 990 sub
672 960 815 1000 alicujus
839 961 1005 990 commodi
1026 969 1220 999 compensa—

197 1013 295 1044 tione
322 1015 510 1052 portentur,
540 1013 602 1043 tibi
634 1015 665 1043 et
695 1013 950 1043 successoribus
982 1013 1068 1052 ipsis
1103 1013 1219 1043 eadem

204 1067 403 1097 auctoritate
425 1067 652 1103 concedimus,
674 1068 708 1097 ut
736 1067 771 1096 in
797 1067 945 1106 predicto
964 1066 1141 1096 Baiocensi
1171 1075 1221 1096 ec·

204 1119 309 1150 clesia
325 1120 524 1155 residentes,
549 1129 666 1150 omnes
689 1120 842 1150 redditus
868 1122 898 1149 et
922 1121 1105 1158 proventus
1122 1119 1221 1149 bene<

203 1172 358 1203 ficiorum
386 1173 695 1203 ecclesiasticorum
725 1181 788 1212 que
806 1175 843 1203 tu
872 1173 976 1202 habes
1008 1173 1049 1202 ad
1066 1181 1219 1211 presen&

203 1225 257 1255 vel
274 1226 311 1256 tu
329 1228 386 1256 aut
406 1226 487 1256 dicti
506 1235 721 1257 successores
739 1227 773 1256 in
790 1226 944 1256 ecclesiis
961 1226 1220 1264 quibuscunque

202 1277 391 1310 habueritis
420 1279 456 1309 in
474 1280 639 1315 futurum,
665 1289 740 1310 cum
766 1288 804 1310 ea
822 1279 1014 1318 integritate
1046 1279 1220 1318 percipere

201 1331 357 1368 valeatis,
377 1332 678 1362 distributionibus
702 1332 882 1362 cotidianis
906 1333 1082 1362 dumtaxat
1102 1340 1221 1370 excep-

200 1384 258 1419 tis,
281 1393 356 1414 cum
381 1394 447 1423 qua
468 1385 690 1425 perciperet-is
719 1386 868 1421 eosdem,
894 1386 922 1415 si
945 1385 980 1414 in
1008 1385 1161 1415 ecclesiis
1186 1385 1219 1414 in

200 1437 328 1476 quibus
345 1437 507 1468 beneficia
525 1439 598 1477 ipsa
617 1438 818 1472 consistunt,
838 1438 1052 1477 personalem
1072 1439 1220 1468 residen-

201 1490 285 1521 tiam
306 1491 473 1522 saceretis.
492 1492 671 1522 Adicimus
688 1493 790 1522 etiam
810 1492 899 1531 quod
916 1491 979 1522 tibi
996 1495 1027 1522 et
1052 1500 1222 1521 successo-

202 1543 298 1574 ribus
314 1545 475 1582 predictis
498 1545 629 1575 duobus
646 1545 822 1575 mensibus
839 1545 986 1584 singulis
1001 1545 1099 1575 annis
1122 1545 1220 1575 liceat

202 1598 299 1627 extra
315 1597 440 1629 dictam
454 1598 676 1628 Baiocensem
689 1598 878 1633 ecclesiam,
891 1598 932 1628 ad
948 1598 1220 1636 prosecutionem

201 1650 414 1689 negotiorum
431 1652 623 1681 vestrorum
649 1651 756 1681 libere
778 1651 994 1688 commorari,
1021 1652 1060 1681 de
1083 1651 1221 1681 cotidia-

201 1703 256 1733 nis
268 1703 569 1734 distributionibus
594 1705 704 1743 ipsius
723 1705 865 1736 ecclesie
883 1705 1125 1735 nichilominus
1141 1707 1220 1735 tunc

201 1757 366 1795 temporis
391 1758 594 1796 percepturi.
624 1758 774 1796 Tempus
799 1760 911 1788 autem
931 1758 1025 1788 aliud
1053 1767 1119 1797 quo
1140 1760 1172 1788 te
1189 1760 1221 1788 et

203 1818 417 1841 successores
435 1811 571 1841 eosdem
586 1819 646 1850 pro
666 1811 816 1851 episcopi
834 1811 887 1842 vel
905 1812 1043 1849 capituli
1063 1812 1221 1842 Baiocen—

202 1863 292 1893 sium
313 1864 470 1902 negotiis,
492 1864 532 1895 de
557 1865 697 1903 capituli
716 1865 868 1903 ersdem
886 1865 1034 1900 licentia,
1051 1865 1221 1903 continget

202 1916 333 1952 abesse,
362 1917 396 1947 in
429 1917 581 1955 predicta
612 1918 798 1948 residentia
825 1920 1050 1957 computetur,
1081 1920 1113 1948 et
1141 1920 1221 1949 tunc
1251 1927 1252 1938 ³

203 1969 399 2009 huJusmodi
415 1970 676 2001 distributiones
690 1971 800 2009 ipsius
811 1971 1127 2001 ecclesiehabeatis.
1145 1972 1220 2002 Non

204 2022 431 2053 obstantibus.
452 2041 490 2044 —
507 2024 632 2054 Datum
651 2024 739 2062 apud
756 2023 1048 2058 Urbemveterem,
1065 2034 1083 2054 x
1102 2025 1220 2055 kalen-

203 2076 264 2106 das
277 2076 367 2114 J'ulii,
387 2085 474 2106 anno
492 2077 562 2107 ΠΡ,
583 2086 600 2106 »

297 2232 369 2262 708

240 2301 380 2336 Episcopo
410 2303 540 2337 Sagicnsi
560 2306 588 2330 et
608 2305 717 2330 decano
743 2304 911 2331 Lexoviensi
932 2305 1051 2331 mandat
1079 2307 1219 2339 quatenus

205 2347 378 2381 magistrum
396 2348 565 2382 Gregorium
585 2349 619 2374 de
640 2348 759 2384 Neapoli
781 2348 809 2375 iu
825 2348 947 2376 ecclesia
963 2349 1110 2376 Baiocensi
1131 2349 1159 2375 in
1175 2350 1220 2376 de-

205 2403 309 2422 canum
324 2395 413 2430 recipi
431 2395 547 2423 faciant.
567 2397 642 2430 (nm.
660 2398 704 2431 28,
724 2397 773 2424 fol.
791 2398 825 2424 67
842 2403 880 2429 νο,
897 2405 965 2424 ann.
986 2398 1034 2430 ΙΙΙ,
1051 2404 1080 2424 11⁰
1095 2398 1173 2426 311m

801 2232 926 2266 Orvieto,
942 2233 976 2259 25
988 2232 1051 2268 juin
1069 2232 1145 2259 1204.

244 2499 260 2520 (‹
281 2514 305 2518 ..
326 2489 470 2530 episcopo
490 2489 633 2529 Saqiensi
652 2495 678 2519 ct
711 2515 718 2521 .
731 2515 738 2521 .
763 2490 876 2521 decano
906 2491 1097 2522 Leaeoviensi.
1124 2493 1223 2523 Clara

202 2543 385 2581 probitatis
403 2544 526 2574 merita
542 2562 590 2574 —.
610 2545 736 2575 Datum
762 2545 851 2584 apud
872 2545 1161 2583 Urbemveterem‚
1177 2555 1221 2576 vn

182 2592 186 2595 ”
204 2596 370 2628 kalendas
386 2597 476 2636 julii,
492 2607 579 2628 anno
596 2598 708 2628 tertio.
730 2608 745 2627 »

298 2754 370 2784 709
766 2753 892 2783 Orvieto,
913 2754 947 2781 23
959 2753 1054 2788 juillet
1073 2755 1150 2782 1204.

241 2831 278 2857 De
308 2830 490 2857 absolutione
515 2837 614 2856 eorum
643 2829 690 2863 qui
711 2828 746 2855 ab
766 2827 904 2855 usurariis
924 2827 1045 2854 diversis
1070 2828 1222 2856 nonnullas

204 2879 392 2914 pecuniarum
413 2887 545 2905 summas
564 2879 737 2912 acceperunt
756 2880 785 2903 ut
810 2877 886 2911 ipsos
909 2877 936 2903 in
960 2877 1046 2904 terris
1075 2877 1132 2904 suis
1159 2886 1222 2904 usu-

205 2936 252 2956 ras
262 2928 464 2963 permitterent
481 2935 624 2954 exercere.
637 2927 717 2962 (Rae.
736 2926 780 2958 28,
799 2926 847 2953 sol.
865 2927 898 2952 77
914 2931 954 2957 νο,
969 2934 1037 2953 ann.
1053 2926 1099 2957 ΙΙΙ,
1118 2930 1150 2952 n⁰
1167 2927 1222 2961 ΙΙ.)
1254 2942 1256 2951 .

2236 245 2294 275 335

1322 339 1336 357 (1
1354 328 1617 368 ..archiepiscopo
1630 327 1767 365 Tyrcnsi.
1783 328 1830 357 ,nl
1842 328 2046 357 audientiam
2062 330 2211 357 nostram
2222 337 2295 366 per-

1282 382 1371 411 venit
1387 382 1474 420 quod
1491 381 1644 411 nonnulli
1664 381 1880 411 ecclesiarum
1908 381 2028 418 prelati
2047 383 2077 410 et
2098 381 2223 416 clerici,
2242 381 2294 410 ba-

1282 443 1392 467 rones,
1426 434 1557 464 nobiles
1579 437 1610 464 et
1637 434 1693 464 alii
1723 434 1762 464 de
1793 434 2054 463 ultramontanis
2082 433 2234 471 partibus
2261 434 2294 463 in

1281 488 1405 525 quibus
1437 487 1701 526 predicationem
1720 486 1812 517 verbi
1842 487 1961 517 Crucis
1989 489 2019 516 et
2045 487 2148 517 Terre
2175 489 2294 517 sancte

1251 579 1252 586 ἵ
1282 540 1453 578 negotium
1480 540 1542 570 tibi
1578 540 1739 569 duximus
1772 540 2060 575 committvrnlam,
2097 542 2293 578 receperunt

1282 593 1462 622 nonnullas
1486 594 1704 631 pecuniarum
1729 602 1880 622 summas
1899 593 1938 621 al»
1957 593 2123 622 usurariis
2148 593 2294 623 diversis

1281 648 1317 676 ut
1343 647 1436 684 ipsos
1456 647 1487 675 in
1507 647 1609 676 terris
1632 647 1702 675 suis
1722 655 1843 676 usuras
1870 647 2100 684 permitterent
2127 654 2291 677 exercere.

1281 699 1351 728 Nos
1371 699 1482 737 itaque
1507 699 1659 737 ipsorum
1689 699 1790 729 saluti
1821 708 1922 737 super
1955 699 2014 729 hoc
2040 699 2216 737 providere
2243 708 2294 729 vo-

1251 754 1253 780 t
1282 752 1401 788 lentes,
1418 752 1622 783 fraternitati
1637 755 1691 782 tue
1706 752 1903 782 absolvendi
1919 761 1977 790 per
1994 755 2023 781 te
2039 762 2073 781 ac
2089 753 2172 782 alios
2187 753 2294 791 prela—

1250 811 1252 840 }
1280 806 1344 839 tos,
1362 805 1514 841 clericos,
1538 805 1692 841 barones,
1721 805 1850 835 nobiles
1878 807 1907 835 et
1928 805 2012 834 alios
2038 806 2205 843 predictos
2222 815 2295 844 pec-

1250 864 1252 895 ζ
1281 859 1354 887 cato
1389 858 1477 896 quod
1523 867 1564 887 ex
1603 858 1792 896 receptione
1839 859 2057 896 pecuniarum
2101 859 2293 895 hujusmodi

1281 910 1507 946 incurrerunt,
1533 911 1714 940 dummodo
1732 911 1798 949 ipsi
1826 911 1984 949 pecunias
2011 911 2202 947 hujusmodi
2233 912 2293 941 tibi

1281 963 1473 999 exhibeant,
1491 964 1734 993 convertendas
1763 972 1821 1001 per
1838 966 1882 999 te,
1902 964 1940 993 do
1961 964 2103 993 consilio
2125 964 2294 994 carissimi

1281 1015 1314 1045 in
1330 1016 1463 1046 Christo
1483 1016 1545 1046 tilii
1572 1017 1680 1046 nostri
1702 1040 1721 1046 ..
1740 1017 1829 1055 regis
1850 1017 2056 1046 Francorum
2078 1017 2235 1052 illustris,
2261 1019 2292 1047 in

1282 1068 1471 1098 subsidium
1492 1069 1579 1099 dicte
1595 1071 1695 1105 terre,
1716 1069 1851 1108 plenam
1870 1072 1899 1099 et
1919 1069 2059 1099 liberam
2079 1070 2294 1100 concedimus

1282 1122 1481 1152 auctoritate
1506 1122 1716 1160 presentium
1742 1122 1948 1151 facultatem.
1975 1122 2099 1151 Datum
2127 1123 2215 1160 apud
2234 1123 2294 1153 Ur-

1281 1174 1521 1211 bemveterem,
1539 1185 1559 1204 x
1580 1175 1743 1205 kalendas
1759 1175 1906 1213 augusti,
1925 1183 2011 1204 anno
2031 1175 2099 1204 1112.
2121 1185 2134 1202 >1

1869 1351 1992 1377 (Ji-vieto.
2011 1352 2044 1378 <23
2061 1353 2127 1377 aout
2149 1352 2222 1379 tzot.

1372 1354 1445 1383 710

1318 1438 1355 1463 De
1381 1437 1521 1463 solutione
1539 1437 1757 1469 obventionum,
1778 1436 1939 1470 legatorum
1957 1439 1983 1462 ct
2006 1437 2170 1463 relictorum
2193 1438 2296 1463 Terrae

1281 1486 1400 1512 Sanctae
1429 1485 1557 1512 subsidio
1588 1486 1829 1519 deputandorum.
1847 1485 1926 1519 (nm.
1949 1486 1992 1511 28.
2023 1485 2070 1511 sol.
2099 1487 2141 1513 78.
2163 1494 2228 1512 ann.
2250 1486 2294 1516 ΙΙΙ,-

1282 1540 1310 1560 11ο
1324 1535 1396 1564 312.)

1323 1650 1337 1668 t(
1361 1663 1380 1669 ..
1399 1639 1626 1678 archiepiscopo
1651 1639 1888 1668 Taranlasicnsi,
1910 1639 1961 1669 Ad
1984 1639 2190 1669 audientiam
2220 1648 2295 1669 nos-

1283 1695 1370 1722 tram
1401 1693 1555 1731 pervenit
1579 1692 1666 1730 quod
1694 1692 1860 1727 nonnulli,
1881 1693 1913 1722 in
1939 1693 2099 1722 comitatu
2120 1693 2296 1722 Provincie

1283 1755 1319 1776 ac
1352 1747 1385 1776 in
1413 1745 1648 1784 Lugdunensi,
1680 1746 1884 1781 Viennensi,
1912 1745 2107 1781 Bisuntina,
2137 1746 2297 1776 Taranta-

1283 1799 1400 1835 siensi,
1429 1799 1579 1837 Aquensi
1606 1800 1638 1828 et
1662 1799 1854 1829 Arelatensi
1874 1799 2081 1833 civitatibus,
2102 1799 2296 1829 diocesibus

1283 1854 1314 1883 et
1340 1853 1525 1891 provinciis
1549 1852 1700 1890 capituli,
1726 1861 1869 1890 quorum
1894 1854 2019 1882 certam
2045 1861 2110 1882 non
2127 1854 2222 1890 potes
2240 1852 2295 1882 ha-

1282 1906 1361 1936 bere
1393 1906 1560 1939 notitiam,
1589 1905 1821 1940 obventiones,
1850 1905 1959 1943 legata
1985 1907 2015 1934 et
2049 1905 2166 1935 relicta
2193 1906 2296 1935 Terre

1282 1960 1402 1990 Sancte
1422 1959 1576 1989 subsidio
1605 1959 1754 1989 detinere
1778 1960 1989 1997 presumunt,
2013 1959 2047 1988 in
2072 1959 2184 1997 ipsius
2208 1960 2297 1989 terre

1283 2013 1499 2052 dispendium
1526 2014 1557 2042 et
1589 2020 1728 2042 suarum
1759 2012 1947 2050 periculum
1978 2012 2179 2042 animarum.
2212 2013 2296 2042 Cum

1282 2068 1394 2097 autem
1416 2066 1683 2104 predicationem
1712 2064 1806 2095 verbi
1834 2065 1952 2095 Crucis
1974 2067 2003 2095 et
2022 2065 2174 2103 ejusdem
2201 2073 2299 2104 nego-

1282 2119 1367 2149 tium
1396 2119 1430 2149 in
1457 2119 1630 2153 comitatu,
1659 2118 1866 2154 civitatil)us‚
1891 2118 2084 2148 ‹liocesibus
2106 2121 2136 2148 et
2163 2119 2298 2157 provin-

1282 2173 1344 2202 ciis
1361 2173 1522 2211 predictis
1541 2172 1601 2203 tibi
1629 2172 1828 2201 duxerimus
1849 2172 2138 2204 committendam,
2165 2173 2300 2202 manda-

1282 2235 1358 2256 mus
1375 2226 1536 2264 quatinus
1564 2225 1756 2255 detentores
1780 2224 2031 2258 obventionum,
2056 2225 2243 2263 legatorum
2267 2227 2299 2255 et

1282 2280 1477 2310 relictorum
1506 2278 1700 2317 hujusmodi
1726 2286 1784 2317 per
1804 2279 1836 2308 te
1855 2286 1892 2307 ac
1912 2278 1997 2308 alios
2030 2278 2063 2307 in
2089 2278 2242 2308 ecclesiis
2268 2281 2299 2308 et

1284 2333 1317 2362 in
1332 2332 1622 2372 predicationibus
1642 2340 1754 2362 coram
1780 2331 1905 2369 populo
1925 2330 2126 2369 generaliter
2147 2339 2297 2367 moneaS,

1283 2388 1318 2416 ut
1336 2386 1423 2416 infra
1446 2386 1548 2415 unius
1570 2385 1699 2415 mensis
1726 2384 1873 2423 spatium
1897 2385 1973 2422 post
2000 2384 2221 2414 monitionem
2239 2384 2306 2421 hu·-

1280 2439 1442 2478 jiismodi,
1462 2438 1631 2477 premissa
1648 2437 1711 2467 tibi
1727 2437 1884 2467 studeant
1904 2436 2077 2471 exhibere:
2098 2437 2298 2475 alioquinin

1284 2502 1352 2529 eos,
1367 2493 1433 2522 nisi
1452 2491 1540 2522 infra
1556 2491 1660 2521 alium
1672 2492 1917 2529 competentem
1931 2490 2116 2520 terminum
2130 2498 2231 2528 quem
2247 2490 2298 2521 eis

1283 2545 1511 2586 peremptorie
1550 2543 1689 2574 duxeris
1719 2542 1961 2582 prefigendum,
1990 2542 2222 2577 obventiones,
2251 2543 2298 2574 le-

1284 2600 1361 2638 gata
1376 2600 1408 2629 et
1423 2597 1541 2628 relicta
1557 2597 1708 2636 predicta
1724 2595 1787 2626 tibi
1803 2596 1995 2626 curaverint
2013 2595 2184 2633 exhibere,
2199 2604 2298 2635 gene-

1285 2653 1389 2682 ralem
1405 2650 1731 2682 excomunicationis
1744 2649 1945 2679 sententiam
1963 2648 2063 2685 feras,
2083 2649 2210 2680 faciens
2223 2658 2298 2680 eam

1286 2714 1392 2744 usque
1409 2705 1450 2735 ad
1465 2703 1731 2734 satisfactionem
1747 2702 1946 2741 condignam
1965 2702 2023 2732 ubi
2043 2704 2074 2732 et
2091 2703 2224 2742 quando
2245 2712 2300 2733 ex-

1286 2759 1401 2797 pedire
1414 2757 1554 2793 videris,
1565 2756 1800 2795 sollempniter
1812 2755 1989 2795 publicari.
2002 2756 2126 2787 Datum
2139 2757 2226 2794 apud
2238 2757 2299 2787 Ur-

1286 2812 1526 2844 bemveterem,
1545 2820 1563 2840 x
1579 2809 1742 2839 kalendas
1759 2809 1973 2851 septembris,
1990 2818 2076 2839 auno
2094 2809 2163 2840 111⁰.
2183 2820 2197 2837 n
