2547 3289
261 252 321 280 344

1016 243 1043 272 R
1049 241 1260 271 EolsrizEs
1282 241 1495 271 D'URBAIN
1520 241 1577 270 lv.

278 342 340 371 que
364 340 468 369 usqne
493 330 534 359 ad
564 328 765 367 premissam
795 327 908 356 (1000111
939 325 1071 354 11111111111
1100 332 1299 362 marcarum¹
1330 324 1487 353 officialis
1502 323 1615 362 sigilla
1628 323 2125 359 11101115,ᾶά111Ἤ111111011100111111
2143 332 2207 362 que
2221 333 2336 363 geren·

259 394 424 415 sunnnani
444 382 705 421 publicavimus,
725 381 764 409 de
785 380 927 409 fratrum
946 378 1174 416 predictorum
1192 386 1268 407 con-

260 438 348 473 silio,
365 437 433 466 soro
449 434 658 464 decrevimus
676 432 890 471 assignanda.
910 431 1054 469 Ideoque
1071 430 1267 460 discretioni
1298 418 1299 447 l

261 492 313 520 tue
339 489 536 519 mandamus
561 487 721 525 quatinus
746 484 940 524 hujusmodi
967 484 1104 513 residua
1124 485 1268 522 quatuor

260 543 353 573 inilia
374 548 559 570 marcarum
579 550 596 569 a
618 539 742 569 civium
766 538 917 576 ipsorum
937 536 1147 567 debitoribus
1169 537 1269 566 Fran-

260 597 320 629 010,
349 593 480 632 Anglie,
505 592 705 622 Alamannie
733 591 785 621 vel
814 589 1168 627 circumadjacentiuni
1194 597 1267 627 pro-

250 647 458 682 „vinciarum,
484 647 581 684 prout
606 644 764 683 expedire
787 643 925 679 videris,
952 642 1192 672 ecclesiasticis
1217 642 1268 672 vel

260 699 482 732 secularibus,
500 698 728 735 cujuscunque
753 697 821 726 sint
846 695 1021 735 dignitatis
1048 695 1099 725 vel
1126 695 1267 731 ordinis,

259 753 360 783 etiam
387 752 415 781 si
435 751 683 786 Cisterciensis,
710 749 1050 784 Premonstratensis‚
1076 758 1113 778 ac
1134 748 1268 778 Clunia-

260 806 381 840 censis,
396 814 454 835 seu
470 804 655 842 (l‘emplarii
677 803 727 833 vel
748 802 971 841 Hospitalarii
990 801 1125 835 fuerint,
1142 801 1269 839 integre

261 858 434 896 colligens,
449 857 552 887 facias
569 857 629 886 illa
644 855 684 885 ab
702 856 829 885 eisdem
848 854 1070 890 debitoribus,
1084 854 1115 883 in
1135 863 1270 892 presen-

262 912 307 941 tia
333 913 361 941 et
389 910 451 940 sub
475 910 671 940 testimonio
691 909 890 938 dilectorum
917 907 1065 937 filiorum
1091 929 1123 937 ..
1148 907 1271 945 prioris

263 965 526 999 Predicatoruni,
546 965 577 993 et
601 987 606 992 .
626 988 631 992 .
659 961 834 1001 guardiani
860 961 1029 991 Minorum
1054 960 1208 996 fratrum,
1235 969 1272 990 ac

262 1018 362 1048 etiam
392 1042 396 1046 .
417 1041 422 1045 .
444 1016 600 1047 officialis
624 1015 842 1050 Parisiensis,
866 1015 899 1044 in
919 1014 987 1044 tuis
1006 1013 1163 1043 manibus
1189 1013 1272 1043 assi-

263 1070 368 1109 gnari.
406 1069 690 1105 contradictores,
725 1070 786 1098 etc.
818 1068 901 1098 Cum
931 1068 1042 1097 autem
1077 1065 1271 1105 hujusmodi

262 1124 404 1162 pecunia
423 1123 483 1153 tibi
501 1122 603 1152 fuerit
620 1122 803 1161 assignata,
822 1122 856 1150 tu
878 1121 943 1151 duo
968 1120 1062 1150 milia
1083 1128 1272 1150 marcarum

265 1186 305 1207 ex
324 1177 383 1207 illa
403 1176 613 1215 integraliter
639 1199 645 1205 .
662 1200 667 1205 .
689 1174 899 1213 procuratori
923 1174 1147 1212 predictorum
1167 1173 1273 1203 bomi-

265 1240 344 1260 1111111
364 1238 422 1259 seu
445 1229 633 1259 communis
650 1229 689 1258 de
704 1228 924 1262 Radicosano,
943 1226 1075 1257 sublato
1093 1225 1274 1265 cujuslibet

266 1283 477 1313 difficultatis
502 1282 686 1317 obstaculo,
706 1282 738 1311 in
756 1281 926 1320 presentia
946 1282 977 1310 et
998 1279 1061 1309 snb
1078 1279 1273 1310 testimonio

267 1336 448 1367 eorundem
474 1335 610 1374 prioris,
635 1334 809 1373 guardiani
835 1335 867 1363 et
893 1333 1061 1366 officialis,
1088 1331 1219 1362 tribuas
1243 1333 1274 1362 et

266 1390 431 1427 assignes,
463 1389 495 1417 in
521 1388 702 1418 utilitatem
732 1387 883 1425 ipsorum
909 1386 1083 1415 hominum
1109 1394 1168 1415 seu
1193 1384 1274 1415 dicti

265 1441 465 1478 communis,
483 1442 579 1480 prout
598 1441 663 1471 sibi
680 1441 838 1478 expedire
861 1439 1017 1473 viderint,
1038 1438 1272 1468 convertenda.

280 1496 409 1534 {eliqua
436 1504 513 1524 vero
545 1494 609 1523 duo
634 1494 740 1529 milia,
769 1492 830 1522 sub
861 1493 1011 1531 ipsorum
1043 1492 1215 1530 presentia
1242 1493 1274 1521 et

264 1548 470 1583 testimonio,
483 1549 596 1577 nostro
607 1547 754 1582 nomine,
767 1546 800 1575 in
815 1546 927 1584 aliquo
946 1546 1014 1575 tuto
1025 1545 1098 1574 1000
1110 1545 1272 1583 deponas.

262 1600 407 1631 Eosdem
419 1609 496 1630 vero
514 1599 666 1638 singulos
681 1599 852 1629 debitores
868 1598 908 1628 ab
927 1597 1120 1636 hujusmodi
1137 1597 1272 1632 debitis,

263 1662 322 1692 pro
341 1652 589 1692 quantitatibus
607 1661 691 1690 quas
710 1652 769 1682 tibi
787 1652 946 1681 duxerint
961 1650 1181 1687 exhibendas,
1200 1659 1273 1688 per-

262 1709 362 1745 petuo
392 1706 590 1736 auctoritate
621 1707 747 1740 nostra,
779 1705 938 1734 similiter
972 1704 1004 1733 in
1038 1704 1209 1742 presentia
1242 1705 1274 1734 et

264 1759 457 1790 testimonio
480 1759 721 1798 [nedictorunn
750 1767 891 1796 prorsus
917 1757 1085 1793 absolvas,
1114 1757 1161 1787 ita
1185 1758 1274 1795 quod

262 1813 303 1842 ad
318 1813 420 1842 aliani
436 1812 684 1842 restitutionem
704 1811 902 1841 memoratis
917 1810 1049 1840 civibus
1065 1810 1274 1841 Senensibus

263 1868 318 1895 aut
337 1865 516 1895 heredibus
540 1865 593 1895 vel
615 1864 869 1894 successoribus
896 1863 1090 1899 eorundem,
1117 1872 1176 1893 seu
1196 1863 1274 1893 aliis

264 1919 386 1957 quibus
401 1919 456 1957 jus
471 1927 569 1948 suum
585 1917 737 1947 dederint
753 1919 809 1947 aut
825 1917 1064 1952 concesserint„
1087 1917 1273 1946 faciendam

265 1971 357 2001 1111110
384 1980 543 2009 11111(11111111
570 1972 720 2008 tempore
746 1971 935 2004 teneantur,
968 1978 1026 1999 nec
1050 1971 1187 2007 propter
1215 1969 1274 1999 boc

266 2025 398 2054 valeant
424 2024 639 2062 aliquatenus
669 2023 853 2057 conveniri,
880 2023 938 2052 sed
966 2022 1087 2052 exinde
1115 2024 1181 2052 tam
1210 2022 1273 2060 ipsi

264 2086 364 2116 quam
383 2086 499 2106 eorum
520 2077 661 2106 heredes
684 2078 715 2106 et
735 2084 948 2105 successores
969 2077 1163 2105 remaneant
1182 2075 1273 2113 peni-

264 2133 318 2160 tus
333 2130 491 2164 absoluti,
507 2138 570 2159 11011
585 2128 799 2159 ‹1›bstantibus
817 2127 1025 2166 quibuslibet
1039 2128 1275 2157 instrumentis

265 2183 316 2213 vel
335 2183 459 2213 litteris
479 2191 578 2221 super
604 2182 732 2212 eisdem
753 2181 887 2218 debitis,
906 2181 968 2211 sub
985 2189 1184 2220 quacunque
1203 2190 1274 2211 ver-

264 2237 383 2266 borum
403 2236 509 2265 fornia
532 2235 705 2269 consectis.
727 2244 785 2265 seu
801 2235 1006 2273 juramentis
1027 2234 1238 2273 interpositis
1257 2244 1275 2264 a

265 2289 387 2328 quibus
407 2288 577 2318 debitores
603 2288 707 2327 ipsos,
731 2288 841 2327 quoad
859 2288 967 2318 dictas
985 2288 1203 2326 quantitates,
1223 2297 1274 2317 ea-
1304 2297 1306 2304 ’

264 2343 340 2372 (10111
365 2342 575 2377 auctoritate,
595 2342 628 2371 in
647 2342 819 2380 presentia
846 2344 878 2371 et
904 2341 966 2371 sub
987 2341 1183 2371 testimonio
1201 2350 1274 2379 pre-

264 2395 440 2431 dictorum,
461 2394 635 2425 absolvere
655 2403 721 2424 non
744 2396 940 2433 postponas,
960 2395 991 2424 et
1005 2393 1275 2433 quibuscumque

265 2449 380 2487 penis,
417 2447 700 2487 obligationibus,
738 2447 1063 2483 renuntiationibus,
1099 2448 1206 2486 pactis
1245 2449 1275 2478 et
1305 2457 1306 2460 ¹

264 2501 542 2532 conventionibus
576 2501 776 2539 interjectis,
810 2501 911 2531 etiam
940 2502 965 2529 si
996 2500 1054 2531 hec
1082 2501 1196 2531 onmia
1223 2501 1276 2531 vel
1305 2493 1306 2520 ³

264 2564 379 2585 eorum
401 2555 515 2593 aliqua
536 2555 604 2584 sint
622 2555 821 2584 auctoritate
841 2554 932 2584 sedis
956 2554 1140 2593 apostolice
1161 2556 1276 2585 contir-

265 2610 366 2644 mata,
382 2616 445 2646 que
460 2608 602 2646 prefatis
617 2607 747 2637 civibus
764 2607 984 2640 Senensibus,
1001 2616 1065 2645 quo
1082 2607 1122 2637 ad
1141 2609 1276 2638 easdem

266 2660 488 2699 quantitates,
518 2661 677 2690 nolumus
705 2660 738 2689 in
767 2660 881 2699 aliquo
910 2660 1099 2699 suffragari.
1134 2661 1276 2692 Proviso

267 2714 354 2752 quod
385 2714 417 2743 in
445 2714 569 2743 litteris
598 2722 660 2752 (1110
690 2722 791 2752 super
824 2713 1054 2751 assignatione
1082 2713 1276 2753 hujusmodi

269 2767 406 2805 pecunie
430 2766 490 2796 tibi
513 2767 664 2796 facienda
686 2768 715 2797 et
738 2775 839 2805 (11111111
859 2768 893 2796 tu
915 2766 1016 2796 facies
1035 2767 1185 2805 predicto
1203 2776 1277 2806 pro-

268 2820 426 2855 curatori,
448 2828 506 2849 n‹=c
526 2828 589 2849 non
608 2828 709 2858 super
726 2819 917 2857 hujusmodi
937 2819 1102 2857 depositO,
1120 2830 1155 2850 ac
1174 2821 1276 2851 etiam

269 2881 369 2911 super
394 2872 603 2902 absolutione
631 2872 821 2902 debitorum
850 2871 890 2902 ab
915 2869 1274 2911 hujusmodi'debitis,

270 2926 499 2957 conficientur,
520 2927 615 2955 tuum
633 2927 663 2955 et
690 2925 870 2955 eorundem
891 2925 1025 2963 prioris,
1043 2926 1221 2964 guardiaui
1245 2929 1276 2958 et

1329 379 1394 412 tur,
1419 377 1576 415 appendi,
1601 385 1666 406 una
1690 385 1766 406 011111
1789 376 1874 414 ipsis
1895 376 1986 414 quid,
2009 377 2185 414 quantum,
2207 377 2340 415 quando

1329 431 1361 460 et
1385 439 1403 459 a
1429 429 1553 468 quibus
1574 430 1613 460 de
1634 429 1827 469 liujiismodi
1846 429 1970 460 debitis
1991 430 2200 468 assignatum
2225 429 2338 466 suerit,

1330 483 1467 521 etquid,
1487 482 1612 521 quibus
1624 484 1656 512 et
1670 482 1803 521 quando
1818 482 1990 517 collatum,
2009 484 2039 512 et
2061 481 2118 511 ubi
2135 482 2340 520 depositum,

1329 537 1362 565 et
1376 536 1434 574 qui
1451 535 1671 566 absolventur
1688 535 1728 565 ab
1746 535 1939 574 hujusmodi
1959 534 2094 571 debitis,
2113 536 2144 564 et
2161 535 2196 564 in
2215 536 2341 573 quanto

1329 597 1389 627 per
1415 588 1547 618 litteras
1567 591 1730 627 patentes,
1749 590 1805 618 tuo
1822 590 1853 618 et
1874 588 2010 618 illorum
2034 588 2159 626 sigillis
2177 588 2340 626 signatas,

1330 641 1428 671 nobis
1446 642 1658 680 quamtocius
1683 641 1881 671 intimando.
1902 641 1972 670 Nos
1989 640 2079 670 0111111
2099 648 2216 670 omnes
2240 640 2341 670 inter·

1331 694 1422 728 dicti,
1441 695 1678 733 suspensionis
1702 698 1733 724 et
1760 693 2122 724 excommunicationis
2141 693 2338 729 sententias,

1330 748 1418 778 latas
1437 748 1488 777 vel
1508 748 1674 784 ferendas,
1698 748 1872 778 occasione
1888 747 2116 785 predictorum
2136 745 2339 782 debitorum,

1333 801 1365 830 in
1383 800 1519 830 eosdem
1539 800 1721 834 debitores,
1741 802 1771 830 et
1791 799 1959 838 quaslibet
1980 799 2185 837 apostolicas
2210 799 2343 828 litteras

1332 854 1372 884 ad
1392 862 1610 893 quoscunque
1632 854 1764 892 judices
1788 854 1838 883 vel
1860 855 2058 883 executores
2089 861 2191 891 super
2218 852 2343 882 debitis

1332 907 1418 946 ipsis
1449 907 1603 937 obtentas
1637 907 1688 937 vel
1726 907 1828 937 etiarn
1864 906 2085 941 obtinendas,
2121 915 2180 935 nec
2215 914 2279 935 non
2311 906 2345 935 et

1332 960 1503 999 quoslibet
1526 969 1705 999 processus
1734 969 1793 998 per
1819 968 1876 990 eas
1900 960 2034 990 habitos
2056 962 2088 990 et
2115 968 2200 998 quos
2226 958 2343 988 haberi

1333 1014 1521 1053 contigerit,
1540 1014 1579 1044 de
1595 1013 1777 1052 apostolice
1792 1014 1970 1052 potestatis
1988 1012 2211 1052 plenitudine,
2233 1011 2344 1050 quoad

1333 1067 1526 1106 hujusmodi
1552 1067 1770 1106 quantitates,
1799 1067 2012 1096 decernimus
2039 1066 2170 1096 nullius
2196 1065 2344 1095 existere

1334 1120 1516 1150 firmitatis.
1548 1121 1671 1150 Datum
1700 1120 1787 1158 apud
1820 1119 2107 1155 Urbemvetereni,
2134 1128 2155 1148 x
2180 1117 2344 1148 kalendas

1334 1173 1540 1209 novembris,
1561 1182 1647 1203 anno
1665 1173 1774 1203 tertio.
1796 1182 1811 1201 »

1425 1340 1496 1371 723
1869 1337 1994 1364 Orvieto.
2014 1338 2047 1364 23
2062 1337 2177 1364 octobre
2196 1338 2273 1364 1263.

1372 1422 1462 1448 Priori
1493 1422 1726 1448 Praedicatorum
1754 1423 1782 1448 et
1809 1422 1966 1455 guardian-J
1994 1422 2116 1448 fratrum
2144 1421 2284 1448 Minorum
2311 1429 2345 1448 ae

1334 1470 1450 1498 officiali
1467 1471 1675 1497 Parisiensibus
1691 1471 1806 1497 mandat
1827 1472 1855 1497 ut
1875 1471 2031 1504 quamdam
2047 1469 2183 1504 pecuniae
2198 1477 2345 1497 summam

1334 1520 1439 1546 civium
1457 1520 1626 1546 Svnensium
1641 1519 1826 1554 publicatam,
1841 1519 1868 1545 in
1878 1519 2038 1546 custodiam
2053 1519 2222 1546 tradendam
2232 1520 2346 1546 curent.

1335 1569 1412 1602 (Bne.
1429 1569 1473 1600 28,
1493 1568 1540 1596 sol.
1556 1568 1590 1596 82
1606 1573 1646 1599 νῦ,
1661 1576 1720 1595 cur.
1735 1576 1802 1595 ann.
1824 1568 1871 1599 111,
1892 1573 1925 1594 n⁰
1943 1569 1975 1600 93
1994 1568 2142 1594 Por-nusi*
2160 1568 2269 1598 18687.)

1374 1682 1391 1702 «
1410 1696 1415 1702 .
1435 1697 1439 1702 .
1463 1672 1564 1712 priori
1581 1672 1827 1708 Predicatorwn,
1849 1677 1875 1701 el
1895 1697 1900 1702 .
1923 1697 1927 1701 .
1945 1670 2118 1711 qnardiano
2137 1671 2272 1709 fratrum
2290 1670 2347 1700 Mi-

1613 1736 1628 1755 ο
1646 1725 1744 1762 ficialz'
1773 1725 2006 1755 Par-isiciisibns.
2040 1726 2147 1763 Super
2181 1724 2348 1763 exigenda

1335 1789 1468 1810 sumnia
1492 1798 1540 1808 —.
1560 1780 1683 1810 Datum
1710 1779 1799 1818 apud
1819 1779 2108 1814 Urbemveterem,
2136 1787 2159 1808 x
2182 1777 2346 1808 kalendas

1334 1833 1540 1869 novembris
1561 1842 1647 1863 anno
1665 1833 1738 1863 111⁰.
1758 1842 1772 1861 11

1335 1736 1453 1762 norum,
1487 1736 1522 1755 ac
1550 1750 1556 1755 .
1575 1748 1584 1755 .

1425 1998 1497 2029 724
1826 1996 1949 2022 Orvieto.
1970 1996 2000 2021 lo
2014 1995 2176 2029 septembre
2196 1995 2272 2021 1263.

1372 2081 1551 2107 Ricearduni.
1577 2080 1604 2106 in
1632 2080 1826 2105 Romanorum
1842 2086 1941 2112 regem
1961 2078 2096 2109 electum,
2115 2077 2246 2104 hortatur
2263 2080 2291 2104 ut
2318 2076 2348 2103 iu

1335 2129 1457 2155 Henrici.
1476 2128 1632 2163 Anglorum
1652 2127 1737 2161 regis,
1756 2126 1894 2153 auxilium
1911 2129 2057 2160 exsurgat.
2077 2126 2157 2154 (Res.
2178 2128 2224 2157 28,
2240 2125 2288 2152 l'ol.
2312 2126 2348 2153 82

1336 2183 1376 2211 νο,
1393 2186 1452 2204 cur.
1468 2185 1535 2203 ann.
1555 2176 1599 2206 111,
1616 2184 1646 2202 us·
1663 2177 1708 2209 lo,
1724 2176 1870 2202 Pori-nasi·
1886 2174 1995 2208 18651.)

1377 2298 1392 2317 ((
1419 2287 1585 2318 Carissimo
1607 2286 1636 2314 in
1664 2284 1785 2315 Christo
1809 2283 1873 2319 filio
1895 2281 2059 2318 Riccardo,
2086 2281 2115 2310 in
2143 2281 2349 2310 Romanorum

1336 2351 1436 2381 reyem
1451 2340 1553 2370 electo.
1573 2339 1682 2370 Habet
1700 2338 1771 2374 hoc,
1792 2337 1839 2367 tili
1860 2337 2048 2370 carissime,
2066 2334 2184 2374 populi
2201 2342 2350 2364 commu-

1336 2395 1390 2424 nis
1406 2394 1550 2425 assertio
1566 2395 1597 2423 et
1615 2392 1783 2431 generalis
1800 2390 1868 2420 sere
1886 2389 2037 2420 omnium
2059 2388 2095 2418 id
2114 2389 2206 2418 tenet
2221 2387 2348 2426 opinio,

1337 2448 1425 2488 quod
1452 2448 1640 2487 procellosa
1670 2445 1843 2476 fluctuatio
1864 2442 2090 2482 tempestatis,
2114 2450 2178 2480 que
2200 2440 2349 2472 solidum

1337 2502 1429 2541 regni
1446 2501 1567 2540 Anglie
1580 2500 1704 2530 solium
1722 2497 1878 2533 concutit,
1894 2499 1957 2532 est,
1971 2496 2031 2526 1101·
2051 2497 2213 2534 tempore,
2233 2495 2350 2525 contra

1337 2555 1553 2585 carissimum
1580 2554 1612 2583 in
1637 2552 1771 2583 Christo
1793 2551 1900 2581 tilium
1926 2551 2079 2579 nostrum
2098 2549 2154 2584 H.‚
2179 2547 2348 2578 illustrem

1336 2609 1524 2647 Anglorum
1543 2615 1667 2646 regem,
1688 2612 1884 2644 germanum
1904 2605 2011 2633 tuum.
2031 2604 2062 2632 te
2077 2601 2294 2640 permittente
2311 2608 2348 2630 ac

1338 2661 1592 2696 dissimulante,
1607 2668 1646 2690 ne
1665 2659 1817 2689 dieamus
1838 2658 2051 2696 procurante,
2065 2656 2244 2685 commota.
2262 2653 2347 2684 Cum

1338 2715 1428 2745 0111111
1441 2723 1584 2753 persona
1595 2716 1662 2749 tua,
1672 2711 1818 2742 illustris
1831 2712 1861 2741 et
1875 2709 2002 2744 inclita,
2013 2708 2118 2738 multe
2131 2705 2347 2737 discretionis

1337 2768 1548 2806 aliarumque
1563 2767 1727 2796 virtutum
1744 2764 1851 2803 gratia
1866 2763 1988 2802 vigeat,
2005 2770 2041 2792 ac
2054 2769 2173 2800 niagno
2190 2762 2219 2790 et
2234 2759 2348 2798 amplo

1338 2821 1482 2851 seculari
1514 2821 1687 2859 potentatu
1720 2818 1906 2857 preinineat
1937 2819 1967 2845 et
1996 2814 2127 2844 divitiis
2157 2812 2272 2843 affluat
2304 2821 2346 2843 ex

1338 2874 1543 2905 abundantia
1558 2872 1768 2907 facultatum,
1783 2878 1841 2900 nec
1857 2869 1901 2899 sit
1918 2869 1951 2898 in
1966 2876 2067 2907 regno
2084 2866 2206 2905 Anglie
2223 2865 2348 2904 aliquis

1339 2928 1407 2966 qui.
1427 2929 1459 2958 te
1479 2925 1687 2966 prohibente,
1706 2932 1799 2954 arma
1814 2923 1926 2954 levare
1942 2921 2151 2960 presumeret
2167 2919 2218 2948 vel
2233 2921 2350 2950 contra
