2547 3289
280 281 340 310 428

280 363 388 393 victus
403 370 502 400 prave
520 359 747 399 suggestionis
765 358 936 394 instantia,
955 358 1013 387 sed
1031 357 1143 395 potius
1161 356 1284 394 spiritu

279 415 432 445 veritatis
464 414 631 446 inductus,
664 412 791 450 iniquis
822 410 1029 440 consiliariis
1062 409 1215 439 consulte
1249 417 1285 438 ac

277 467 414 506 provide
434 465 638 504 respondisti
657 466 688 494 te
712 463 801 493 nolle
823 463 919 501 sequi
945 462 1111 492 dictorum
1132 461 1285 499 progeni-

277 522 385 550 torum
405 519 547 556 vestigia
567 518 599 547 in
614 526 652 547 eo
669 516 756 555 quod
775 516 914 545 eandem
938 515 1116 545 ecelesiam
1141 514 1284 544 offende-

277 573 360 606 rent,
385 571 563 610 presertim
596 578 671 600 cum
705 570 738 601 in
767 569 827 598 hoc
857 568 985 598 eisdem
1011 566 1285 606 progenitoribus

274 633 339 654 non
358 625 405 653 sic
425 631 584 662 prospere
601 631 637 652 ac
654 622 737 652 bene
755 621 967 657 successerit,
989 621 1077 659 quod
1097 619 1203 650 videri
1221 618 1283 649 tibi

274 677 392 707 debeat
411 676 494 706 utile
512 676 664 713 ipsorum
692 677 723 704 in
747 674 806 704 hac
826 675 919 712 parte
942 673 1095 711 vestigiis
1118 672 1281 705 inherere,

273 729 459 768 quinimmo
478 728 655 758 ecclesiam
670 728 779 765 ipsam
796 726 943 757 revereri
961 727 1121 764 tanquam
1138 726 1282 755 matrem

274 790 364 811 more
380 781 489 811 devoti
506 780 566 810 tilii
585 779 807 819 proponebas.
828 780 987 809 Letamur
1004 779 1118 817 itaque
1133 778 1221 817 quod
1240 787 1281 808 ex

272 833 348 867 hiis.
370 833 397 863 si
412 842 489 863 vera
508 835 596 868 sunt⁷
621 832 779 863 tenellam
801 832 923 862 etatem
944 833 1035 861 tuam
1051 831 1099 861 sic
1116 831 1280 860 virtutum

272 886 459 916 constantia
478 885 634 916 roborare
652 885 790 921 videris,
806 886 840 915 ut
859 884 1086 923 malignorum
1103 883 1280 922 reprobato

271 939 422 973 consilio,
442 939 669 969 sinceritatem
696 938 820 968 mentis
844 938 878 968 in
902 937 1065 967 laudabili
1083 939 1115 967 et
1140 937 1280 967 honesto

271 993 443 1031 proposito
474 992 610 1022 studeas
641 999 851 1027 conservare,
878 991 917 1020 de
941 999 1006 1029 quo
1024 992 1115 1021 tanto
1141 990 1279 1028 majoris

269 1045 380 1075 laudis
392 1045 549 1084 preconio
562 1044 766 1083 promereris
784 1043 905 1079 attolli,
926 1047 1049 1082 quanto
1066 1045 1097 1073 te
1114 1044 1279 1082 aptiorem

269 1098 427 1129 exhibere
448 1098 623 1134 assereris,
645 1097 685 1127 ad
703 1097 808 1127 divini
827 1097 972 1127 nominis
989 1097 1133 1135 gratiam
1150 1104 1279 1135 prome-

268 1152 417 1182 rendam.
441 1152 607 1187 Ceterum,
628 1160 703 1180 euin
724 1150 781 1180 ille
803 1150 1054 1188 dampnationis
1078 1149 1169 1179 filius
1188 1150 1278 1179 Man-

268 1205 394 1238 fredus,
425 1205 593 1243 quondam
617 1204 774 1242 princeps
801 1203 1017 1239 Tarentinus
1051 1203 1098 1233 tui
1128 1203 1277 1233 nominis

268 1257 402 1288 emulus
433 1259 464 1287 et
493 1258 686 1295 persecutor
717 1255 867 1295 ejusdem
891 1255 1032 1286 ecclesie
1060 1255 1273 1292 manifestus,

267 1310 447 1341 nonnullos
480 1310 705 1340 'l'heutonicos
734 1318 846 1339 secum
882 1309 1035 1343 retineat,
1065 1311 1096 1338 et
1125 1317 1201 1338 cum
1226 1309 1275 1338 eis

267 1363 431 1402 prefatam
446 1363 623 1392 ecclesiam
640 1362 780 1401 ejusque
795 1361 911 1391 fideles
927 1361 1082 1391 continue
1097 1369 1275 1399 persequa-

264 1418 330 1452 tur,
353 1415 563 1446 nobilitatem
586 1417 676 1445 tuam
704 1423 861 1453 rogamus
891 1415 921 1444 et
947 1413 1120 1443 hortamur
1150 1416 1273 1444 attente

266 1470 462 1498 mandantes
484 1470 643 1507 quatinus
673 1477 768 1506 opem
792 1470 820 1497 et
850 1476 985 1505 operam
1013 1467 1187 1497 studiosus
1212 1467 1273 1496 iin—

264 1522 403 1560 pendas‚
424 1523 460 1551 ut
490 1521 590 1550 iidem
613 1521 813 1551 Theutonici
840 1520 880 1549 ab
906 1520 1016 1558 ipsius
1046 1520 1272 1558 persecutoris

263 1574 416 1604 subsidio
439 1575 471 1604 et
494 1574 633 1604 ecclesie
651 1576 832 1603 memorate
846 1572 1084 1603 vexationibus
1103 1572 1272 1603 retrahan—

262 1629 327 1663 tur,
349 1636 384 1657 ac
402 1627 642 1657 nichilominus
667 1627 708 1656 ad
733 1627 867 1665 propria
887 1627 1096 1661 revocentur,
1116 1626 1161 1655 ita
1183 1627 1271 1664 quod

263 1690 321 1719 per
337 1681 408 1717 hoc,
432 1680 621 1710 eommunis
644 1680 751 1709 hostis
777 1679 964 1710 debilitatis
990 1679 1133 1714 viribus
1154 1679 1270 1709 eadem

262 1733 404 1763 ecclesia
421 1733 539 1771 possit,
554 1734 688 1762 auctore
705 1733 862 1767 Domino,
875 1733 990 1762 contra
1003 1740 1079 1762 eum
1099 1733 1270 1770 potentius

263 1787 293 1816 et
312 1786 456 1816 celerius
483 1786 703 1824 triumphare,
727 1794 762 1815 ac
786 1787 821 1815 tu
851 1788 999 1815 nostram
1026 1787 1057 1815 et
1085 1786 1269 1823 apostolice

262 1839 353 1869 sedis
362 1839 503 1878 gratiam
515 1839 635 1869 exinde
646 1839 779 1877 plenius
790 1839 949 1877 consequi
961 1839 1134 1868 merearis
1146 1839 1267 1869 Datum

263 1892 349 1930 apud
366 1891 653 1923 Urbemveterem.
677 1892 754 1921 idus
771 1892 918 1929 augusti,
938 1900 1022 1921 anno
1040 1891 1110 1921 1110.
1134 1905 1148 1918 n

848 2044 971 2075 Urvietn,
990 2045 1016 2070 ll
1037 2046 1099 2069 nont
1122 2044 1195 2071 lsstss.

351 2046 424 2076 1382

299 2119 462 2152 l'rorogutio
481 2118 595 2145 [ermini
613 2117 797 2152 peremptorii
824 2118 990 2152 l’andnlplio
1012 2119 1044 2144 de
1066 2118 1168 2145 Alubro
1190 2126 1267 2152 prae-

259 2168 314 2195 fixi.
333 2169 409 2202 (izi-212.
427 2170 470 2194 2⁸.
488 2167 535 2194 fol.
557 2168 603 2194 124-
623 2173 661 2193 v0.
678 2175 735 2194 ‹;·nr.
756 2175 821 2193 ann.
840 2167 884 2199 ΠΙ,
901 2173 930 2192 11⁰
947 2168 1019 2199 ios.)

299 2272 313 2287 «
338 2260 489 2290 (Inieci-sis
512 2260 625 2290 Clo-isti
644 2260 784 2298 fidelibus
800 2266 955 2300 presentes
981 2260 1098 2290 litteras
1122 2262 1268 2300 inspectu·

258 2315 310 2344 ris.
328 2314 413 2349 Quia
433 2314 603 2343 ,lohannes
620 2314 659 2343 de
678 2314 833 2350 Marerio,
855 2314 1043 2344 Pandulfus
1064 2315 1103 2344 de
1129 2315 1265 2345 Alabro.

257 2370 287 2397 etv
311 2367 438 2397 domini
467 2376 558 2397 rocco
582 2367 621 2397 de
646 2367 809 2397 Aecarino
835 2369 909 2402 eto,
939 2369 1037 2405 prout
1063 2367 1204 2398 habetur
1234 2369 1265 2398 in

254 2420 369 2450 littera
380 2421 559 2450 eorundem
574 2421 674 2455 retro,
686 2420 766 2450 folio
782 2420 843 2450 1111
858 2420 1005 2458 capitulo
1017 2420 1147 2450 CLVII.
1159 2430 1265 2460 usqne

255 2473 342 2503 infra
369 2473 529 2503 kalendas
550 2474 683 2512 augusti
705 2473 860 2512 proximo
878 2474 1043 2512 preteriti,
1070 2476 1130 2504 etc.
1157 2484 1264 2513 usqne

256 2526 458 2556 facultatem.
482 2526 545 2556 sed
565 2526 643 2564 quia
666 2526 809 2556 dilectus
832 2526 922 2556 iilius
951 2529 1063 2556 noster
1080 2526 1130 2561 0,
1151 2530 1264 2557 sancte.

253 2579 358 2609 Marte
380 2579 411 2608 in
429 2579 491 2609 Via
511 2579 578 2609 lata
598 2579 759 2609 diaconus
779 2579 972 2614 cardinalis,
993 2579 1090 2609 nobis
1107 2589 1165 2618 per
1184 2589 1263 2610 suas

252 2632 383 2662 litteras
395 2632 595 2670 supplicavit
608 2634 653 2666 ut,
665 2641 739 2661 cum
755 2632 897 2662 dilectus
910 2632 1002 2662 tilius
1015 2632 1210 2663 sinibaldns
1223 2633 1262 2663 de

252 2685 388 2718 Alabro,
407 2685 612 2715 camerarius
635 2694 728 2721 suns,
748 2694 929 2723 germanus
951 2686 1091 2724 predicti
1120 2686 1262 2716 l'andul-

251 2738 318 2776 phi,
334 2738 531 2773 intenderet,
552 2738 774 2776 personaliter
795 2740 969 2777 assumpto
991 2738 1115 2774 labore,
1133 2740 1172 2768 ad
1186 2748 1262 2769 eun-

250 2791 324 2821 dem
343 2800 377 2820 se
394 2791 574 2821 transferre
589 2791 837 2829 Pandulphum,
850 2792 1029 2830 ipsumque
1047 2793 1086 2821 ad
1104 2793 1259 2822 mandata

250 2846 363 2874 nostra
381 2845 412 2873 et
431 2844 641 2874 devotionem
668 2853 703 2874 ac
726 2845 922 2875 fidelitatem
948 2845 1095 2883 predicte
1118 2846 1258 2875 ecclesie
1288 2872 1290 2883 ,

249 2905 415 2932 revocare,
436 2905 493 2926 nec
510 2899 623 2934 posset
637 2897 668 2926 id
686 2897 793 2927 facere
809 2900 947 2936 propter
963 2898 1103 2936 predicti
1121 2899 1255 2928 termini

247 2949 457 2984 brevitatem,
475 2958 653 2987 prorogare
667 2951 773 2980 adnm:
794 2950 986 2988 hujusmodi
1005 2951 1198 2985 terminum,
1219 2954 1253 2982 nt
1286 2971 1287 2981 2

1037 272 1280 305 REGISTRES
1302 272 1514 302 D’URBAIN
1539 272 1597 302 IV.

1345 355 1556 385 commodius
1578 363 1675 385 snam
1701 363 1802 394 super
1825 355 1885 385 hoc
1904 356 2126 386 intentionem
2147 355 2187 385 ad
2203 356 2358 386 effectum

1345 410 1461 445 posset
1471 407 1667 446 perducere,
1682 407 1722 437 de
1734 407 1940 447 benignitate
1951 408 2137 446 apostolica
2148 416 2356 439 curaremus.

1346 460 1427 496 Nos,
1444 460 1501 499 qui
1516 460 1659 490 eundem
1673 460 1879 490 cardinalem
1896 463 2010 499 utpote
2026 469 2185 499 magnum
2205 463 2236 491 et
2256 460 2357 491 hono-

1347 512 1452 542 rabile
1475 513 1615 542 ecclesie
1642 513 1843 549 membrum,
1865 513 2024 552 precipua
2046 513 2227 543 dilectione
2246 522 2357 552 prose-

1345 566 1493 604 quimur,
1517 565 1712 604 hujusmodi
1735 574 1852 604 preces
1875 566 1948 604 ejus
1968 566 2008 595 ad
2030 565 2260 596 exauditionis
2282 575 2356 605 gra-

1344 618 1425 648 tiam
1472 617 1704 648 favorabiliter
1745 618 1979 654 admittentes,
2029 618 2196 657 prefixum
2249 619 2356 649 eidem

1346 671 1544 710 Pandulpho
1559 673 1591 701 et
1603 671 1784 709 premissis
1800 671 1879 701 aliis
1895 671 2123 710 predictarum
2135 671 2356 701 kalendarum

1342 725 1537 758 terminum,
1549 733 1614 763 quo
1629 724 1669 754 ad
1683 724 1795 763 ipsum
1809 724 2047 763 Pandulphum
2060 725 2182 760 solum,
2195 733 2302 763 usque
2316 725 2357 755 ad

1342 778 1740 815 octavasAssumptionis
1749 777 1845 807 beate
1853 778 2006 816 Virginis
2019 777 2174 816 proximo
2183 780 2354 814 venturas,

1341 830 1381 860 de
1398 830 1537 869 speciali
1555 830 1662 868 gratia
1678 829 1741 860 sub
1759 832 1849 860 certa
1868 830 1976 860 forma
1996 830 2157 860 duximus
2175 839 2356 869 prorogan-

1341 883 1433 919 dum,
1453 884 1552 921 prout
1573 883 1606 912 in
1629 882 1827 921 apostolicis
1848 882 1972 913 litteris
1991 891 2092 921 super
2114 883 2175 913 hoc
2193 883 2355 913 confectis

1341 935 1475 974 plenius
1492 936 1692 966 continetur.
1711 936 1826 974 Nuper
1846 938 1958 966 autem
1981 935 2152 974 predictus
2173 936 2356 966 cardinalis

1341 998 1399 1028 per
1415 989 1573 1019 dilectum
1591 989 1698 1019 filium
1719 991 1873 1019 nostrum
1892 989 1944 1024 U.,
1968 989 2075 1019 sancti
2094 989 2267 1019 Eustachii
2285 989 2355 1019 dia-

1341 1051 1461 1072 conum
1497 1042 1714 1078 cardinalem,
1740 1042 1819 1072 fecit
1851 1051 1912 1071 nos
1945 1051 2019 1072 eum
2057 1042 2219 1072 instantia
2247 1042 2354 1072 multa

1341 1095 1461 1133 rogari,
1489 1097 1535 1131 ut,
1565 1095 1644 1134 quia
1676 1095 1765 1125 idem
1793 1094 1990 1125 Sinibaldus
2017 1095 2111 1133 gravi
2136 1094 2274 1134 langore
2299 1095 2354 1125 de-

1340 1150 1462 1185 tentus,
1490 1149 1522 1178 in
1549 1148 1752 1186 egritudinis
1778 1148 1865 1178 lecto
1894 1147 2075 1181 decumbit,
2102 1150 2240 1186 propter
2265 1148 2354 1187 quod

1340 1202 1454 1240 nequit
1482 1210 1578 1232 suam
1607 1202 1640 1231 in
1664 1201 1723 1231 hac
1750 1203 1845 1239 parte
1876 1201 2096 1231 intentionem
2131 1201 2291 1239 prosequi
2321 1203 2353 1231 et

1338 1255 1470 1293 exequi,
1484 1255 1570 1284 sicut
1585 1254 1696 1288 vellet,
1712 1253 1912 1291 ai‘npliorem
1926 1253 2032 1283 adhuc
2047 1254 2147 1283 etiam
2164 1253 2253 1284 dicto
2269 1253 2351 1284 Pan-

1337 1308 1461 1346 dulpho
1485 1307 1666 1337 concedere
1687 1306 1870 1336 terminum
1895 1307 2123 1345 dignaremur.
2144 1306 2215 1336 Nos
2237 1307 2350 1346 igitur,

1336 1361 1487 1391 volentes
1504 1360 1705 1390 clementius
1724 1359 1873 1398 experiri
1890 1361 2004 1390 utrum
2027 1361 2142 1389 nostra
2159 1359 2351 1399 benignitas

1337 1414 1441 1451 possit
1477 1414 1628 1452 ejusdem
1665 1412 1856 1450 Pandulphi
1888 1421 1944 1442 cor
1975 1413 2147 1451 lapideum
2183 1413 2349 1449 emollire,

1334 1467 1561 1505 predictorum
1588 1465 1812 1495 cardinalium
1834 1465 1991 1504 precibus
2017 1466 2181 1499 inclinati,
2200 1465 2268 1495 hiis
2285 1474 2350 1504 que

1334 1519 1373 1549 de
1388 1519 1584 1549 infirmitate
1601 1519 1681 1548 dicti
1702 1518 1868 1549 sinibaldi
1887 1519 2141 1556 premittuntur,
2156 1519 2246 1549 veris
2263 1520 2349 1549 exis-

1333 1573 1492 1608 tentibus,
1505 1572 1698 1610 huJ'usmodi
1712 1572 1940 1610 predictarum
1956 1574 2150 1602 octavarum
2163 1572 2346 1602 terminum

1332 1634 1438 1664 usque
1460 1625 1499 1654 ad
1526 1625 1651 1654 festum
1679 1625 1786 1654 sancti
1809 1624 1985 1654 Michaelis
2008 1625 2164 1663 proximo
2193 1625 2346 1655 futurum

1331 1680 1446 1708 tenore
1473 1678 1682 1716 presentium
1710 1686 1942 1717 prorogamus,
1970 1678 2162 1716 hujusmodi
2188 1678 2346 1716 privatio-

1332 1732 1384 1762 nis
1410 1732 1613 1761 sententiam
1643 1731 1746 1761 latam
1774 1731 1806 1760 in
1838 1731 2027 1770 predictum
2051 1731 2288 1769 Pandulphum
2312 1733 2344 1761 et

1331 1794 1390 1824 per
1410 1793 1620 1823 consequens
1644 1784 1678 1813 in
1707 1784 1919 1813 Sinibaldnm
1948 1784 2103 1820 eundem,
2128 1786 2159 1814 et
2179 1784 2346 1814 sententie

1331 1839 1441 1876 ipsius
1461 1838 1628 1873 effectum,
1649 1837 1750 1867 etiam
1771 1837 1799 1867 si
1818 1837 1989 1876 predictus
2017 1837 2238 1876 Pandulphus
2256 1837 2344 1867 infra

1330 1891 1498 1930 predictas
1521 1892 1654 1920 octavas
1672 1890 1929 1928 Assumptionis
1955 1890 2080 1920 nostris
2103 1899 2168 1920 non
2193 1890 2344 1928 paruerit

1329 1944 1551 1982 beneplacitis
1571 1946 1600 1973 et
1617 1943 1798 1979 mandatis,
1815 1952 1921 1982 usque
1940 1943 1980 1972 ad
1996 1943 2060 1981 jam
2075 1943 2200 1973 dictum
2220 1943 2344 1973 festum

1329 1998 1368 2027 de
1385 1997 1591 2035 benignitate
1610 1996 1794 2034 apostolica
1816 1996 2072 2034 suspendentes,
2094 2005 2130 2026 ac
2155 1997 2346 2026 districtius

1330 2050 1518 2080 inhibentes
1535 2058 1574 2079 ne
1590 2049 1727 2087 aliquis,
1740 2049 1933 2086 hujusmodi
1953 2050 2059 2079 nostri
2077 2058 2256 2088 processus
2272 2058 2346 2088 pre·

1331 2105 1436 2139 textu,
1457 2103 1566 2141 ipsius
1582 2102 1747 2131 sinibaldi
1770 2104 1982 2139 personatus,
1997 2102 2180 2140 dignitates
2196 2105 2224 2133 et
2246 2102 2348 2132 bene-

1330 2156 1415 2191 ficia,
1439 2164 1513 2185 cum
1543 2163 1621 2184 cura
1651 2156 1683 2184 et·
1708 2155 1780 2184 sine
1805 2163 1896 2190 cura.
1928 2155 2063 2184 interim
2089 2155 2166 2185 aliis
2190 2155 2344 2186 conferre

1330 2209 1495 2247 personis,
1521 2208 1572 2237 vel
1594 2208 1633 2237 de
1657 2208 1731 2237 istis
1753 2208 1934 2246 quicquain
1952 2207 2042 2238 aliud
2064 2209 2244 2246 disponere
2262 2217 2346 2247 quo-

1329 2262 1496 2301 quomodo
1523 2263 1707 2299 presuinat.
1734 2263 1763 2290 et
1787 2261 2005 2290 decernentes
2030 2262 2164 2291 irritum
2186 2264 2215 2291 et
2242 2262 2340 2292 inane

1328 2315 1487 2354 quicquid
1526 2317 1640 2344 contra
1677 2314 1869 2352 lmJusnmdi
1916 2314 2151 2344 inhibitionem
2190 2318 2341 2345 nostram

1328 2368 1511 2406 apostoliea
1542 2368 1593 2397 vel
1620 2367 1740 2406 quavis
1768 2367 1834 2396 alia
1863 2367 2061 2397 auctoritate
2087 2367 2265 2406 contigerit
2296 2370 2344 2398 at-

1328 2421 1496 2460 temptari.
1515 2420 1653 2456 Quodsi
1674 2420 1824 2458 prefatus
1844 2419 2065 2459 Pandulphus
2081 2421 2340 2451 mansuetudine

1326 2474 1412 2504 dicte
1432 2474 1523 2504 sedis
1542 2473 1697 2508 abutens,
1718 2473 1807 2503 infra
1825 2473 2014 2512 predictum
2035 2473 2158 2503 festum
2182 2483 2200 2503 a
2226 2474 2339 2505 favore

1327 2527 1466 2565 predii-ti
1498 2526 1665 2556 Manfredi
1703 2534 1767 2555 non
1798 2526 1978 2560 destiterit,
2017 2534 2075 2555 nee
2109 2527 2338 2565 comparuerit

1326 2579 1550 2618 personaliter
1565 2587 1676 2608 coram
1690 2578 1799 2610 nohis,
1817 2578 1991 2616 pariturus
2004 2578 2131 2608 nostris
2149 2587 2251 2617 snper
2266 2588 2324 2618 pre

1325 2633 1440 2662 missis
1457 2632 1587 2671 precise
1612 2631 1792 2665 mandatis.
1818 2634 1847 2661 et
1867 2631 2042 2661 cautiones
2064 2631 2161 2661 nobis
2185 2632 2339 2671 ydoneas

1323 2695 1407 2725 quas
1419 2686 1459 2715 ab
1471 2695 1509 2715 eo
1522 2685 1748 2723 exegerimus,
1764 2685 1992 2722 impensurus.
2005 2685 2190 2723 apostolica
2203 2694 2336 2716 exnunc

1323 2739 1521 2769 anctoritate
1553 2738 1768 2767 decernimus
1804 2740 1870 2767 tam
1908 2737 2017 2775 ipsum
2055 2746 2155 2776 quam
2191 2739 2334 2769 eundem

1320 2792 1531 2823 Sinibaldum
1550 2800 1589 2820 ex
1610 2792 1687 2821 tunc
1706 2790 1890 2828 predictam
1909 2790 2110 2828 privationis
2130 2792 2334 2822 sententiani

1321 2845 1516 2875 incurrisse.
1542 2844 1635 2874 Nulli
1661 2852 1738 2881 ergo
1763 2845 1874 2873 nostre
1905 2843 2165 2881 prorogationis.
2193 2852 2332 2883 suspen-

1319 2898 1442 2933 sionis,
1478 2897 1708 2932 inhibitisniis,
1743 2896 1996 2926 constitutionis
2033 2898 2063 2926 et
2101 2896 2225 2927 decreti
2261 2900 2329 2928 etc.

1319 2952 1440 2982 Datum
1450 2951 1537 2989 apud
1548 2949 1835 2983 Urbemveterem,
1847 2959 1880 2978 ιιι
1894 2949 1969 2979 idus
1982 2950 2127 2988 augusti,
2137 2958 2224 2980 anno
2235 2951 2303 2981 1110.
2318 2962 2333 2979 ι)
