2547 3289
182 181 242 211 440

179 261 401 301 apostolicam
431 257 529 288 nobis
558 256 692 286 mittere
731 262 796 284 non
819 254 1036 292 postponant,
1067 252 1191 291 quibus

178 315 333 353 legitime
355 310 533 341 denunties
553 308 652 347 quod,
680 308 707 337 si
736 306 879 336 110011011
896 306 1048 342 fecerint,
1068 314 1194 344 nequa-

178 374 281 406 quam
301 365 341 395 ab
359 364 443 402 ipsis
461 371 524 401 que
543 361 706 395 dederint,
728 359 888 393 absoluti,
909 359 967 389 sed
983 358 1080 389 nobis
1094 361 1126 389 et
1143 367 1193 388 00-

178 419 281 450 010310
318 418 468 447 Romane
503 413 722 444 remanebunt
757 412 1000 442 nichilominus
1040 411 1192 451 obligati.

175 471 308 503 Deinde
323 478 399 499 vcro
417 467 584 498 cautelam
597 465 792 505 hujusmodi
804 465 949 504 singulis
963 465 1072 499 annis,
1089 465 1193 495 donec

176 525 244 554 ate
262 521 412 561 predicta
435 519 631 550 connnissio
659 519 815 548 revocata
836 518 950 551 fuerit,
974 518 1111 548 studeas
1139 517 1194 547 011-

177 584 326 607 servare.
342 574 507 604 stantem
520 573 618 611 plene
631 571 804 610 intelligas
817 580 878 601 nos
893 571 1033 601 eandem
1050 571 1193 601 formam

176 629 214 659 in
233 627 413 667 premissis
429 626 515 656 velle
535 625 676 662 servari,
697 625 873 663 presentes
899 625 1034 654 nostras
1062 624 1194 654 litteras

175 681 239 712 tibi
251 681 384 711 clausas
397 679 567 710 mittimus
582 687 666 717 quas
676 678 717 708 ad
733 678 925 708 futurorum
939 677 1139 707 memoriam
1154 676 1193 706 de

176 734 281 765 verbo
314 734 355 763 ad
378 732 519 763 verbum
543 733 659 762 nostro
683 732 833 770 regestro
860 730 1002 761 fecimus
1025 730 1191 761 annotari.

175 786 400 825 Diligentiam
421 786 534 824 itaque
562 793 662 823 super
682 783 862 823 premissis
885 792 920 814 ac
944 783 1193 822 prm'identiam

177 840 338 872 adhibere
357 847 528 878 procures,
556 838 645 877 quod
669 837 813 875 alicujus
835 837 1041 875 suspicionis
1065 837 1120 866 aut
1139 836 1194 866 de-

176 893 355 924 tractionis
368 892 509 922 materia
526 892 641 921 contra
657 892 689 921 te
702 899 862 929 processu
882 889 1046 928 temporis
1063 898 1129 919 non
1150 889 1193 918 in-

177 947 306 985 surgat,
339 954 446 984 neque
466 945 502 974 tu
522 944 560 974 de
579 944 693 982 aliqua
709 943 914 982 negligentia
934 943 987 972 vel
1009 943 1194 972 omissione

177 999 348 1038 redargui,
361 998 421 1028 sed
431 998 544 1037 potius
557 997 645 1036 apud
658 1005 718 1027 nos
728 997 768 1026 de
786 996 918 1026 sollerti
930 998 962 1026 et
978 995 1106 1026 efficaci
1121 996 1194 1025 dili-

176 1052 291 1092 gentia
300 1052 414 1082 valeas
424 1050 793 1081 commendari,Datum
804 1049 893 1087 apud
902 1048 1193 1084 Urbenweterem,

176 1115 237 1136 vni
258 1105 422 1136 kalendas
440 1103 588 1135 octobris
609 1102 811 1139 decembris,
834 1111 921 1132 anno
940 1102 1051 1133 tertio.
1075 1114 1090 1130 »

682 1300 807 1331 Orvieto,
823 1301 857 1327 23
873 1300 1026 1327 novembre
1044 1301 1119 1327 1263,

270 1305 344 1336 476

215 1387 437 1422 Archiepiscopo
453 1385 633 1412 Armachano
648 1387 675 1412 et
691 1384 824 1419 episcopo
839 1384 958 1412 Midensi
975 1385 1093 1411 mandat
1113 1386 1144 1411 ut
1159 1384 1193 1411 de

176 1438 350 1474 quibusdam
365 1436 551 1472 pecuniarum
566 1435 688 1463 summis
702 1437 730 1462 et
740 1434 805 1462 aliis
818 1434 947 1470 pluribus
960 1434 1041 1461 bonis
1055 1434 1193 1461 ecclesiae

176 1487 323 1514 Romanae
350 1486 454 1513 debitis
470 1488 497 1513 ct
513 1495 530 1512 a
547 1485 688 1520 magistro
709 1484 837 1510 Johanne
856 1484 892 1510 de
913 1483 1080 1514 Frusinone,
1100 1482 1192 1517 capel-

176 1535 245 1563 lano
261 1544 322 1567 suo,
338 1535 366 1562 in
381 1535 510 1569 partibus
529 1534 668 1561 chrniae
686 1532 825 1563 collectis,
846 1532 992 1567 inquirant
1006 1534 1033 1559 et
1053 1531 1190 1559 reserant.

178 1585 259 1621 (Rae.
277 1586 320 1616 27,
344 1583 392 1610 fol.
413 1584 458 1610 141
477 1589 514 1615 ν’),
529 1588 560 1609 11ο
574 1584 606 1615 23
626 1583 775 1609 Porriffls’r
796 1581 903 1615 18719.)

219 1702 234 1717 «
254 1688 364 1718 Eidem
381 1693 432 1718 et..
448 1687 586 1727 episcopo
604 1685 744 1716 Midensz'.
764 1685 816 1715 Ad
834 1693 932 1715 aures
942 1686 1077 1715 nostras
1093 1693 1193 1715 nove-

176 1742 228 1774 ris
253 1741 461 1781 pervenisse,
490 1741 575 1779 quod
595 1739 740 1770 dilectus
767 1739 859 1768 tilius
883 1738 1046 1777 magister
1069 1737 1193 1768 Johan-
1222 1747 1224 1769 1

176 1804 240 1826 1103
257 1796 296 1825 de
313 1794 514 1830 Frusinone,
534 1793 730 1831 capellanus
746 1793 872 1828 noster,
895 1792 988 1826 olim,
1007 1800 1083 1821 cum
1103 1792 1192 1821 esset

176 1849 319 1879 nuntius
338 1847 521 1886 apostolice
543 1846 634 1876 sedis
647 1846 681 1875 in
698 1845 853 1884 partibus
868 1844 1029 1879 Ybernie,
1041 1853 1107 1874 non
1125 1853 1193 1875 1110-

176 1902 288 1932 dicam
309 1901 449 1940 pecunie
469 1908 638 1930 summam
659 1900 691 1929 et
718 1899 785 1928 alia
807 1898 906 1937 plura
933 1897 1031 1934 bona,
1051 1897 1192 1928 ecclesie

175 1955 330 1986 Romane
349 1954 497 1990 nomine,
516 1961 575 1991 per
594 1961 630 1982 se
655 1961 691 1982 ac
715 1951 953 1990 subdelegatos
972 1959 1029 1981 seu
1054 1951 1192 1981 nuntios

177 2017 260 2039 suos
275 2008 398 2038 dicitur
416 2007 597 2046 recepisse,
619 2005 793 2036 nonnullis
816 2005 856 2035 de
873 2004 1028 2043 partibus
1046 2004 1117 2034 illis
1139 2004 1192 2034 ad-

176 2061 254 2098 huc,
268 2059 555 2099 nominedepositi
572 2058 900 2089 velcomendationis
920 2066 980 2096 pro
998 2058 1093 2096 parte
1111 2057 1191 2087 dicti

177 2114 355 2153 capellani,
376 2112 606 2144 detinentibus
625 2112 664 2142 de
678 2111 821 2150 pecunia
836 2112 867 2141 et
882 2110 981 2141 bonis
997 2110 1191 2149 hujusmodi

175 2168 290 2198 varias
312 2167 495 2206 portiones.
513 2166 599 2201 Quia
626 2174 705 2195 vero
730 2165 926 2203 ignoramus
949 2164 977 2193 si
997 2163 1192 2202 capellanus

174 2220 250 2260 ipse
290 2220 329 2250 de
359 2218 554 2258 hujusmodi
582 2218 725 2257 pecunia
756 2218 786 2247 et
820 2216 918 2247 bonis
946 2217 1092 2255 receptis
1122 2216 1191 2255 ple-

175 2274 307 2304 nariam
327 2272 474 2303 reddidit
490 2272 668 2308 rationem,
691 2270 896 2301 fraternitati
913 2271 1036 2307 vestre,
1056 2269 1095 2299 de
1114 2278 1192 2308 quo-

173 2335 251 2357 rum
270 2325 437 2356 industria
467 2324 623 2355 fiduciam
639 2323 821 2363 specialem
841 2323 1003 2362 gerimus,
1022 2331 1080 2361 per
1098 2331 1191 2361 apos-

172 2379 277 2410 tolica
294 2379 421 2417 scripta
435 2378 578 2408 firmiter
592 2377 810 2416 precipiendo
821 2376 1021 2406 mandamus
1031 2376 1191 2415 quatinus
1221 2386 1222 2392 ¹

172 2441 277 2472 super
293 2432 474 2471 premissis
487 2439 615 2470 1101-1103
631 2439 668 2460 ac
687 2430 774 2460 alios
790 2430 836 2460 ita
852 2429 1034 2468 inquiratis
1049 2429 1191 2468 diligen-

172 2487 224 2517 ter
241 2487 273 2516 et
290 2485 435 2515 sollicite
457 2485 647 2520 veritatem,
671 2483 760 2522 quod
789 2491 959 2513 summam
988 2483 1094 2512 totius
1116 2491 1190 2521 pre-

171 2537 262 2568 dicte
290 2537 432 2576 pecunie
457 2536 509 2567 vcl
541 2544 819 2575 quorumcunque
846 2535 993 2565 aliorum
1023 2534 1189 2565 bonorum

174 2599 240 2630 que
261 2590 346 2629 ipse,
370 2589 506 2620 nomine
524 2588 665 2619 ecclesie
683 2589 834 2619 Romane
853 2588 906 2618 vel
925 2587 998 2627 ejus
1014 2588 1189 2618 occasione

171 2652 234 2674 Seu
248 2644 406 2682 pretextu
420 2641 675 2672 commissionis
691 2641 875 2680 apostolice
893 2640 956 2670 sibi
970 2640 1066 2677 facte,
1080 2649 1140 2679 per
1153 2650 1189 2671 30

171 2697 230 2726 aut
246 2696 332 2726 alios
351 2696 385 2725 in
402 2695 556 2734 partibus
574 2695 699 2733 recepit
716 2694 857 2730 elsdem,
871 2695 904 2724 et
918 2702 937 2724 a
950 2692 1074 2732 quibus
1091 2693 1189 2723 nobis

169 2749 319 2779 fideliter
338 2749 369 2779 ct
386 2749 459 2779 31110
478 2748 701 2778 diminutione
730 2747 887 2777 intimare
915 2746 1066 2785 possitis.
1095 2747 1188 2777 Cete-

170 2810 246 2832 rum
262 2803 374 2833 onmia
390 2803 449 2833 illa
464 2811 527 2841 que
541 2802 580 2832 de
595 2801 738 2841 pecunia
750 2802 782 2831 et
796 2800 894 2831 bonis
909 2799 1070 2839 predictis
1084 2808 1187 2839 penes

169 2863 403 2895 quoscumque
425 2864 484 2894 per
506 2855 719 2894 capellanum
744 2854 858 2894 ipsum
882 2853 1022 2893 ejusque
1049 2853 1187 2884 nuntios

993 170 1213 202 nnels'rssn
1236 162 1449 201 CAMERAL

1254 252 1409 290 deposita
1426 251 1479 281 vel
1496 251 1645 290 quolibet
1665 252 1764 283 modo
1788 254 2022 285 commendata
2044 264 2103 285 3011
2129 256 2272 286 collecta

1254 307 1285 335 et
1303 305 1437 335 detenta
1457 305 1666 341 inveneritis,
1684 305 1792 340 vobis,
1813 306 1865 336 cui
1888 315 1926 337 ea
1942 308 2091 346 petendi,
2110 309 2268 347 exigendi

1222 364 1223 368 ¹
1256 359 1286 388 et
1305 358 1502 396 recipiendi,
1514 359 1630 388 nostro
1647 359 1678 388 et
1691 358 1833 389 ecclesie
1845 360 1996 390 Romane
2009 362 2156 395 nomine,
2171 370 2208 391 ac
2224 362 2271 391 fa-

1254 411 1363 441 ciendi
1392 411 1524 442 litteras
1554 411 1779 442 absolutionis
1803 413 1874 442 illis
1901 413 1959 452 qui
1977 414 2147 452 premissa
2173 414 2270 445 vobis

1255 464 1420 500 dederint,
1440 465 1576 503 plenam
1593 465 1793 495 auctoritate
1817 466 2030 504 presentium
2051 468 2271 498 com-edimus

1255 516 1462 554 facultatem,
1482 518 1611 557 integre
1638 517 1772 548 faciatis
1791 518 1972 558 assignari,
1992 520 2269 557 contradictores,

1223 592 1224 597 ,
1254 570 1462 608 pontificalis
1499 571 1552 601 vel
1580 571 1810 610 cujuscunque
1836 572 1978 602 alterius
2004 572 2181 611 dignitatis
2211 581 2271 603 seu

1255 623 1386 653 ordinis
1404 625 1461 654 aut
1479 624 1667 663 religionis,
1695 625 1831 655 etiamsi
1857 624 2107 661 Cisterciensis,
2135 626 2271 656 Clunia-

1255 676 1378 713 censis‚
1395 676 1772 708 Premonstratensisac
1786 678 1964 708 domorum
1983 678 2106 708 Militie
2124 679 2270 717 Templi,

1254 729 1447 768 Hospitalis
1462 730 1731 761 Jerosolimitani
1754 732 1785 761 et
1812 733 1926 761 sancte
1949 731 2056 761 Marie
2089 732 2272 762 Theutoni-

1255 791 1371 812 corum
1387 783 1547 820 existant,
1563 792 1622 822 per
1634 792 1813 814 censuram
1828 785 2106 820 ecclesiasticam,
2124 785 2273 824 appella-

1223 856 1225 867 ,
1255 836 1346 866 tione
1359 836 1562 874 postposita,
1583 837 1839 876 compescendo,
1855 846 1920 867 non
1932 837 2086 868 obstante
2102 839 2130 867 si
2149 838 2273 877 aliqui-

1223 896 1224 901 *
1255 889 1320 919 11113
1337 898 1355 919 a
1386 889 1465 919 sede
1493 890 1537 919 sit
1556 890 1725 920 indultum
1744 891 1905 929 predicta,
1926 891 2014 930 quod
2039 891 2202 929 suspendi
2217 891 2271 921 vel

1256 943 1413 972 interdici
1443 943 1499 972 aut
1521 943 1773 974 excomunicari
1798 952 1858 975 seu
1888 946 1983 974 extra
2004 945 2056 975 vel
2076 945 2163 974 ultra
2181 946 2272 975 certa

1255 996 1329 1026 loca
1347 996 1520 1026 conveniri
1541 1005 1607 1027 non
1627 997 1773 1035 possint,
1794 998 1866 1028 sive
1883 997 2142 1037 quibuscunque
2162 998 2271 1028 indul-

1255 1049 1380 1088 gentiis
1400 1049 1452 1079 vel
1475 1049 1668 1089 privilegiis
1687 1050 1778 1080 sedis
1797 1051 1961 1089 ejtisdem,
1975 1060 2035 1089 per
2053 1060 2116 1090 que
2133 1052 2272 1082 effectus

1255 1102 1467 1140 presentium
1486 1102 1646 1141 impediri
1668 1103 1779 1133 valeat
1795 1103 1849 1133 vel
1866 1103 2007 1139 differri,
2024 1106 2056 1134 et
2077 1105 2116 1134 de
2134 1114 2200 1143 qua
2219 1113 2273 1134 cu-

1251 1154 1376 1193 jusque
1392 1156 1462 1185 toto
1490 1157 1606 1186 tenore
1624 1156 1663 1186 de
1690 1155 1794 1186 verbo
1823 1156 1864 1186 ad
1892 1156 2033 1186 verbum
2053 1159 2207 1195 oporteat
2238 1159 2271 1188 in

1255 1208 1384 1238 nostris
1403 1208 1528 1239 litteris
1555 1209 1739 1247 specialem
1763 1210 1794 1239 et
1813 1218 2011 1248 expressam
2037 1210 2110 1240 fieri
2129 1211 2270 1241 mentio-

1222 1260 1224 1291 }
1254 1269 1344 1297 nem,
1375 1262 1407 1291 et
1435 1261 1694 1300 quibuscunque
1725 1262 1850 1293 litteris
1873 1262 2024 1301 predicte
2055 1263 2146 1293 sedis
2169 1272 2272 1302 super

1255 1314 1432 1353 exigendis
1462 1316 1492 1345 et
1512 1315 1718 1353 recipiendis
1748 1315 1875 1346 eisdem
1892 1315 2017 1346 debitis
2039 1316 2097 1345 alii
2119 1316 2172 1346 vel
2192 1317 2272 1347 aliis

1255 1367 1434 1397 destinatis
1451 1376 1509 1398 seu
1524 1368 1740 1398 concessione
1757 1378 1774 1398 a
1792 1368 1890 1399 nobis
1905 1369 1957 1399 vel
1973 1369 2273 1407 predecessoribus

1223 1424 1225 1434 ’
1255 1421 1381 1450 nostris
1402 1421 1441 1450 de
1461 1421 1585 1451 debitis
1607 1421 1694 1460 ipsis
1719 1421 1807 1452 facta
1825 1421 2084 1461 quibuscunque
2100 1423 2270 1461 personis,

1254 1475 1285 1504 et
1303 1474 1544 1504 constitutione
1561 1475 1601 1504 de
1619 1474 1751 1505 duabus
1772 1475 1874 1506 dietis
1891 1475 1980 1505 edita
1997 1476 2032 1505 in
2057 1476 2201 1506 concilio
2217 1483 2271 1515 ge-

1254 1527 1372 1557 nerali.
1397 1527 1565 1557 Volumus
1594 1530 1705 1558 autem
1730 1529 1765 1558 ut
1789 1536 2000 1567 quecumque
2025 1538 2067 1558 ex
2088 1529 2271 1568 premissis

1254 1580 1403 1618 recipere
1423 1589 1484 1610 vos
1502 1580 1686 1620 contingat,
1706 1581 1765 1611 illa
1785 1580 1848 1611 sub
1872 1581 2096 1612 testimonio..
2117 1582 2270 1621 episcopi

1254 1642 1316 1663 ac..
1335 1633 1462 1672 prioris
1478 1634 1734 1665 Predicatorum
1750 1635 1807 1665 et..
1820 1635 1998 1673 guardiani
2016 1635 2188 1665 Minorum
2205 1635 2270 1666 fra-

1254 1687 1344 1716 trum
1363 1686 1458 1716 illius
1475 1687 1541 1717 1001
1557 1687 1668 1726 inquo
1686 1689 1764 1717 111110
1779 1686 1926 1724 fueritis,
1938 1688 1989 1717 vel
2006 1688 2110 1717 trium
2124 1687 2270 1718 aliorum

1253 1738 1500 1778 fidedignarum
1525 1742 1556 1770 et
1573 1740 1816 1779 sollempnium
1836 1749 2056 1779 personarum
2080 1741 2268 1780 recipiatis.

1255 1793 1284 1822 et
1303 1793 1458 1831 patentes
1482 1793 1627 1829 litteras,
1647 1802 1711 1832 que
1741 1794 1772 1823 et
1800 1795 1938 1832 quanta,
1968 1793 2026 1823 ubi
2044 1795 2075 1824 et
2093 1802 2111 1824 a
2130 1793 2268 1833 quibus,

1255 1846 1388 1884 quando
1409 1847 1441 1876 et
1459 1855 1562 1885 qnare
1581 1847 1654 1885 ipsa
1669 1847 1877 1886 receperitis,
1894 1847 2117 1883 continentes,
2136 1847 2270 1878 faciatis

1222 1901 1224 1907 ¹
1254 1898 1340 1935 fieri,
1361 1908 1397 1929 ac
1410 1901 1523 1929 vestro
1541 1901 1572 1930 et
1591 1899 1729 1929 illorum
1746 1899 1861 1936 trium,
1874 1899 1936 1929 sub
1955 1909 2099 1939 quorum
2117 1901 2269 1931 testimo·
2292 1916 2295 1918 ·

1254 1951 1309 1981 nio
1327 1951 1386 1982 hec
1403 1952 1586 1990 recipietis,
1605 1952 1730 1991 sigillis
1746 1953 1885 1987 muniri,
1904 1962 1989 1991 quas
2016 1953 2087 1983 illis
2110 1962 2127 1983 a
2144 1953 2270 1992 quibus

1253 2005 1423 2043 premissa
1451 2005 1632 2043 recipietis,
1662 2006 1856 2042 concedere,
1882 2014 2093 2045 quarumque
2121 2006 2267 2044 similes,

1254 2057 1382 2087 eisdem
1392 2058 1516 2097 sigillis
1527 2058 1689 2097 signatas,
1699 2058 1797 2088 1101113
1807 2059 2003 2097 quantotius
2016 2059 2270 2090 mitteretenea-

1254 2110 1349 2140 mini.
1373 2111 1447 2141 Illis
1462 2119 1540 2141 vero
1557 2121 1575 2140 a
1591 2111 1715 2150 quibus
1733 2111 1883 2150 predicta
1901 2112 2083 2151 exegeritis
2102 2112 2155 2142 vel
2174 2112 2266 2151 exigi

1254 2162 1398 2199 faciatis,
1426 2164 1605 2202 antequam
1627 2163 1822 2202 hujusmodi
1840 2164 1972 2194 litteras
1992 2165 2041 2194 eis
2059 2164 2265 2201 com-edatis,

1254 2225 1292 2246 ea
1309 2215 1406 2246 vobis
1437 2217 1612 2255 assignare
1630 2216 1795 2256 vobisque
1820 2217 1893 2255 ipsa
1910 2217 1950 2247 ab
1974 2217 2023 2247 eis
2042 2217 2192 2256 recipere
2209 2216 2265 2247 fir-

1254 2269 1740 2309 miterinhibemus.Quicquid
1750 2272 1861 2301 autem
1877 2278 1978 2309 super
1989 2271 2167 2309 premissis
2184 2270 2269 2301 fece-

1253 2323 1327 2353 ritis
1351 2325 1381 2354 et
1409 2323 1620 2360 inveneritis,
1650 2332 1779 2354 necnon
1810 2323 2034 2363 quantitatem
2064 2323 2204 2362 pecunie
2231 2332 2270 2354 ac

1252 2376 1417 2407 bonorum
1437 2377 1588 2415 ipsorum
1613 2386 1631 2407 a
1651 2377 1829 2416 capellano
1845 2377 1998 2415 predicto
2015 2377 2067 2407 vel
2096 2377 2186 2411 aliis,
2200 2385 2263 2416 pro

1252 2430 1324 2469 ejus
1341 2432 1449 2468 parte,
1467 2431 1621 2468 pretextu
1643 2430 1730 2460 dicte
1747 2430 2001 2460 commissionis
2025 2438 2096 2465 3110,
2119 2430 2267 2468 recepto·

1252 2492 1339 2519 rum,
1359 2483 1458 2513 sedet
1476 2483 1709 2522 depositorum
1727 2483 1829 2513 etiam
1839 2482 1891 2513 vel
1906 2482 2161 2522 quomodolibet
2177 2490 2265 2513 com-

1252 2536 1500 2573 mendatorum,
1519 2544 1582 2575 que
1603 2536 1686 2566 sorte
1710 2536 1834 2567 habere
1851 2545 1916 2567 non
1934 2537 2094 2575 possetis,
2113 2537 2144 2566 et
2162 2543 2266 2574 penes

1251 2598 1337 2629 quos
1355 2590 1430 2628 ipsa
1446 2591 1478 2619 et
1496 2589 1552 2619 ubi
1568 2591 1599 2619 et
1615 2590 1761 2629 qualiter
1782 2589 1899 2620 haberi
1915 2592 2102 2621 noscuntur
2119 2591 2149 2620 et
2175 2597 2268 2620 sum·

1250 2651 1340 2673 mam
1354 2651 1483 2677 corum,
1502 2651 1566 2681 qne
1581 2643 1765 2681 recipietis,
1783 2643 1928 2674 fideliter
1942 2644 1974 2674 et
1990 2643 2149 2674 distincte
2164 2641 2264 2672 nobis

1220 2700 1221 2703 ’
1250 2703 1309 2733 1101
1326 2694 1412 2724 alias
1425 2695 1556 2724 vestras
1573 2694 1716 2730 litteras,
1738 2696 1850 2725 vestro
1867 2696 1898 2725 et
1918 2694 2064 2725 aliorum
2078 2693 2264 2732 fidedigno·

1250 2756 1326 2778 rum
1354 2747 1479 2786 sigillis
1498 2747 1660 2787 signatas,
1681 2756 1849 2786 exponere
1868 2747 2064 2778 nullatenus
2082 2746 2260 2777 omittetis.

1249 2801 1376 2831 Datum
1402 2800 1492 2839 apud
1517 2800 1808 2837 Urbemveterem,
1831 2810 1849 2830 x
1874 2800 2038 2831 kalendas
2059 2798 2262 2835 decembris,

1251 2861 1338 2884 anno
1357 2853 1470 2884 tertio.
1490 2864 1504 2883 11
