2547 3289
1079 210 1314 248 DEUXIEME
1337 209 1503 247 ANNEE.

249 299 391 329 ecclesia
406 308 465 338 per
483 299 625 330 alterum
642 300 817 331 dumtaxat
831 301 1060 339 predictorum
1080 302 1260 335 rectorum,

247 361 347 391 quem
366 353 407 382 ad
424 353 483 383 hoc
501 354 608 392 magis
630 354 798 392 ydoneum
818 363 893 384 esse
919 354 1130 392 cognoveris,
1154 364 1191 383 ac
1209 362 1260 389 eo,

247 406 385 436 cedente
405 406 457 436 vel
473 407 664 441 decedente,
684 416 744 445 per
763 416 865 437 unmn
884 407 995 437 solum
1008 409 1172 437 rectorem
1188 415 1262 445 per-

247 460 359 498 petuis
378 460 503 490 suturis
521 460 733 498 temporibus
752 460 969 499 gubernetur.
989 461 1262 490 Contradictores

249 514 310 543 etc.
332 513 407 543 Non
432 513 586 543 obstante
610 513 639 543 si
658 532 707 543 —.
726 513 868 543 Proviso
891 514 978 552 quod
999 522 1058 552 per
1081 513 1140 543 1100
1160 513 1262 543 nichil

249 566 288 596 de
306 566 415 604 ipsius
435 567 576 597 ecclesie
597 566 788 597 redditibus
815 567 998 596 minuatur.
1027 567 1152 596 Datum
1174 567 1262 604 apud

249 618 538 654 Urbemveterem,
554 628 577 649 v
597 619 674 649 idus
687 619 779 657 julli,
798 628 884 649 anno
899 619 1056 649 secundo.
1078 630 1092 647 υ

340 788 412 819 367

848 785 972 815 Orvicto,
988 786 1018 812 12
1034 784 1096 820 juin
1114 786 1189 812 1203.

284 870 508 904 Archiepiscopo
520 869 697 896 Nur1mneusi
715 869 952 904 mandatjudicio
969 870 1012 895 vel
1033 870 1186 895 concordia
1206 871 1262 895 ter-

250 919 341 946 minet
365 919 431 945 litcs
452 919 526 945 inter
550 918 800 953 archiepiscopum
829 918 1074 944 'rm-raconcnsmn
1107 920 1134 944 ct
1165 926 1262 952 regem

248 969 414 1003 Aragonuin
432 970 555 994 exortas.
571 969 651 1003 111110.
667 970 711 998 zo,
726 967 792 994 anui
809 967 846 1000 11,
863 971 894 993 u⁰
907 969 969 999 2211,
986 967 1036 994 fol.
1054 968 1102 994 123
1121 973 1162 999 ν’)
1177 968 1196 994 ¹.

290 1076 304 1091 «
331 1087 335 1092 .
350 1086 356 1092 .
379 1062 611 1102 archiepiscopo
626 1061 830 1091 Narbonensi.
849 1062 945 1092 Circa
962 1061 1170 1091 dirimendas
1186 1061 1264 1091 lites

251 1134 300 1145 —.
315 1116 554 1146 Intelleximus
569 1115 739 1154 siquidem
754 1115 843 1154 quod
854 1114 1060 1145 venerabilis
1075 1115 1177 1145 frater
1190 1123 1266 1144 nos-

251 1171 303 1200 ter
322 1192 342 1199 ..
359 1169 634 1208 archiepiscopus
651 1170 683 1199 et
701 1168 843 1199 ecclesia
864 1169 1134 1199 Terraconenses
1152 1168 1266 1198 adver-

253 1231 312 1252 sus
329 1222 546 1252 carissimum
562 1222 596 1252 in
611 1222 745 1252 Christo
759 1222 868 1252 filium
883 1223 1036 1251 nostrum
1055 1247 1074 1252 ..
1096 1222 1264 1252 illustrem

254 1284 367 1315 regem
387 1276 594 1315 Aragonum,
615 1285 651 1306 ac
668 1276 757 1306 idem
777 1284 848 1311 rex,
869 1277 905 1305 ut
923 1275 1057 1310 dicitur,
1078 1276 1242 1306 adversus
1256 1275 1266 1292 2

250 1330 344 1368 ipsos
367 1329 660 1368 archiepiscopum
685 1332 717 1359 et
746 1329 924 1359 ecclesiam
950 1328 1104 1359 diversas
1132 1337 1266 1359 movere

250 1383 429 1413 intendunt
447 1391 548 1421 super
570 1383 717 1412 diversis
735 1382 890 1413 articulis
908 1383 1114 1421 questiones.
1134 1383 1185 1413 Ne
1208 1382 1268 1421 igi-

250 1438 305 1466 tur
332 1436 527 1475 questiones
555 1435 749 1474 hujusmodi
775 1444 888 1466 coram
912 1435 1059 1465 diversis
1081 1435 1265 1474 judicibus,

252 1489 286 1519 in
297 1490 515 1528 dispendium
526 1490 676 1528 partium
689 1491 720 1520 et
732 1489 991 1520 subversionem
1005 1489 1151 1527 justitie,
1161 1489 1268 1519 venti-

252 1543 315 1573 lari
335 1543 506 1582 contingat
525 1545 556 1573 et
573 1543 660 1573 inter
675 1543 768 1581 ipsos
786 1552 898 1581 regem
913 1544 946 1573 et
962 1543 1266 1581 archiepiscopum,

253 1596 642 1635 occasionehujusmodi,
654 1596 807 1626 caritatis
817 1596 986 1635 glutinum
996 1596 1128 1632 violari,
1140 1598 1171 1626 te
1182 1596 1268 1634 ipsis

253 1658 295 1680 ex
312 1650 422 1680 officio
439 1651 553 1680 nostro
573 1659 785 1680 communem
809 1650 959 1688 judicem
985 1650 1147 1680 duximus
1168 1650 1269 1688 depu-

250 1704 402 1739 tandum,
415 1703 618 1733 fraternitati
628 1705 685 1734 tue
697 1712 756 1742 per
769 1703 955 1742 apostolica
967 1703 1095 1742 scripta
1108 1703 1269 1733 mandan-

251 1758 303 1786 tes
321 1758 500 1795 quatenus,
521 1757 650 1787 eisdem
676 1756 830 1795 partibus
848 1757 1053 1793 convocatisy
1070 1757 1267 1795 questiones

252 1810 345 1848 ipsas
361 1810 500 1848 judicio,
518 1810 583 1846 vel,
602 1812 629 1840 si
644 1810 683 1840 de
697 1810 846 1848 partium
861 1810 1034 1840 voluntate
1050 1810 1266 1849 processerit,

252 1864 430 1893 concordia
442 1863 625 1894 terminare
638 1872 811 1902 procures,
825 1863 951 1893 faciens
963 1863 1051 1903 quod
1064 1863 1267 1899 decreveris,

253 1916 452 1946 auctoritate
478 1918 596 1946 nostra
619 1916 763 1946 sirmIter
787 1915 972 1946 observari.
1002 1917 1123 1947 Testes
1155 1908 1268 1946 autem

252 1970 315 1999 etc.
333 1969 409 2000 Non
427 1968 581 2000 obstante
599 1969 628 1999 si
646 1986 695 1999 —.
721 1970 846 2000 Datum
865 1970 954 2008 apud
975 1969 1267 2006 Urbemveterem,

233 2032 276 2052 -11
295 2022 373 2052 idus
385 2022 485 2061 junii,
505 2031 593 2052 anno
612 2023 771 2053 secundo.
789 2032 804 2052 »

344 2193 418 2224 368

839 2192 964 2224 Orvieto,
981 2192 1014 2219 24
1028 2191 1099 2218 avril
1118 2193 1197 2219 1263.

288 2271 403 2298 Mandat
421 2271 590 2298 solemniter
616 2271 777 2306 inquiratur
795 2272 828 2298 de
849 2271 961 2307 juribus
987 2271 1127 2299 ecclcsiae
1143 2275 1171 2299 et
1192 2272 1269 2299 Petri

253 2321 287 2347 dc
304 2320 374 2347 Vico
397 2321 425 2347 in
450 2320 552 2348 castris
579 2321 681 2348 Blcdae
700 2323 728 2348 ct
748 2320 1018 2348 Civitatis-Veteris.
1041 2321 1118 2356 (Risu.
1140 2321 1269 2353 2ϋ,111]1]1

256 2369 291 2403 11,
305 2370 366 2402 230,
383 2369 430 2396 t'ol.
446 2370 494 2397 123
506 2374 558 2404 v0.)

295 2478 310 2497 «
330 2467 379 2497 Ad
390 2468 529 2506 futuram
553 2468 597 2497 rei
615 2468 801 2498 memoriam.
821 2468 937 2507 Nuper
956 2467 1062 2498 nobili
1080 2469 1152 2499 viro
1169 2469 1269 2499 Petro

255 2522 294 2551 de
319 2521 401 2551 Vico
422 2530 481 2559 per
498 2523 632 2551 nostras
658 2521 816 2551 dedimus
834 2521 966 2552 litteras
988 2522 1022 2551 in
1039 2522 1208 2552 mandatis
1233 2523 1270 2552 ut

254 2576 365 2604 castra
382 2574 483 2604 Blede
502 2576 534 2604 et
552 2574 863 2604 Civitatis-Veteris
882 2583 919 2604 ac
936 2576 1048 2605 cetera
1064 2574 1154 2605 bona
1167 2583 1269 2614 quon-

255 2627 333 2657 dam
352 2627 456 2661 Petri,
475 2627 617 2666 prefecti
635 2626 749 2660 Urbis,
767 2635 831 2666 que
850 2627 891 2657 ad
906 2627 962 2666 jus
979 2629 1011 2658 et
1025 2628 1269 2666 proprietatem

255 2681 397 2711 ecclesie
414 2681 565 2710 Romane
581 2679 751 2719 pertinere
767 2682 951 2710 noscuntur
970 2682 1002 2710 et
1022 2689 1086 2719 que
1102 2681 1193 2711 idem
1213 2690 1269 2712 no-

254 2733 347 2771 bilis,
366 2736 441 2772 post
460 2735 604 2764 mortem
619 2733 731 2771 ipsius
746 2732 900 2771 prefecti,
916 2733 1065 2763 indebite
1080 2735 1268 2773 occupavit,

289 2827 310 2851 1.
327 2826 369 2851 On
385 2825 417 2849 Iit
429 2825 501 2849 dans
521 2824 550 2849 la
566 2831 664 2855 marge
680 2824 718 2848 du
727 2824 859 2855 Registre
871 2831 876 2850 2
889 2824 925 2848 De
941 2825 1049 2849 consilio
1063 2825 1183 2849 domini..
1203 2826 1269 2857 epis—

257 2866 314 2898 copi
326 2866 485 2892 Sabinensis,
502 2865 623 2890 transivit
638 2864 684 2889 hec
698 2864 787 2889 littera
799 2865 856 2889 sine
872 2865 1020 2890 audientia.

287 2906 310 2932 2.
329 2906 382 2931 Ces
395 2905 468 2929 deux
486 2905 615 2929 derniers
632 2907 704 2929 mots
721 2906 784 2929 sont
796 2904 899 2929 reci-its
915 2911 966 2929 sur
978 2911 1016 2928 un
1033 2906 1174 2935 grattage.

384 2963 523 2991 Unam«
546 2963 598 2994 IV,
619 2965 640 2990 t.
662 2963 700 2994 ΙΙ,
723 2963 788 2997 R09-
811 2962 873 2990 ord.

2280 220 2337 248 «¹77

1326 300 1423 329 nobis
1440 302 1471 329 et
1492 302 1608 329 nuntio
1629 301 1754 330 nostro.
1781 300 1868 329 infra
1887 302 1959 329 octo
1983 300 2055 329 dies
2082 304 2152 337 11051
2179 303 2337 339 1110111111.)-

1326 362 1401 383 110111
1418 353 1606 383 litterarum
1625 354 1786 391 ipsarum,
1801 353 1933 383 tradere
1949 355 1978 382 ct
1995 353 2168 389 ass-immin·
2188 357 2334 389 curare&

1326 406 1487 445 alioquin,
1513 406 1599 435 infra
1620 406 1811 444 quindecim
1835 406 1907 435 dies
1932 407 2066 436 cosdem
2092 410 2164 435 orto
2184 408 2336 445 proximo

1325 459 1571 498 subsequentes
1589 462 1797 498 compareret
1814 468 1873 498 per
1894 468 1929 489 se
1946 460 1996 489 vel
2014 469 2072 498 per
2085 461 2336 497 pr<›cursitorem

1327 513 1496 550 ydoneum
1520 513 1746 551 peremptorie
1771 521 1880 542 coram
1905 512 2012 547 1101115,
2035 515 2236 542 ostensurus
2261 512 2337 549 jura

1325 574 1388 603 que
1407 566 1439 595 in
1457 567 1577 595 castris
1599 566 1742 595 011101115-
1760 565 1928 596 obtinebat
1949 566 2119 595 01511011101
2139 567 2336 603 recc‘qitnrus

1325 618 1509 656 superbiis
1532 620 1619 657 quod
1636 619 1766 657 justitia
1784 619 1952 649 suaderet.
1975 619 2099 649 Eodem
2118 619 2220 657 igitur
2238 619 2336 648 I'etro

1324 674 1434 701 castra
1463 674 1493 701 et
1514 672 1601 701 bona
1620 673 1693 710 ipsa
1726 671 1823 701 nobis
1856 672 1909 701 vel
1935 672 2023 702 dicto
2052 672 2170 702 nuntio
2202 672 2336 701 tradere

1324 733 1389 753 non
1408 727 1556 755 curante.
1578 725 1866 762 Bonusjolumnes.
1890 725 2070 754 familiaris
2089 727 2116 755 ct
2138 727 2337 763 procurator

1325 786 1419 812 suus,
1435 778 1467 806 in
1480 778 1625 807 termino
1637 780 1762 807 statuto
1776 778 1806 807 in
1818 779 1986 816 presentia
1997 780 2110 807 nostra
2125 786 2336 816 voiiipareiis,

1326 830 1413 859 iliter
1432 830 1497 859 alia
1522 831 1695 869 proposuit
1719 840 1830 860 coralli
1859 831 1955 860 nobis
1979 832 2078 869 11111111,
2108 841 2182 860 i'lllll
2215 831 2338 860 nobilis

1325 884 1397 921 ipse
1430 883 1514 912 civis
1533 885 1623 912 essct
1653 884 1838 918 110110111115,
1860 893 1923 913 11011
1945 884 2120 913 ten->batur
2152 893 2252 922 super
2271 884 2336 913 biis

1324 936 1414 974 apud
1434 936 1549 965 sedem
1569 937 1790 974 apostolicam
1814 937 1959 974 litigare.
1981 938 2118 966 Rerum.
2138 947 2212 966 vum
2233 937 2338 966 alium

1325 997 1428 1027 super
1458 989 1526 1018 hiis
1556 989 1740 1019 terminum
1765 990 2074 1028 assignavissemus
2110 990 2339 1027 ltoiiojohanui

1325 1043 1488 1081 predicto,
1510 1043 1583 1080 ipse
1606 1044 1685 1072 tunc
1714 1044 1743 1072 et
1771 1043 1987 1080 postmmlum
2016 1043 2117 1072 ctiam
2143 1044 2340 1081 expectatus

1326 1096 1455 1125 diutius
1484 1098 1514 1126 et
1545 1096 1578 1125 in
1611 1096 1782 1125 audientia
1808 1096 1941 1134 publica
1963 1096 2085 1125 citatusv
2110 1096 2250 1134 pluries.
2276 1105 2341 1125 non

1326 1149 1515 1188 comparuit
1534 1157 1645 1178 coram
1666 1149 1774 1179 nobis.
1803 1150 1919 1184 Porro,
1942 1158 1981 1178 ne
2004 1158 2062 1187 per
2079 1149 2191 1187 aliqua
2213 1149 2343 1178 summ·-

1327 1203 1419 1241 fugia
1435 1211 1536 1240 super
1565 1202 1745 1240 premissis
1772 1205 1886 1241 posset
1905 1202 2030 1232 veritas
2056 1203 2272 1240 aliquatenus
2291 1212 2342 1232 oc·

1328 1257 1459 1293 cult-ari,
1482 1256 1741 1294 interloquendo
1754 1256 1977 1292 decrevimus,
1996 1256 2084 1294 quod
2099 1256 2186 1285 idem
2205 1255 2341 1292 nobilis,

1327 1311 1388 1340 hoc
1405 1319 1471 1340 11011
1493 1309 1660 1345 obstante,
1681 1318 1783 1348 super
1807 1309 1874 1339 hiis
1901 1310 1933 1339 in
1957 1312 2071 1339 nostra
2100 1309 2239 1339 debebat
2270 1318 2343 1348 pre-

1329 1364 1438 1394 sentia
1460 1364 1550 1393 stare
1565 1363 1645 1402 juri,
1673 1363 1829 1401 quodque
1850 1371 1950 1401 super
1969 1363 2089 1392 castris
2113 1365 2140 1392 et
2162 1362 2259 1392 bonis
2281 1362 2346 1392 eis—

1329 1418 1405 1447 dem
1435 1417 1695 1447 admitterentur
1722 1416 1940 1454 probationes
1967 1416 2108 1446 ecclesie
2138 1416 2342 1454 supradicte.

1328 1470 1578 1501 Nichilominus
1596 1471 1721 1505 autem,
1739 1469 1781 1499 ad
1794 1469 1903 1508 ipsius
1920 1468 2046 1499 nobilis
2064 1469 2229 1498 malitiam
2248 1477 2345 1507 supe-

1329 1524 1481 1559 randam,
1507 1523 1652 1553 eundem
1682 1531 1741 1560 per
1772 1522 1904 1552 litteras
1938 1525 2072 1552 nostras
2103 1522 2223 1552 iterato
2248 1523 2344 1552 citari

1329 1577 1567 1607 mandavimus
1586 1578 1621 1606 ut
1645 1578 1735 1606 certo
1753 1576 1806 1606 die
1824 1576 2060 1614 personaliter,
2085 1576 2113 1605 si
2130 1576 2243 1606 vellet.
2265 1576 2345 1606 alio-

1329 1630 1411 1669 quin
1429 1639 1488 1668 per
1509 1630 1678 1668 ydoneum
1695 1631 1961 1667 procuratorem,
1982 1629 2191 1658 sufficienter
2205 1629 2345 1658 instruc-

1328 1686 1412 1717 tnm,
1424 1692 1499 1713 cum
1517 1682 1675 1713 omnibus
1691 1682 1939 1717 instrumentis,
1953 1681 2145 1712 rationibus*
2162 1684 2192 1711 et
2209 1681 2345 1720 juribus

1330 1737 1402 1766 suis
1426 1737 1635 1774 compareret
1663 1736 1889 1774 peremptorie
1910 1744 2021 1765 coram
2041 1735 2151 1771 nobis,
2183 1735 2344 1765 docturus

1330 1791 1370 1820 de
1380 1790 1454 1828 jure
1474 1789 1563 1828 quod
1577 1798 1612 1819 se
1630 1788 1753 1819 habere
1771 1789 1891 1818 asserit
1907 1789 1940 1818 in
1959 1789 2150 1827 premissis,
2163 1790 2193 1818 et
2208 1788 2346 1818 visurus

1326 1844 1403 1883 Jura
1419 1843 1528 1882 ipsius
1547 1842 1688 1872 ecclesie
1706 1851 1742 1872 ac
1757 1842 1928 1879 legitimas
1943 1842 2158 1881 inspecturus
2176 1841 2346 1880 probatio-

1330 1906 1390 1927 nes
1413 1896 1566 1935 ejusdem
1592 1897 1622 1926 et
1648 1896 1784 1926 tandem
1805 1896 2009 1926 sententiam
2029 1895 2219 1925 auditurus.
2245 1896 2344 1930 Sane,

1330 1950 1418 1980 dicto
1441 1950 1659 1988 procuratore
1690 1948 1812 1987 prefati
1839 1948 1932 1979 Petri
1958 1949 1992 1978 in
2028 1949 2144 1978 nostra
2174 1948 2346 1987 presentia

1330 2004 1544 2042 comparente
1562 2011 1599 2032 ac
1616 2003 1833 2041 procuratore
1856 2010 1874 2031 a
1891 2001 1990 2032 nobis
2008 2001 2202 2040 specialiter
2221 2001 2345 2031 consti-

1329 2058 1402 2087 tuto
1426 2058 1560 2094 petente
1575 2055 1711 2085 nomine
1731 2055 1873 2085 ecclesie
1891 2055 2043 2085 Romane
2065 2055 2098 2084 in
2115 2055 2249 2093 negotio
2269 2055 2344 2093 ipso

1330 2109 1478 2148 procedi,
1502 2117 1563 2148 pro
1594 2110 1688 2147 parte
1721 2108 1872 2147 ejusdem
1910 2107 2036 2138 nobilis
2066 2108 2209 2146 petitum
2232 2107 2345 2137 extitit

1331 2163 1420 2202 quod
1437 2171 1538 2202 super
1555 2162 1622 2191 hiis
1645 2161 1776 2200 prefato
1805 2161 2016 2200 procuratori
2039 2170 2099 2191 sno
2116 2162 2346 2200 porrigeretur

1330 2215 1469 2246 libellus
1483 2218 1513 2246 et
1529 2215 1563 2245 in
1579 2224 1680 2245 causa
1698 2215 1772 2253 ipsa
1795 2219 1802 2238 ¹
1818 2214 2024 2253 judiciorum
2043 2215 2123 2244 ordo
2143 2214 2344 2253 sollempnis

1330 2271 1362 2300 et
1375 2269 1497 2299 solitus
1510 2270 1715 2299 servaretur.
1733 2268 1931 2307 Nos1g1tur,
1950 2268 2161 2298 attendentes
2175 2268 2263 2306 quod
2277 2276 2346 2297 cas-

1330 2325 1382 2353 tra
1400 2324 1432 2353 et
1444 2322 1532 2352 bona
1548 2322 1679 2361 prefata
1695 2322 1727 2351 in
1745 2322 1950 2360 patrimonio
1969 2321 2110 2351 ecclesie
2126 2321 2254 2359 prefate
2271 2329 2345 2350 con-

1331 2377 1468 2412 sistunt,
1491 2378 1522 2406 et
1537 2376 1790 2405 considerantes
1807 2374 1896 2413 quod
1911 2375 1968 2413 qui
1988 2383 2107 2404 sumus
2132 2373 2289 2403 omnibus
2310 2374 2344 2403 in

1327 2430 1462 2469 justitia
1479 2429 1661 2464 debitores,
1684 2429 1732 2458 sic
1748 2428 1806 2467 jus
1830 2436 1928 2457 suum
1950 2428 2069 2465 cuique
2091 2427 2252 2456 debemus
2273 2426 2344 2456 red-

1331 2483 1421 2519 dere,
1440 2483 1528 2522 quod
1546 2483 1662 2512 eadem
1682 2481 1824 2511 ecclesia
1852 2481 1885 2510 in
1915 2481 1987 2510 suis
2007 2480 2142 2519 juribus
2167 2489 2232 2509 non
2255 2480 2344 2510 leda-

1330 2538 1396 2573 tur,
1415 2535 1571 2574 qnodque
1589 2535 1636 2564 sic
1650 2534 1709 2564 illa
1728 2535 1946 2564 manutenere
1966 2536 1996 2563 et
2020 2542 2154 2563 servare
2173 2535 2339 2570 tenemur,

1331 2589 1421 2628 quod
1437 2589 1597 2627 injuriam
1615 2587 1743 2618 nemini
1758 2587 1934 2619 faciamus,
1952 2589 2134 2625 pensantes
2153 2587 2255 2617 etiam
2272 2587 2342 2617 lau-

1331 2642 1479 2673 dabilem
1503 2641 1643 2671 ecclesie
1663 2642 1814 2671 Romane
1837 2640 2128 2675 00115110111111110111,
2154 2649 2217 2679 que
2235 2649 2253 2670 a
2270 2648 2344 2679 pre-

1331 2694 1704 2726 decessoribusnostris
1721 2693 1885 2724 Romanis
1902 2693 2119 2732 pontificibus
2141 2695 2191 2724 est
2216 2693 2250 2723 in
2271 2694 2346 2724 tali-

1331 2749 1405 2784 hus,
1433 2747 1607 2787 preteritis
1636 2746 1860 2786 temporibus,
1894 2746 2083 2783 observata,
2115 2746 2342 2781 decernimus,

1331 2801 1445 2832 habito
1467 2801 1609 2830 fratrum
1628 2802 1823 2830 nostrorum
1847 2799 2001 2836 consilio,
2022 2799 2092 2830 t'ore
2118 2808 2177 2838 per
2206 2800 2343 2830 modum

1365 2905 1386 2927 1,
1411 2903 1462 2928 Ces
1479 2904 1581 2933 quatre
1596 2902 1726 2926 ‹lerum-s
1743 2905 1816 2926 mots
1834 2905 1897 2926 sont
1914 2902 2016 2927 recrits
2035 2910 2084 2927 sur
2104 2911 2140 2927 un
2156 2906 2295 2935 grattage.

2184 2964 2218 2989 23
