2547 3289
319 239 338 267 8
1109 229 1336 260 REGISTRE
1359 222 1584 259 CAMERAL.

318 319 495 356 lingorum,
515 325 597 355 quas
628 315 767 345 dilectus
790 314 905 343 filius..
938 313 1062 343 electus
1093 312 1323 346 Treveiensis,

317 372 396 403 olim
425 372 569 409 tempore
603 368 710 398 felicis
739 366 978 398 recordationis
1015 366 1208 400 Alexandri,
1226 374 1322 404 pape,

318 422 562 463 predecessoris
580 421 696 456 nostri,
722 421 875 459 promisit
899 428 934 450 se
962 420 1058 450 Petro
1075 420 1262 449 Benencase
1288 427 1324 448 ac

318 476 406 506 Diuo
423 474 548 509 Perini,
566 473 804 503 mercatoribus
820 472 1034 505 Florentinis,
1045 471 1178 502 nomine
1194 480 1322 501 camere

316 527 494 566 apostolice
511 526 863 560 soluturum‚nondum
878 525 1003 556 eisdem
1016 524 1255 555 mercatoribus
1272 525 1325 554 vel

314 579 540 618 predecessori
558 587 617 609 nec
637 578 733 608 nobis
759 578 885 617 aliquid
903 578 1002 608 suerit
1019 577 1238 616 persolutum,
1257 577 1323 606 dis-

313 631 452 662 cretioni
468 632 522 661 tue
540 639 598 670 per
613 631 793 670 apostolica
808 631 930 669 scripta
947 630 1144 661 mandamus
1160 630 1324 668 quatenus

313 684 474 723 prefatum
503 684 657 718 electum,
683 683 823 722 receptis
848 683 1068 722 presentibus,
1096 692 1161 712 non
1191 683 1325 712 differas

314 745 468 768 amouere
485 738 520 767 ut
537 745 640 775 usque
663 737 703 766 ad
720 736 921 767 dominicam
936 736 1120 775 palmarum
1137 735 1324 774 proximam

315 790 446 820 Andree
475 790 602 826 Jacobi‚
621 789 716 819 Fatio
733 790 851 820 Juncte
879 790 910 819 et
935 788 1134 827 Bonsignori
1152 788 1323 826 Raynerst,

314 843 415 873 sociis
433 843 629 872 dilectorum
651 842 798 872 filiorum
814 842 951 872 Orlandi
966 842 1195 879 Bonsignoris,
1214 841 1323 871 Bona-

319 896 458 926 venture
481 895 649 925 Bernardii
668 895 731 932 (sic)
762 896 792 924 et
818 894 977 933 Raynerii
1000 895 1128 929 Jacobi,
1145 894 1269 923 c1vium
1294 896 1324 924 et

319 949 537 978 mercatorum
559 948 988 986 Senensium‚campsorum
1005 956 1130 976 camere
1147 948 1268 982 nostre,
1289 947 1324 976 in

314 1000 456 1030 Francia
472 1000 766 1036 commorantibus,
778 1000 832 1030 vel
848 1008 962 1030 eorum
979 999 1049 1034 uni,
1063 999 1223 1037 prefatam
1238 1008 1321 1029 mar-

313 1061 429 1083 carum
453 1052 671 1090 quantitatem
697 1052 830 1082 nomine
862 1054 985 1088 nostro,
1005 1053 1153 1082 cessante
1177 1053 1325 1091 qualibet

313 1105 498 1140 occasione,
521 1105 707 1144 persolvat;
726 1105 885 1143 alioquin,
908 1114 983 1134 cum
1007 1105 1119 1143 gravis
1137 1105 1323 1135 debitorum

313 1158 467 1197 angustia
490 1157 553 1188 sul)
575 1166 717 1196 quorum
734 1166 832 1187 onere
858 1157 1111 1196 importabiliter
1126 1158 1321 1196 premimur,

315 1211 396 1241 adeo
411 1219 470 1240 nos
488 1211 639 1249 angustet
654 1211 691 1240 ut
710 1219 774 1240 uon
793 1210 901 1240 solum
920 1210 1046 1240 deferre
1063 1210 1185 1240 nostris
1201 1211 1325 1241 debito-

316 1264 409 1294 ribus
427 1272 492 1294 non
518 1263 699 1302 possimus,
731 1271 846 1293 verum
864 1263 962 1293 etiam
987 1272 1045 1302 pro
1064 1272 1178 1294 eorum
1203 1273 1322 1295 exone-

316 1316 443 1346 ratione
471 1315 511 1345 ad
536 1315 764 1345 subsidiorum
794 1316 958 1345 auxilium
986 1324 1154 1346 recurrere
1184 1317 1323 1355 compel-

315 1369 435 1403 lamur,
469 1369 503 1398 tu
532 1370 653 1398 extunc
684 1369 719 1398 in
748 1377 924 1407 personam
955 1369 1061 1407 ipsius
1090 1369 1183 1399 electi
1215 1372 1324 1400 aucto-

315 1421 410 1451 ritate
439 1422 561 1455 nostra,
591 1421 721 1451 sublato
746 1421 977 1460 appellationis
995 1421 1176 1457 obstaculo,
1195 1431 1322 1453 excom-

315 1474 550 1503 municationis
587 1474 675 1503 feras
715 1474 912 1504 sententiam
952 1476 983 1504 et
1015 1475 1140 1505 tamdiu
1181 1476 1323 1514 singulis

315 1526 432 1556 diebus
461 1526 638 1556 dominicis
672 1527 703 1556 et
739 1526 881 1561 festivis,
917 1527 1058 1565 pulsatis
1091 1529 1262 1567 campanis
1294 1530 1325 1559 et

314 1579 462 1609 candelis
496 1579 654 1614 accensis,
681 1579 1004 1609 excommunicatum
1030 1581 1161 1619 publice
1192 1582 1324 1612 nunties

314 1632 346 1662 et
377 1632 478 1661 facias
508 1640 566 1670 per
591 1631 662 1661 loca
688 1632 721 1661 in
742 1632 864 1670 quibus
884 1633 1039 1670 expedire
1057 1634 1192 1670 videris,
1212 1635 1322 1665 nunti-

316 1684 365 1714 ari
382 1694 418 1714 ac
436 1684 476 1713 ab
491 1683 648 1714 omnibus
663 1684 781 1714 evitari
793 1685 908 1720 artius,
926 1686 1028 1716 donec
1051 1687 1090 1716 de
1102 1687 1227 1725 prefata
1240 1697 1323 1718 mar-

314 1745 427 1767 carum
450 1737 633 1775 quantitate
651 1746 779 1767 camere
798 1739 907 1768 nostre
918 1738 1017 1768 fuerit
1034 1740 1159 1778 integre
1176 1742 1324 1772 satisfac-

314 1790 396 1819 tum.
414 1789 509 1824 Quod
527 1789 555 1818 si
573 1789 655 1819 forte
674 1789 782 1819 dictus
792 1790 914 1819 electus
932 1790 1123 1829 hujusmodi
1138 1801 1326 1823 excommu-

317 1842 492 1872 nicationis
519 1842 716 1872 sententiam
740 1851 798 1883 per
814 1843 897 1872 duos
911 1852 1044 1873 menses
1062 1845 1225 1875 sustinere
1253 1855 1324 1883 pre-

315 1895 507 1934 sumpserit,
519 1896 554 1924 tu
570 1896 689 1924 extunc
706 1895 941 1925 ministeriales
957 1896 1093 1926 ecclesie
1107 1898 1325 1930 Treverensis

315 1956 334 1978 a
353 1948 541 1986 juramento
561 1947 816 1986 fidelitatis‚quo
841 1948 943 1978 electo
963 1950 1117 1979 tenentur
1138 1950 1256 1986 eidem,
1274 1961 1325 1982 ea-

316 2000 391 2030 dem
409 2000 601 2029 auctoritate
617 2000 721 2030 fretus
733 2001 899 2035 absolvas,
913 2001 1029 2031 eissub
1038 2011 1122 2040 pena
1135 2012 1324 2035 excommu-

318 2053 494 2083 nicationis
505 2052 875 2083 districtiusinhibendo
888 2063 927 2083 ne
939 2054 1025 2085 dicto
1041 2055 1142 2085 electo
1166 2057 1198 2086 in
1216 2058 1326 2095 bujiis-

318 2105 407 2135 modi
425 2105 632 2135 contumacia
654 2106 845 2143 perduranti
869 2107 1078 2145 aliquatenus
1102 2109 1255 2140 obediant
1273 2112 1324 2140 vel

316 2157 500 2187 intendant.
530 2158 627 2188 Diem
650 2160 759 2188 autem
789 2160 982 2190 monitionis
1008 2162 1038 2191 et
1065 2162 1223 2201 quicquid
1248 2164 1325 2194 inde

319 2210 437 2240 feceris
454 2219 511 2248 per
530 2211 657 2241 litteras
683 2213 754 2242 tuas
775 2213 813 2242 de
842 2213 943 2243 verbo
967 2214 1006 2243 ad
1022 2215 1159 2245 verbum
1178 2217 1325 2247 tenorem

317 2264 519 2301 presentium
546 2265 762 2299 continentes,
793 2265 889 2295 nobis
921 2268 1113 2305 quantotius
1137 2269 1325 2307 significare

318 2324 485 2354 procures.
504 2317 627 2347 Datum
640 2317 794 2353 Viterbfi,
812 2328 869 2348 vm
885 2319 1045 2350 kalendas
1061 2321 1231 2357 februarii,
1244 2332 1325 2362 pon-

318 2368 463 2399 tificatus
481 2370 583 2400 nostri
598 2379 685 2400 anno
700 2371 818 2409 primo.
837 2383 852 2399 »

388 2563 436 2594 30
887 2565 1011 2599 Viterbe,
1032 2567 1061 2593 ¹8
1077 2575 1156 2594 mars
1178 2570 1253 2595 ¹262.

354 2648 449 2676 Fratri
466 2650 565 2677 Rorico
581 2651 614 2677 de
631 2652 835 2687 Wernesperg,
852 2653 961 2680 ordinis
981 2654 1122 2681 Minornm
1139 2655 1166 2682 iu
1184 2660 1325 2684 conventu

317 2697 496 2730 ‘l‘reverensL
517 2699 690 2733 Boemundo,
712 2701 849 2728 canonico
870 2702 1049 2735 Treveronsi,
1070 2705 1099 2729 et
1119 2704 1259 2738 magistro
1280 2705 1326 2731 Al-

314 2745 397 2772 berto
424 2745 457 2772 de
478 2746 594 2779 Parma,
618 2748 750 2782 scriptori
774 2751 803 2775 et
829 2751 929 2777 nuntio
953 2759 1014 2784 suo,
1043 2751 1163 2778 mandat
1190 2756 1327 2779 moneant

318 2793 486 2827 Ilcnricum,
503 2795 708 2823 'l'reverensem
725 2797 860 2830 electum,
876 2800 907 2825 ut
919 2799 1002 2826 Petro
1018 2800 1197 2827 Beneneasae
1211 2809 1243 2827 ac
1258 2802 1326 2828 Diuo

318 2841 427 2875 Perini,
452 2844 660 2871 mercatoribus
687 2846 875 2879 Florentinis,
895 2848 965 2874 2000
989 2855 1155 2874 marcarum
1177 2849 1326 2884 sterlingo-

316 2891 521 2923 rum,u01ninc
533 2900 666 2920 camerae
679 2894 861 2929 apostolicae,
869 2895 961 2922 solvat
972 2895 1047 2922 infra
1057 2898 1170 2923 octavas
1182 2897 1208 2923 b.
1223 2897 1324 2924 Johan-

1386 312 1430 338 nis
1449 312 1601 346 Baptistae,
1617 311 1743 345 alioquin
1762 312 1864 337 contra
1882 318 1948 337 eum
1966 311 2119 344 procedant
2136 311 2171 337 ad
2191 310 2390 338 excommuni-

1386 360 1538 387 cationem.
1557 360 1634 394 (Rae.
1652 361 1695 391 27,
1714 359 1764 386 fol.
1782 360 1797 385 6
1814 365 1852 391 νῦ,
1868 363 1899 384 nn
1917 360 1946 392 1;
1964 359 2104 385 Porrussr
2123 360 2232 390 ¹8250.)

1426 462 1442 479 α
1459 450 1565 480 Fratri
1580 451 1687 481 [eorico
1703 451 1738 480 de
1760 450 1967 490 IVernespery‚
1982 451 2096 480 ordinis
2113 452 2265 482 Μίνωι-ανῆ
2280 452 2311 481 in
2327 462 2393 481 con-

1385 509 1474 534 ventu
1492 504 1676 540 Trevcrensi,
1696 503 1880 541 Boemundo,
1910 506 2053 533 canonico
2076 504 2258 540 Treoemnsi,
2284 511 2313 535 et
2333 515 2395 534 ma-

1385 557 1480 595 qislro
1496 557 1620 587 Alberlo
1642 557 1677 586 de
1697 556 1822 593 Parma,
1844 557 1986 596 scriptori
2005 562 2031 586 et
2048 558 2154 586 nuntio
2167 563 2279 587 nostro.
2297 558 2396 589 Intel-

1386 610 1468 640 lecto
1485 610 1571 648 quod
1595 610 1760 640 Henricus
1785 627 1835 640 —.
1855 610 1978 640 Datum
1994 610 2150 644 viterbii,
2169 619 2210 639 xv
2234 611 2395 641 kalendas

1386 663 1513 701 aprilis,
1531 672 1617 693 anno
1632 664 1751 701 primo.
1768 677 1783 690 η

1386 862 1499 891 Littera
1511 862 1624 891 directe
1640 863 1784 901 maqislro
1806 862 1930 892 Alberto
1954 863 1988 893 cle
2020 863 2143 898 Parnm,
2162 864 2308 903 scriptori
2324 874 2392 894 nos-

1427 920 1485 950 tro,
1503 925 1559 954 pro
1587 914 1744 954 eriycndis
1772 916 1804 944 in
1827 915 1955 944 [liversis
1980 915 2051 945 locis
2070 918 2208 956 pecuniis
2230 917 2391 956 promissis

1426 968 1642 1000 cardinalibus.

1452 1112 1496 1142 31
1918 1108 2044 1141 Vsterhe,
2060 1110 2094 1135 ‘25
2109 1109 2222 1136 octobre
2242 1111 2320 1137 ¹26¹.

1420 1188 1554 1223 Magistro
1573 1188 1687 1215 ,liberto
1702 1188 1735 1214 de
1749 1188 1853 1214 Parma
1868 1188 1987 1214 mandat
2001 1190 2141 1222 quatenus
2156 1190 2322 1216 executores
2336 1190 2393 1216 tes-

1384 1237 1507 1264 tamenti
1528 1237 1676 1269 Ademari,
1694 1236 1818 1270 episcopi
1843 1237 2211 1271 Wintoniensi‚compellat
2229 1239 2260 1264 ut
2275 1236 2394 1272 collegio

1385 1285 1576 1312 cardinalium
1602 1286 1652 1311 800
1679 1292 1792 1311 marcas
1819 1285 2038 1319 sterlingorum,
2062 1294 2133 1320 quas
2160 1285 2219 1319 ipse
2244 1285 2394 1320 episcopus

1385 1335 1569 1369 promiserat,
1588 1333 1746 1361 exsolvant.
1767 1334 1846 1366 (Περι
1862 1336 1905 1366 27,
1922 1333 1971 1361 fol.
1991 1337 2016 1366 7,
2033 1338 2064 1360 n⁰
2086 1335 2121 1369 i.)

1426 1441 1440 1455 «ι
1463 1428 1498 1458 U⁷
1509 1428 1600 1457 banus
1615 1433 1686 1463 ele„
1705 1426 1813 1455 dilecto
1828 1426 1907 1465 filio,
1920 1426 2063 1465 nzoqislro
2079 1425 2204 1455 Alter-10
2220 1425 2256 1456 de
2267 1426 2392 1462 Parma,

1385 1482 1528 1522 scriptori
1541 1486 1640 1510 nostro
1655 1486 1711 1509 etc.
1731 1480 1813 1510 Cum
1826 1479 1911 1509 bone
1925 1479 2083 1509 memorie
2095 1479 2292 1514 Ademarus,
2309 1479 2395 1518 epis-

1385 1544 1487 1574 copus
1497 1533 1756 1569 wintoniensis,
1774 1532 1912 1570 collegio
1924 1532 2065 1561 fratrum
2077 1533 2394 1568 nostrorum‚sancte

1384 1589 1533 1619 Romane
1558 1586 1695 1617 ecclesie
1723 1585 1955 1619 cardinalium,
1985 1585 2069 1614 sicut
2096 1593 2137 1614 ex
2165 1593 2280 1614 eorum
2313 1585 2394 1616 rela-

1385 1641 1473 1671 tione
1492 1638 1910 1678 accepiinus,octingentas
1924 1645 2053 1667 marcas
2070 1637 2306 1675 sterlingorum
2321 1646 2393 1677 pro-

1385 1694 1513 1724 miserit
1537 1693 1667 1723 solvere
1693 1692 1727 1722 in
1744 1692 1897 1721 Romana
1913 1691 2005 1720 curia
2031 1690 2246 1725 constitutus,
2267 1699 2326 1721 nec
2345 1690 2394 1721 eis

1386 1746 1491 1775 adbuc
1507 1744 1715 1774 satisfactum
1731 1743 1829 1773 suerit
1846 1743 1885 1772 de
1904 1743 2042 1778 eisdem,
2057 1742 2251 1772 discretioni
2267 1744 2322 1773 tue
2336 1751 2396 1782 per

1385 1798 1565 1837 apostolica
1585 1796 1707 1834 scripta
1723 1795 1920 1825 mandamus
1940 1796 2104 1832 quatenus
2122 1787 2315 1825 executores
2331 1796 2393 1825 tes—

1383 1850 1521 1880 tamenti
1538 1849 1644 1887 ipsius
1666 1848 1753 1886 quod
1779 1848 1864 1877 infra
1882 1848 1983 1877 unius
2010 1850 2135 1877 mensis
2149 1847 2294 1886 spatium
2320 1849 2395 1886 post

1384 1901 1602 1930 monitionem
1623 1903 1726 1933 tuam.
1748 1901 1838 1939 ipsas
1862 1900 1922 1930 tibi
1950 1901 2142 1930 eorumdem
2172 1900 2393 1931 cardinalium

1386 1954 1530 1988 nomine,
1558 1953 1688 1983 sublato
1720 1953 1899 1991 cujuslibet
1928 1953 2135 1983 difficultatis
2163 1955 2193 1983 et
2222 1953 2394 1984 dilationis

1385 2006 1565 2041 obstaculo,
1577 2006 1759 2041 exhibeant,
1776 2015 1834 2044 per
1852 2007 1882 2035 te
1901 2006 2117 2044 velperalios
2134 2015 2192 2036 seu
2208 2006 2311 2036 alium
2327 2014 2394 2037 mo-

1385 2068 1464 2089 neas
1490 2059 1647 2089 attcntius
1665 2060 1695 2088 ct
1718 2059 1868 2088 inducas.
1897 2059 1993 2094 Quod
2009 2059 2037 2088 si
2060 2059 2198 2089 monitis
2222 2059 2289 2089 tuis
2308 2059 2397 2090 infra

1383 2112 1568 2150 predictum
1587 2112 1766 2141 terminum
1786 2120 1851 2141 non
1868 2112 2036 2150 paruerint
2055 2111 2088 2141 in
2105 2111 2165 2141 hae
2182 2113 2286 2150 parte,
2305 2113 2342 2142 tu
2360 2112 2396 2142 in

1385 2165 1517 2195 eosdem
1534 2166 1738 2199 executores,
1758 2165 1997 2203 cujuscumque
2012 2165 2139 2194 ordinis
2155 2165 2208 2195 vel
2224 2164 2395 2203 dignitatis

1385 2217 1538 2253 existant,
1583 2219 1715 2253 extunc,
1765 2218 1982 2256 appellatione
2023 2219 2160 2251 remota,
2202 2217 2395 2249 auctoritate

1386 2271 1497 2300 nostra
1523 2271 1719 2300 sententiam
1742 2270 2096 2300 exconnnunicationis
2119 2270 2241 2303 ferens,
2267 2270 2396 2300 tamdiu

1384 2323 1475 2362 ipsos
1494 2323 1636 2361 singulis
1661 2323 1779 2353 diebus
1811 2324 1987 2353 dominicis
2016 2325 2046 2353 et
2079 2323 2221 2358 festivis,
2254 2323 2396 2361 pulsatis

1385 2376 1556 2414 campanis
1601 2377 1632 2406 et
1681 2376 1830 2406 candelis
1872 2376 2022 2406 arcensis
2040 2400 2047 2411 ,
2092 2376 2398 2407 excommunicatos

1384 2428 1517 2467 publice
1556 2429 1706 2459 nuncies.
1732 2429 1768 2459 Si
1810 2437 1889 2458 vero
1922 2428 2040 2466 prefati
2082 2430 2274 2459 executores
2318 2437 2394 2459 sen—

1385 2481 1519 2510 tentiam
1543 2480 1649 2519 ipsam
1674 2489 1853 2519 perunum
1870 2489 2020 2510 mensem
2038 2481 2201 2511 sustinere
2220 2489 2395 2520 presump-

1386 2533 1501 2567 serint,
1528 2534 1563 2563 tu
1590 2535 1710 2563 extunc
1741 2542 1797 2563 eos
1823 2533 2009 2572 suspendas
2035 2533 2075 2563 ab
2093 2534 2394 2565 amministratione

1385 2586 1609 2625 spiritualium
1626 2587 1656 2616 et
1672 2586 1917 2624 temporalium,
1932 2586 2037 2616 citans
2050 2586 2142 2623 ipsos
2158 2587 2396 2617 nichilominus

1384 2638 1604 2677 peremptorie
1618 2640 1651 2668 ut
1671 2638 1756 2669 infra
1769 2638 1852 2668 duos
1867 2647 2000 2669 menses
2013 2641 2085 2678 post
2101 2639 2289 2670 citationem
2303 2641 2394 2670 tuam

1385 2691 1432 2720 sic
1448 2691 1603 2729 suspensi
1627 2699 1735 2721 coram
1755 2691 1852 2721 nobis
1869 2694 2080 2730 compareant
2098 2691 2320 2730 personaliter
2334 2699 2394 2731 pro

1386 2743 1513 2773 meritis
1530 2743 1704 2782 recepturi.
1731 2743 1806 2774 Non
1823 2744 1973 2774 obstante
1994 2763 2040 2774 —.
2060 2744 2326 2775 Contradictores
2343 2761 2394 2775 —.

1385 2797 1480 2826 Diem
1499 2797 1608 2826 autem
1631 2797 1799 2827 citationis
1819 2816 1866 2827 —.
1891 2798 2015 2828 Datum
2031 2797 2185 2832 viterbii,
2203 2806 2261 2826 vni
2278 2796 2395 2828 kalen-

1385 2849 1445 2879 das
1460 2849 1665 2884 novembris,
1684 2850 1895 2888 pontificatus
1912 2850 2017 2881 nostri
2040 2858 2126 2880 anno
2142 2849 2262 2888 primo.
