2547 3289
281 262 341 290 336

863 339 987 369 invicto,
1006 339 1036 365 lti
1052 340 1118 364 aoid
1137 338 1212 364 1:204.

364 345 432 374 711

309 418 445 452 Episcopo
480 415 672 449 llcrbipolensi
702 415 819 440 mandat
851 417 879 440 ut
910 414 1087 440 Fridericum
1115 414 1149 439 de
1181 414 1285 440 lluscn.

274 467 471 500 presbyterum
506 464 627 490 fratrem
655 462 807 497 hospitalis
838 471 861 489 st
894 462 998 489 Mariae
1032 462 1284 489 Theutonicorumv

273 513 417 540 calinensi
435 512 572 539 ccclesiae
592 512 740 546 praeliciat
761 511 789 538 in
807 511 986 546 episcopum.
1007 511 1086 545 (linc.
1111 512 1155 539 28.
1176 510 1222 537 l'ol.
1241 512 1284 541 78,

271 571 338 589 auu.
354 562 399 594 111,
420 567 449 587 11⁰
468 562 534 592 313;
551 561 697 587 Pori-nasa*
716 561 824 592 lacco.)

312 658 325 677 «
358 671 376 678 ..
404 648 542 686 episcopo
566 646 791 686 Iler-bipolensi.
819 646 1058 685 Signiticarunt
1081 645 1178 675 nobis
1204 646 1283 675 olim

269 701 384 731 dilecti
409 701 470 731 lilii
493 700 645 730 canonici
667 699 808 730 ecclesie
833 699 1038 735 (immensis,
1061 699 1150 737 quod
1168 699 1283 729 eadem

271 754 412 784 ecclesia
428 754 576 792 pastoris
593 753 715 783 solatio
734 753 907 787 destituta,
924 752 990 790 ipsi
1010 753 1086 782 vota
1103 760 1164 782 sua
1187 752 1218 781 in
1237 752 1283 782 di-

271 807 394 836 lectmn
413 807 518 836 lilium
539 806 749 837 Fridericum
768 806 808 835 de
827 805 956 841 Husen,
974 805 1201 843 presbiterum
1221 805 1284 834 t'ra-

270 861 354 890 trem
374 859 564 898 Hospitalis
582 861 695 889 sancte
714 859 818 888 Marie
833 858 1152 893 Theuthonicorum,
1174 858 1283 887 virum
1315 860 1317 873 ²

271 912 385 950 utique
411 912 450 942 de
484 912 659 941 honestate
690 920 834 945 morum,
861 911 1052 940 litterarum
1079 911 1222 940 scientia
1253 912 1285 940 et

270 965 511 1003 circumspecta
538 964 751 1004 providentia
775 963 1060 999 commendatum,
1080 964 1284 994 unanimiter

270 1019 302 1048 et
313 1018 523 1048 concorditer
533 1018 741 1053 direxerunt,
754 1026 872 1047 secura
888 1019 1048 1056 concepta
1061 1017 1183 1047 fiducia
1198 1017 1285 1056 quod

270 1071 385 1101 eadem
403 1071 546 1102 ecclesia
562 1079 622 1110 per
638 1070 748 1108 ipsius
767 1070 883 1100 fratris
901 1069 1119 1104 industriam,
1142 1069 1285 1100 fratrum

270 1124 459 1163 Hospitalis
478 1124 628 1163 ejusdem
648 1124 761 1154 favore
780 1123 917 1153 assiduo
937 1123 1153 1160 fulciendam⁷
1172 1123 1204 1153 in
1220 1124 1286 1162 spi-

269 1176 451 1207 ritualibus
471 1178 503 1208 et
520 1176 766 1216 temporalibus
783 1176 919 1207 deberet
936 1176 1171 1214 multipliciter
1192 1185 1285 1215 pros-

270 1230 393 1268 perari.
409 1229 551 1269 Propter
570 1230 658 1269 quod
675 1230 804 1260 eisdem
821 1230 993 1260 canonicis
1012 1238 1048 1260 ac
1072 1229 1193 1260 dilecto
1215 1230 1284 1260 tilio

273 1306 292 1313 ..
324 1282 485 1322 magistro
511 1282 701 1321 Hospitalis
721 1282 875 1321 predicti,
900 1291 975 1313 cum
999 1283 1135 1321 propter
1152 1282 1283 1312 viarum

270 1335 431 1374 pericula,
460 1344 600 1366 securus
633 1335 673 1365 ad
702 1335 909 1373 presentiam
931 1335 1138 1365 venerabilis
1168 1335 1283 1365 fratris

270 1389 377 1418 nostri
410 1413 427 1418 ..
458 1389 617 1427 tugensis
648 1388 905 1426 archiepiscopi,
930 1388 993 1418 loci
1016 1388 1281 1426 metropolitani,

269 1442 348 1471 tunc
364 1441 398 1470 in
413 1442 552 1471 remotis
570 1441 712 1480 agentis,
730 1450 795 1470 non
816 1442 931 1479 posset
948 1449 1104 1471 accessus
1118 1440 1245 1477 haberi,
1266 1450 1283 1470 a

270 1493 367 1524 nobis
381 1503 537 1532 persnas
556 1494 686 1524 litteras
712 1493 965 1532 postulantibus
994 1496 1030 1524 ut
1057 1496 1282 1524 memoratum

270 1546 407 1577 fratrem
423 1547 532 1577 eidem
557 1547 699 1577 ecclesie
718 1548 958 1586 preliceremus
974 1547 1008 1576 in
1036 1547 1233 1586 episcopum
1250 1549 1281 1577 et

268 1602 450 1638 pastorem,
464 1608 522 1629 nos
541 1600 688 1636 tandem,
702 1600 869 1630 dictorum
888 1600 1043 1639 magistri
1059 1601 1091 1630 et
1109 1600 1281 1630 canonico-

269 1661 343 1683 rum
376 1653 507 1683 devotis
543 1652 851 1691 supplicationibus
877 1655 1074 1689 annuentes,
1103 1662 1139 1683 ac
1172 1653 1281 1692 ipsius

270 1705 423 1745 magistri
442 1705 605 1736 honorare
623 1714 803 1744 personam
823 1708 854 1736 et
877 1708 946 1736 tam
970 1707 1043 1745 eJus
1062 1715 1163 1745 quam
1180 1707 1282 1736 dicto-

268 1767 342 1788 rum
359 1759 596 1789 canonicorum
624 1759 760 1795 intuitu,
783 1759 936 1789 volentes
959 1759 1068 1789 eidem
1093 1759 1188 1789 fratri
1211 1769 1282 1799 gra-

267 1812 349 1842 tiam
368 1812 475 1843 facere
492 1812 686 1850 specialem,
706 1812 836 1850 prefato
855 1813 1107 1852 archiepiscopo
1125 1813 1281 1843 dedimus

268 1864 331 1896 sub
359 1867 448 1895 certa
470 1865 577 1895 l'orma
599 1874 658 1904 per
680 1868 812 1896 nostras
833 1865 965 1896 litteras
990 1866 1023 1896 in
1047 1866 1228 1902 mandatis,
1246 1869 1282 1896 ut

268 1918 356 1948 dicto
376 1919 536 1957 magistro
558 1920 589 1948 et
613 1918 724 1957 ipsius
746 1919 936 1957 Hospitalis
954 1918 1117 1949 fratribus
1135 1921 1166 1949 et
1185 1928 1281 1949 cano-

270 1971 354 2001 nicis
373 1972 570 2001 memoratis
588 1980 634 2006 sc,
654 1980 713 2010 pro
737 1971 921 2010 apostolice
941 1972 1033 2002 sedis
1050 1974 1080 2002 et
1101 1973 1217 2002 nostra
1234 1982 1280 2002 re-

269 2024 429 2060 verentia,
449 2033 550 2062 super
567 2024 625 2053 hoc
643 2024 786 2054 reddens
808 2024 977 2054 affabilem
997 2026 1027 2054 ct
1046 2024 1229 2063 benignum
1245 2036 1281 2055 ac

268 2077 369 2107 etiam
389 2085 570 2115 precavens
590 2077 784 2112 sollicitius,
814 2086 853 2106 ne
877 2078 1007 2115 prefata
1032 2078 1186 2110 ecclesia,
1207 2087 1280 2116 pre-

268 2131 362 2160 textu
379 2130 564 2159 vacationis
577 2130 717 2165 diutine,
733 2130 917 2160 incurreret
936 2130 1049 2169 aliqua
1066 2131 1279 2167 detrimenta,
1312 2151 1313 2160 i

269 2182 478 2212 nominatum
500 2183 636 2213 fratrem
657 2184 707 2217 F„
731 2183 758 2212 si
790 2185 881 2213 lanto
910 2186 1107 2221 congrueret
1133 2185 1225 2213 oneri
1250 2187 1279 2214 et

269 2235 398 2270 honori,
418 2236 507 2265 omni
527 2236 702 2266 occasione
728 2238 756 2265 ct
783 2236 981 2266 dilatatione
1005 2237 1205 2274 postposita,
1231 2246 1280 2267 ec-
1312 2250 1313 2262 i

268 2288 369 2318 clesic
400 2289 592 2327 supradicte
624 2298 682 2327 per
715 2289 863 2328 aliquem
890 2289 929 2319 de
960 2290 1182 2328 sutl‘raganeis
1208 2291 1280 2321 suis

269 2341 321 2371 vel
334 2341 412 2371 aliis
425 2342 609 2372 convicinis
625 2342 806 2381 episcopis,
820 2342 847 2371 si
863 2342 1088 2380 personaliter
1105 2343 1177 2381 ipse
1196 2343 1229 2373 id
1241 2344 1280 2373 de

268 2394 358 2424 t'acili
374 2403 439 2425 non
459 2395 573 2433 posset
592 2395 735 2429 efficere,
755 2395 789 2425 in
806 2395 1012 2434 longinquis,
1030 2397 1129 2434 prout
1152 2396 1282 2427 diceba-

268 2449 333 2483 tur,
352 2448 505 2486 partibus
531 2448 746 2485 constitutus,
767 2448 800 2478 in
826 2449 1023 2487 episcopum
1053 2451 1083 2479 ct
1110 2450 1280 2487 pastorem

268 2502 442 2538 proliceret
461 2510 497 2531 ac
524 2501 565 2538 ei,
585 2502 702 2532 ascitis
729 2501 861 2531 duobus
889 2502 939 2531 vel
968 2501 1077 2532 tribus
1097 2502 1280 2541 episcopis,

269 2563 391 2584 munus
416 2555 680 2585 consecrationis
710 2555 871 2594 impendi,
902 2564 1028 2586 necnon
1054 2555 1280 2587 obedientiam

269 2609 300 2637 et
328 2608 549 2638 reverentiam
576 2608 724 2639 debitam
744 2608 810 2638 sibi
839 2618 857 2639 a
883 2609 955 2639 suis
984 2609 1131 2639 subditis
1157 2610 1281 2640 faceret

269 2659 431 2690 exhiberi.
449 2661 721 2692 Contradictores
739 2663 800 2692 etc.
818 2662 888 2692 Nos
904 2664 1015 2692 autem
1038 2662 1280 2693 nichilominus

268 2715 389 2744 extunc
403 2723 460 2752 per
479 2715 586 2744 dictas
612 2716 746 2745 nostras
767 2715 897 2745 litteras
913 2715 1125 2745 decrevimus
1144 2715 1279 2746 irritum

269 2767 299 2796 et
318 2766 425 2800 inane.⁷
442 2768 469 2796 si
488 2777 584 2797 secus
604 2768 643 2798 de
662 2768 836 2798 Culmeusi
855 2769 1052 2807 episcopatu
1073 2770 1280 2808 contingeret

270 2820 472 2858 attemptari.
498 2821 601 2850 Porro
627 2821 778 2859 prefatus
806 2821 1091 2860 archiepiscopus,
1109 2831 1167 2860 pro
1187 2825 1279 2860 parte

269 2871 434 2902 dictorum
453 2874 617 2912 magistri,
637 2874 873 2903 canonicorum
891 2877 919 2904 el
941 2874 1082 2904 fratrum
1099 2883 1200 2913 super
1218 2875 1279 2905 hoc
1310 2869 1311 2874 ¹

270 2924 443 2955 humiliter
462 2926 656 2964 requisitus,
677 2927 765 2965 quod
785 2927 817 2957 in
839 2927 898 2957 hac
913 2930 1006 2966 parte
1025 2927 1091 2957 sibi
1109 2928 1278 2958 mandavi-

1041 256 1285 286 REGISTRES
1306 255 1520 286 D'URBAIN
1545 255 1602 284 lv.

1317 344 1318 358 ³
1350 346 1437 373 mus,
1455 345 1516 375 pro
1532 345 1591 366 sue
1610 336 1794 366 voluntatis
1820 336 1929 372 libito,
1956 337 2089 367 efficere
2114 337 2275 368 hactenus
2295 347 2362 369 non

1348 390 1490 424 curavit,
1517 390 1666 428 predicta
1697 389 1839 419 ecclesia
1866 392 2003 428 propter
2020 390 2081 420 hoc
2104 399 2140 420 ac
2168 390 2271 421 etiam
2289 399 2361 429 pre-

1347 444 1442 473 textu
1458 444 1645 474 vacationis
1671 444 1801 475 diutine
1829 444 1946 483 gravia
1963 446 1995 474 et
2013 444 2147 474 diversa
2164 443 2363 474 discrimina

1348 497 1548 527 sustinente.
1567 497 1677 532 Quare
1695 497 1912 536 supradictus
1932 497 2093 536 magister
2116 504 2175 534 per
2191 505 2271 526 suas
2288 505 2362 534 spe·

1347 549 1450 579 ciales
1475 550 1606 580 litteras
1632 558 1650 580 a
1675 549 1773 580 nobis
1792 550 1967 580 humiliter
1990 549 2175 588 postulavit
2198 550 2234 579 ut
2254 549 2363 587 provi-

1347 602 1424 632 dere
1444 611 1545 641 super
1567 602 1630 633 hoc
1652 603 1692 633 de
1716 602 1923 642 benignitate
1942 602 2129 641 apostolica
2152 610 2360 632 curaremus

1346 655 1416 685 Nos
1433 655 1558 694 itaque,
1575 655 1661 684 sicut
1677 655 1759 685 olim
1778 656 1870 686 sicet
1890 656 2000 690 modo,
2014 663 2194 693 personam
2209 654 2362 693 ejusdem

1347 709 1501 747 magistri
1519 709 1553 738 in
1567 708 1627 739 hac
1643 710 1738 748 parte
1755 709 1921 739 honorare
1939 709 2103 744 volentes,
2121 709 2268 738 maxime
2285 716 2363 738 cum

1346 762 1467 799 prefati
1490 762 1653 797 canonici,
1675 761 1762 791 sicut
1783 761 1960 797 asseritur,
1979 770 2044 801 quo
2067 761 2108 791 ad
2136 761 2278 792 eundem
2300 761 2364 791 sra-

1346 816 1432 845 trem
1463 815 1499 845 1³.
1534 823 1635 853 super
1666 814 1727 845 hoc
1764 815 1798 844 in
1830 818 1905 845 voto
1940 815 2085 853 pristino
2124 815 2361 853 perseverent,

1346 869 1548 898 mandamus
1567 869 1740 906 quatinus,
1758 869 1787 898 si
1807 868 1986 907 premissis
2004 868 2131 898 veritas
2145 869 2361 906 suffragatur,

1346 922 1380 951 in
1398 921 1591 960 hujusmodi
1604 922 1857 960 liegotio‚Juxta
1874 921 2018 951 sormam
2034 930 2094 959 per
2109 921 2217 951 dictas
2230 920 2363 950 litteras

1346 976 1480 1004 nostras
1500 975 1660 1004 traditam
1685 974 1938 1013 archiepiscopo
1957 977 2143 1004 memorato
2162 973 2360 1012 procedenS,

1346 1028 1557 1058 nominatum
1576 1028 1716 1058 fratrem
1730 1029 1768 1058 F.
1785 1028 1894 1058 eidem
1912 1027 2053 1057 ecclesie
2071 1027 2271 1057 auctoritate
2288 1034 2365 1056 nos-

1346 1082 1399 1111 tra
1415 1081 1570 1119 preficias
1589 1081 1623 1110 in
1641 1081 1838 1119 episcopum
1858 1083 1889 1111 et
1907 1082 2078 1119 pastorem
2095 1082 2139 1114 et,
2152 1079 2269 1110 ascitis
2283 1079 2364 1110 duo-

1346 1133 1410 1163 bus
1426 1133 1479 1164 vel
1500 1134 1611 1164 tribus
1637 1133 1824 1163 convicinis
1849 1133 2031 1172 episcopis,
2049 1141 2174 1163 munus
2188 1140 2361 1163 consecra-

1346 1187 1450 1217 tionis
1468 1187 1667 1225 impendens
1696 1187 1819 1223 eidem,
1844 1187 1948 1216 facias
1976 1185 2041 1215 sibi
2066 1194 2084 1215 a
2110 1185 2183 1215 suis
2214 1184 2362 1216 subditis

1346 1239 1572 1270 obedientiam
1606 1242 1638 1270 et
1672 1239 1896 1269 reverentiam
1921 1238 2069 1269 debitam
2093 1237 2256 1268 exhiberi.
2277 1236 2363 1268 Con-

1345 1293 1545 1323 tradictores
1560 1293 1676 1323 eadem
1689 1293 1887 1322 auctoritate
1905 1293 1966 1322 etc.
1982 1300 2089 1330 usque
2103 1291 2360 1330 compescendo.

1344 1346 1566 1376 Postmodum
1586 1354 1664 1376 vero
1687 1345 1727 1375 ab
1748 1346 1823 1384 ipso
1841 1345 1998 1384 recipias,
2016 1345 2152 1375 nomine
2169 1344 2292 1383 prefati
2313 1352 2361 1374 ar-

1344 1399 1561 1438 chiepiscopi,
1571 1399 1745 1430 fidelitatis
1756 1399 1855 1429 solite
1863 1398 2106 1437 juramentum.
2117 1398 2193 1428 Non
2203 1396 2361 1428 obstante

1345 1453 1372 1482 si
1391 1452 1563 1491 aliquibus
1580 1461 1599 1482 a
1616 1452 1696 1482 sede
1710 1452 1898 1491 apostolica
1916 1451 1960 1481 sit
1986 1451 2168 1488 indultum,
2185 1451 2274 1490 quod
2290 1459 2362 1481 sus-

1344 1505 1444 1544 pendi
1467 1506 1519 1536 vel
1551 1505 1708 1536 interdici
1728 1506 1786 1535 aut
1810 1504 2099 1535 excommunicari
2126 1512 2192 1534 non
2212 1504 2358 1542 possint,

1344 1560 1415 1589 sive
1433 1560 1547 1598 aliqua
1568 1558 1777 1597 indulgentia
1794 1558 1885 1588 sedis
1901 1558 2065 1597 ejusdem,
2083 1566 2143 1596 per
2166 1565 2267 1596 quam
2285 1565 2362 1588 exe·

1343 1613 1432 1642 cutio
1454 1613 1603 1642 mandati
1627 1612 1736 1642 nostri
1761 1619 1864 1649 super
1889 1611 1957 1641 hiis
1986 1610 2146 1649 impediri
2172 1610 2282 1647 valeat
2307 1610 2360 1641 vel

1343 1667 1482 1702 (inferri,
1501 1668 1552 1696 etc
1567 1666 1606 1696 de
1627 1665 1739 1704 quain
1756 1665 1885 1696 nostris
1901 1664 2027 1695 litteris
2043 1664 2117 1694 lieri
2135 1663 2254 1694 debeat
2271 1672 2361 1695 men-

1342 1719 1389 1748 tio
1403 1718 1574 1756 specialis.
1591 1718 1642 1748 Ita
1663 1718 1753 1757 quod
1772 1727 1813 1748 ex
1835 1717 1896 1748 hoc
1913 1718 2055 1757 Rigensi
2073 1717 2214 1748 ecclesie
2233 1718 2268 1747 in
2285 1726 2360 1756 pos-

1344 1775 1453 1801 terum
1468 1771 1690 1810 prejudicium
1711 1771 1843 1801 nullum
1867 1772 1935 1801 liat.
1962 1771 2087 1801 Datum
2106 1770 2196 1809 apud
2218 1770 2360 1801 Urbem-

1344 1827 1504 1861 veterem‚
1522 1834 1591 1854 xvu
1611 1824 1774 1854 kalendas
1791 1824 2008 1863 septembris,
2027 1832 2114 1854 anno
2131 1824 2207 1854 1110.
2223 1836 2238 1852 »

1435 2009 1506 2039 712
1932 2006 2055 2036 ‹li-vieto,
2073 2006 2107 2032 26
2122 2008 2188 2033 aeut
2209 2007 2284 2034 1264.

1381 2093 1549 2118 l‘roeessum
1563 2092 1596 2117 de
1613 2091 1734 2125 imperio
1748 2091 1874 2117 Romano
1889 2091 1962 2117 inter
1976 2090 2165 2124 Alphousum,
2178 2098 2276 2125 regem
2291 2092 2358 2118 Cas-

1344 2141 1439 2170 tellac,
1457 2143 1482 2166 et
1501 2140 1682 2169 liiccardum,
1701 2139 1839 2166 comitem
1859 2139 2028 2165 cornubiae.
2048 2139 2172 2174 litigato,
2193 2141 2228 2166 ad
2250 2147 2358 2167 annum

1342 2199 1357 2215 a
1377 2189 1448 2216 festo
1463 2190 1490 2215 h.
1512 2190 1640 2215 Andreae
1656 2188 1779 2223 apostoli
1795 2189 2032 2222 computandum,
2052 2191 2198 2223 prorogat.
2216 2188 2296 2223 (Rea.
2312 2189 2358 2221 28,

1347 2237 1396 2266 fol.
1417 2240 1449 2265 78
1467 2244 1504 2267 ψ,
1523 2246 1590 2264 aun.
1615 2237 1661 2268 ΙΙΙ,
1679 2242 1709 2264 n⁰
1723 2238 1799 2271 314.)

1383 2354 1397 2373 α
1432 2343 1482 2373 :ld
1513 2342 1652 2382 futuram
1681 2342 1725 2371 rei
1757 2342 1941 2371 memoriam.
1974 2342 2066 2372 Inter
2093 2342 2291 2373 carissimos
2322 2343 2356 2373 in

1343 2397 1476 2427 Christo
1499 2396 1589 2426 tilios
1611 2397 1746 2426 nostros
1764 2399 1818 2431 A„
1840 2403 1952 2433 regem
1970 2395 2117 2426 Castelle
2139 2404 2176 2425 ac
2194 2396 2356 2436 LegioniS

1342 2450 1530 2483 illustrem,
1559 2450 1591 2479 et
1620 2448 1823 2479 Riccardum
1850 2449 1882 2478 in
1912 2449 2145 2478 Romanorum
2172 2457 2268 2488 reges
2297 2457 2358 2489 per

1311 2500 1312 2504 ’
1342 2503 1524 2534 electiones
1539 2502 1651 2532 varias
1666 2502 1698 2531 in
1712 2501 1883 2531 discordia
1896 2500 2095 2537 celebratas,
2107 2501 2244 2538 electos,
2255 2510 2358 2541 super

1343 2556 1525 2587 obtinenda
1551 2555 1690 2594 Imperii
1711 2555 1884 2594 dignitate,
1914 2555 2073 2585 inimicus
2098 2554 2198 2586 homo
2224 2558 2359 2588 conten-

1342 2610 1445 2640 tionis
1464 2609 1640 2639 materiam
1657 2609 1846 2639 suscitavit.
1867 2609 1906 2638 Et
1922 2608 2011 2644 lieet,
2030 2610 2099 2638 tam
2115 2610 2266 2648 tempore
2285 2609 2358 2640 seli-

1311 2666 1312 2676 *
1343 2663 1391 2693 cis
1414 2662 1658 2693 recordationis
1683 2661 1867 2691 Alexandri
1889 2670 1986 2700 pape,
2008 2661 2262 2700 predecessoris
2279 2670 2355 2693 nos-

1342 2716 1397 2752 tri,
1418 2724 1518 2755 quam
1537 2717 1664 2751 nostro,
1685 2715 1725 2745 ad
1750 2715 1934 2745 sedandam
1960 2715 2211 2745 contentionem
2234 2715 2356 2754 ipsam,

1343 2769 1434 2799 sedis
1461 2769 1644 2807 apostolice
1673 2768 1917 2807 circumspecta
1945 2768 2094 2806 provisio
2123 2768 2277 2799 diversos
2301 2777 2357 2799 ex-

1343 2822 1499 2861 quisierit
1530 2821 1647 2852 modos
1677 2823 1707 2852 et
1730 2821 1814 2857 vias,
1836 2824 1865 2852 et
1886 2824 2064 2860 propterea
2088 2821 2297 2853 voluntatem
2324 2822 2357 2852 in

1343 2876 1403 2905 hoc
1424 2874 1665 2905 nichilominus
1693 2874 1840 2913 partium
1864 2882 2026 2913 expresse
2048 2873 2183 2913 litigare
2207 2883 2242 2905 se
2267 2874 2357 2906 nolle

1343 2928 1527 2958 dicentium
1555 2927 1801 2966 prosequende,
1830 2927 2001 2957 distulerit
2030 2927 2117 2957 inter
2148 2936 2205 2958 eas
2231 2928 2356 2966 judicis
