2547 3289
1012 252 1250 290 TROIleME
1282 253 1445 290 ANNEE.

184 344 333 374 »eodem
352 344 514 374 cardinali
537 343 734 382 aliquandiu
757 343 789 372 in
809 343 926 373 eadem
947 351 1049 372 causa
1065 351 1196 381 proces—

183 406 200 426 »
218 406 292 426 sum
302 397 399 433 foret,
413 399 526 435 partes
541 397 612 435 ipse
625 396 777 426 volentes
787 396 893 425 vitare
904 395 1024 434 litigia,
1039 395 1196 425 videlicet

184 458 201 478 »
220 449 306 480 idem
333 449 512 489 presbyter
543 449 795 488 presentialiter
823 457 882 487 pro
911 457 946 478 se
972 450 1003 478 et
1035 448 1196 487 magister

184 511 200 531 »
217 503 385 533 Henricus
406 503 445 533 de
461 503 612 538 Lim-unt,
634 503 777 532 clericus
793 504 990 540 procurator
1007 501 1146 540 capituli
1164 502 1195 531 et

186 564 202 584 »
219 557 373 595 magistri
384 557 529 587 XValteri
544 556 784 594 predictorum,
798 564 858 594 pro
871 555 920 584 eis
935 563 953 584 a
965 554 1088 593 quibus
1098 553 1195 584 habet

185 617 202 638 »
220 609 261 638 ad
303 609 645 648 compromittenduni
680 610 711 638 et
748 607 1016 646 componendum
1051 607 1196 646 speciale

185 671 202 691 »
220 662 428 697 mandatum,
447 664 545 701 prout
565 663 599 692 in
617 662 742 692 litteris
760 661 1004 700 procuratoriis
1026 660 1102 690 inde
1121 669 1198 690 con-

185 724 202 744 »
221 715 330 751 fectis,
349 724 491 754 quarum
504 717 599 745 tenor
616 715 760 745 inferius
771 716 962 749 annotatur,
976 713 1110 752 plenius
1125 722 1199 743 con—

186 776 202 797 »
221 769 358 804 tinetur,
380 769 413 798 in
431 769 602 807 presentia
617 768 682 797 mei
701 767 892 802 Guillelmi‚
913 767 1035 796 notarii
1055 768 1085 796 et
1105 766 1199 796 subs-

185 830 202 850 »
223 821 409 860 criptorum
455 821 594 851 testium
635 822 845 859 rogatorum,
886 829 988 858 super
1031 828 1131 849 causa
1168 821 1200 849 et

186 882 202 903 »
221 875 397 913 questione
415 873 622 912 hujusmodi,
642 873 675 903 in
694 873 925 912 supradictum
943 872 1118 902 dominum
1134 881 1200 902 car-

186 936 203 956 »
222 927 370 957 dinalem
385 928 557 965 tamquam
576 926 609 955 in
625 926 801 961 arbitrum,
818 925 1056 955 arbitratorem
1070 926 1101 955 et
1121 925 1202 955 ami-

187 988 204 1009 »
221 979 363 1010 cabilem
394 979 657 1018 compositorem
683 978 958 1016 compromittere
986 979 1200 1013 curaverunt,

186 1040 203 1061 »
221 1032 437 1068 ordinationi,
468 1031 579 1068 laudo,
615 1031 826 1068 diffinitioni,
854 1030 1021 1060 voluntati
1049 1032 1079 1060 et
1115 1030 1202 1060 arbi-

189 1086 288 1115 »trio
314 1086 425 1125 ipsius
453 1085 583 1115 domini
604 1084 787 1115 cardinalis
812 1092 847 1113 se
876 1083 1027 1114 totaliter
1049 1083 1202 1113 summit-

191 1147 208 1167 »
225 1140 347 1173 tentes,
373 1139 555 1178 judiciaria
580 1138 747 1177 potestate
775 1138 841 1176 ipsi
869 1136 1006 1167 domino
1038 1136 1203 1166 cardinali

189 1200 207 1220 »
223 1191 466 1221 nichilominus
483 1192 667 1226 reservata,
682 1190 885 1229 promittens
900 1189 1011 1220 dictus
1025 1189 1204 1229 presbyter

188 1254 206 1274 »
222 1253 281 1283 pro
311 1253 358 1278 se,
387 1244 497 1274 dictus
530 1245 642 1274 autem
676 1243 839 1283 magister
868 1243 1036 1274 Henricus
1068 1243 1204 1274 nomine

189 1306 205 1326 »
224 1297 458 1336 procuratorio
485 1297 625 1336 capituli
643 1298 675 1327 et
696 1297 852 1336 magistri
874 1296 1021 1327 Walteri
1041 1296 1205 1335 predicto-

189 1359 206 1380 »
223 1359 310 1384 rum,
327 1350 390 1380 sub
412 1350 616 1389 juramentis
642 1350 714 1380 suis
739 1349 960 1389 corporaliter
984 1349 1149 1388 prestitis,
1173 1350 1204 1379 et

189 1412 206 1432 »
224 1403 286 1433 sub
302 1412 388 1442 pena
402 1404 538 1434 centum
555 1411 745 1433 marcarum
762 1402 890 1442 argenti
906 1402 993 1441 parti
1010 1401 1204 1432 observanti

191 1468 204 1483 »
227 1465 244 1486 a
256 1458 349 1495 parte
362 1456 536 1486 resiliente
549 1456 798 1486 reddendarum
810 1457 841 1485 et
851 1455 1103 1490 solvendarum,
1114 1455 1204 1493 quic—

190 1518 207 1538 »
227 1509 308 1548 quid
326 1518 428 1548 super
446 1509 513 1539 hiis
542 1508 583 1539 ab
601 1509 718 1539 eodem
736 1509 873 1539 domino
896 1508 1070 1538 cardina-ll.
1090 1516 1205 1538 secun-

190 1572 206 1592 »
225 1563 304 1592 dum
321 1563 410 1601 quod
434 1563 464 1592 ei
488 1563 600 1593 visum
628 1562 729 1592 fuerit
751 1562 921 1600 expedire,
949 1561 1203 1595 sententiatum,

191 1625 208 1645 »
224 1615 438 1651 arbitratum,
455 1616 660 1651 ordinatum,
682 1617 858 1652 statutum,
879 1615 1055 1654 provisum
1075 1616 1106 1645 et
1131 1623 1205 1653 pro-

190 1678 207 1698 »
224 1669 417 1699 nuntiatum
431 1669 544 1705 fuerit,
553 1671 715 1708 perpetuo
726 1678 761 1699 se
772 1668 1015 1699 inviolabiliter
1026 1667 1205 1698 observare

190 1731 208 1752 »
225 1725 256 1754 et
272 1724 387 1753 tenere
404 1725 435 1753 et
454 1731 514 1761 per
533 1731 571 1752 se
586 1723 639 1752 vel
657 1731 717 1761 per
737 1722 842 1752 alium
861 1722 896 1751 in
915 1721 1121 1752 contrarium
1140 1729 1205 1751 non

192 1785 208 1805 »
226 1776 352 1812 venire,
368 1777 600 1806 renuntiantes
614 1775 655 1805 ad
670 1775 815 1806 invicem
828 1774 986 1806 omnibus
1001 1774 1205 1813 exceptioni-

192 1838 208 1858 »
226 1828 289 1859 bus
306 1829 375 1859 doli
403 1831 435 1859 et
456 1829 598 1865 fraudis,
616 1831 648 1859 et
674 1829 765 1859 omni
793 1837 831 1859 eo
855 1837 913 1867 per
932 1828 1022 1867 quod
1038 1828 1205 1866 premissa

193 1882 278 1912 »vel
308 1882 438 1920 aliquid
466 1883 712 1921 premissorum
737 1881 893 1920 impediri
920 1883 1059 1920 possent
1087 1881 1140 1911 vel
1157 1881 1206 1910 in-

193 1944 210 1964 »
230 1935 344 1975 fringi,
385 1935 536 1965 volentes
567 1935 667 1965 etiam
701 1937 731 1965 et
761 1943 922 1974 expresse
955 1934 1205 1965 consentientes

193 1998 210 2017 »
226 1988 326 2027 quod,
344 1989 502 2027 quotiens
517 1988 557 2018 ab
576 1988 660 2027 ipsis
676 1988 729 2018 vel
744 1988 858 2027 aliquo
873 1996 989 2018 eorum
1003 1989 1118 2017 contra
1132 1996 1203 2026 pre-

176 2041 210 2071 »
227 2042 316 2072 dicta
342 2042 395 2071 vel
430 2041 558 2080 aliquid
590 2041 818 2080 predictorum
849 2042 960 2071 actum
986 2040 1040 2070 vel
1068 2042 1205 2070 ventum

192 2104 209 2124 »
226 2095 340 2131 fuerit,
356 2095 481 2125 totiens
489 2104 575 2134 pena
583 2095 815 2125 committatur
823 2094 1124 2132 eadeni‚predictis
1136 2102 1208 2124 sen-

193 2157 210 2178 »
229 2148 345 2184 tentia,
371 2148 524 2185 arbitrio,
542 2148 768 2180 ordinatione,
788 2147 1045 2186 compositione,
1066 2148 1204 2183 statuto,

194 2210 210 2230 »
228 2202 339 2238 laudo,
353 2202 441 2231 dicto
455 2201 692 2240 etprovisione
710 2200 998 2231 nichilominusin
1016 2209 1076 2230 suo
1087 2199 1206 2230 robore

194 2263 211 2283 »
231 2255 416 2284 duraturis
440 2255 561 2284 Actum
582 2254 670 2292 apud
690 2253 969 2285 Urbemveterem
991 2252 1207 2292 presentibus

195 2317 211 2336 »
228 2307 294 2337 hiis
314 2307 461 2337 testibus
478 2307 634 2336 videlicet
653 2307 790 2336 domino
810 2307 956 2336 Viviano
970 2307 1081 2345 priore
1101 2306 1207 2336 sancti

196 2370 212 2390 »
230 2360 457 2391 Bartholomei
469 2360 507 2390 de
524 2360 680 2398 Figuino,
698 2360 836 2390 domino
853 2359 1038 2390 Guillelmo
1053 2359 1092 2389 de
1109 2359 1207 2389 Braio

197 2423 213 2443 »
231 2413 443 2453 presbytero,
468 2413 588 2451 Egidio
618 2415 747 2442 rectore
770 2412 910 2442 ecclesie
938 2412 977 2442 de
1004 2412 1208 2451 Audegnies,

197 2476 214 2496 »
229 2467 380 2497 Johanne
404 2466 443 2496 de
469 2466 650 2496 Cameraco
680 2465 813 2501 clerico,
834 2467 865 2495 et
891 2465 1066 2496 Guarnero
1092 2465 1131 2495 de
1150 2465 1210 2496 Ur-

198 2530 214 2549 »
231 2522 346 2551 monte
365 2519 507 2555 notario,
527 2519 656 2549 vocatis
675 2521 706 2549 et
723 2519 861 2557 rogatis,
887 2518 949 2548 sub
968 2527 1054 2548 anno
1072 2518 1210 2548 Domini

198 2583 214 2603 »
232 2574 277 2604 M⁰
298 2573 364 2604 CC⁰
388 2573 460 2603 LX⁰
485 2573 597 2608 tertio,
629 2572 813 2602 indictione
839 2582 895 2607 vii,
921 2580 1035 2602 mense
1064 2571 1212 2602 octobris

198 2636 215 2657 »
234 2627 287 2658 die
304 2636 404 2662 xxm,
422 2626 639 2665 pontificatus
656 2626 786 2656 domini
803 2625 931 2656 Urbani
943 2633 1028 2664 pape
1047 2625 1111 2654 IIII
1126 2633 1212 2655 anno

201 2692 215 2707 »
232 2680 346 2710 tertio.

239 2739 256 2759 1(
275 2729 386 2759 Το1101
410 2727 660 2767 procurationis
687 2727 874 2766 supradicti
895 2727 1048 2766 magistri
1075 2726 1214 2756 Henrici

201 2781 281 2812 talis
298 2783 349 2812 est
370 2792 374 2810 ;

239 2844 255 2865 (1
278 2834 431 2864 Universis
442 2838 599 2873 presentes
617 2832 735 2863 litteras
752 2833 935 2872 inspecturis
954 2855 971 2862 ..
992 2832 1138 2871 officialis
1159 2832 1215 2863 Ca-

203 2897 220 2918 »
238 2887 419 2917 meracensis
431 2887 557 2916 salutem
569 2887 601 2916 in
614 2885 757 2916 Domino.
774 2886 913 2916 Noverit
929 2886 1134 2916 universitas
1147 2894 1218 2916 ves-

203 2951 219 2971 »
234 2943 286 2971 tra
311 2940 401 2980 quod
423 2939 636 2971 venerabiles
655 2939 720 2969 viri
742 2939 929 2978 capitulum
952 2941 1065 2969 sancte
1098 2939 1217 2970 Crucis

330 3003 470 3030 URBAIN
494 3002 547 3034 IV,
569 3004 591 3029 t,
612 3001 651 3033 11,
675 3003 739 3036 Req.
761 3001 821 3029 ord.

2208 262 2269 292 473

1258 351 1274 371 »
1291 343 1545 373 Cameracensis
1564 346 1595 373 et
1618 344 1777 383 magister
1798 344 1969 374 XValtei·1is
1991 345 2029 374 uie
2046 345 2266 383 sollempniis

1258 404 1273 423 »
1291 395 1434 425 clericus
1464 396 1662 435 magistrum
1694 397 1878 426 Henriculn
1912 397 1951 426 ‹l·›
1984 398 2123 427 Liernut
2155 399 2186 427 01
2213 398 2266 427 Ja-

1258 457 1273 476 »
1293 447 1412 478 cobum
1432 449 1472 478 de
1490 449 1706 487 Warigniaco
1726 450 1877 479 clericos.
1899 450 2023 480 latores
2044 451 2264 488 pres-entium,

1258 510 1274 529 »
1294 510 1373 530 suos
1402 511 1514 531 coram
1549 502 1645 531 nobis
1683 503 1929 532 constituerunt
1970 505 2204 541 procuratores
2236 505 2266 533 et

1259 564 1274 583 »
1292 555 1476 593 quemlibet
1494 565 1608 585 eorum
1629 556 1882 591 11150111111111,11;1
1901 557 1988 594 1111011
2007 557 2127 586 nonsit
2148 557 2268 587 11101101

1259 616 1275 636 »
1293 608 1440 639 conditio
1451 610 1695 647 oceupamis‚in
1707 618 1916 648 causa-[uum
1927 610 1990 648 ipsi
2003 609 2122 639 liabent
2134 611 2165 639 111
2176 610 2269 640 curia

1260 670 1276 689 »
1294 661 1445 691 Romana
1477 663 1592 691 contra
1624 662 1798 692 <lominum
1828 662 2019 692 Amandum
2049 662 2088 693 de
2120 663 2268 693 Castello

1260 722 1276 742 »
1294 714 1544 752 presbyterum,
1562 724 1662 753 super
1677 715 1868 752 provisione
1886 715 1949 753 ipsi
1964 715 2162 754 presbytero
2177 716 2211 745 in
2223 724 2271 746 es·-

1261 775 1278 795 »
1295 767 1397 796 clesia
1424 770 1535 798 sancte
1555 768 1673 797 Crucis
1694 768 1948 798 Cameracensis
1969 768 2131 803 facienda,
2153 769 2270 799 dantes·

1262 828 1278 848 »
1296 820 1424 850 eisdem
1442 820 1718 859 procuratoribus
1738 821 1810 850 suis
1831 823 1861 851 et
1882 820 2018 851 cuilibet
2037 830 2151 851 eorum
2172 822 2204 851 iu
2223 830 2271 851 50-

1263 881 1279 900 »
1296 872 1402 902 lidum
1419 875 1618 911 potestatem
1635 874 1665 903 et
1686 873 1881 903 inundatum
1897 874 2042 912 speciale
2057 875 2271 912 compromit-

1264 934 1280 954 »
1297 926 1401 962 tendi,
1420 927 1555 956 nomine
1569 927 1732 965 ipsorum,
1749 935 1824 956 cum
1846 927 1933 956 dicto
1951 927 2086 957 domino
2106 928 2271 962 Amando,

1265 978 1523 1009 »amicabiliter
1552 980 1773 1018 componendi
1802 980 1835 1009 in
1868 980 1956 1009 dicta
1988 988 2089 1009 causa
2117 981 2147 1009 et
2172 981 2275 1010 etiam

1265 1031 1477 1062 »ordinandi
1504 1033 1533 1062 et
1561 1033 1674 1062 onmia
1698 1032 1765 1062 alia
1786 1033 1930 1062 faciendi
1959 1032 2060 1062 etiam
2088 1033 2120 1062 in
2151 1033 2274 1071 quibus

1265 1094 1281 1114 »
1300 1085 1484 1123 requiritur
1494 1087 1525 1115 et
1538 1086 1686 1124 exigitur
1699 1086 1894 1115 mandatum
1912 1086 2069 1124 5110011110,
2082 1089 2110 1116 01
2129 1094 2192 1124 que
2208 1086 2275 1124 ipsi

1266 1147 1282 1166 »
1300 1138 1486 1176 capitulum
1502 1139 1534 1168 et
1552 1139 1781 1177 111-«11115101Ἆῖ
1796 1138 1937 1177 predicti
1956 1138 2101 1169 facerent
2122 1139 2155 1168 in
2174 1148 2276 1169 causa

1267 1200 1282 1219 »
1301 1191 1451 1228 predicta
1484 1191 1535 1221 vel
1571 1191 1679 1221 facere
1711 1193 1850 1230 possent
1883 1192 1911 1221 si
1945 1193 2120 1229 presentes
2149 1194 2274 1227 essent,

1267 1252 1283 1272 »
1299 1244 1416 1274 dantes
1428 1244 1530 1274 etiam
1542 1245 1746 1282 potestatem
1763 1246 1793 1274 et
1810 1245 2005 1274 mandatum
2017 1244 2161 1283 speciale
2175 1245 2276 1275 dictis

1267 1296 1577 1336 »procuratoribus
1604 1297 1676 1327 suis
1700 1298 1730 1327 et
1762 1297 1899 1328 cuilibet
1919 1306 2034 1328 eorum
2066 1298 2097 1326 in
2129 1298 2277 1327 solidum

1267 1350 1528 1380 »constituendi
1559 1359 1618 1380 seu
1644 1350 1873 1380 substituendi
1898 1351 2002 1380 alium
2023 1352 2277 1389 procuratorem

1267 1412 1284 1432 »
1301 1403 1353 1433 vel
1372 1403 1553 1439 aliOS,loco
1573 1403 1637 1439 sui,
1652 1404 1709 1442 qui
1723 1403 1872 1433 similem
1885 1404 1918 1433 in
1935 1404 2115 1441 premissis
2135 1403 2277 1433 habeant

1268 1465 1284 1484 1)
1300 1457 1514 1494 potestatem,
1534 1457 1645 1486 ratum
1662 1457 1692 1487 et
1720 1456 1856 1486 firmum
1874 1456 2024 1486 habituri
2049 1456 2209 1494 quicquid
2228 1465 2280 1485 su-

1267 1518 1283 1538 »
1301 1517 1360 1548 per
1379 1510 1557 1548 premissis
1578 1510 1736 1540 omnibus
1756 1513 1787 1540 et
1804 1510 1960 1549 singulis,
1981 1518 2041 1549 pro
2064 1510 2148 1548 ipsis
2173 1511 2204 1539 et
2223 1518 2280 1540 no-

1267 1571 1284 1591 »
1301 1563 1391 1593 mine
1420 1563 1582 1601 ipsorum,
1604 1571 1664 1601 per
1692 1563 1864 1601 predictos
1881 1563 1923 1593 H.
1944 1564 1974 1593 et
1995 1563 2025 1593 J.
2044 1564 2280 1601 procuratores

1267 1624 1283 1644 »
1302 1616 1354 1646 vel
1371 1615 1595 1646 substitutum
1608 1616 1649 1645 ab
1667 1616 1807 1652 eisdem,
1826 1616 1878 1646 vel
1896 1616 2001 1646 altero
2021 1624 2137 1645 eorum
2155 1614 2280 1645 factum

1267 1678 1283 1698 »
1304 1669 1405 1699 fuerit
1422 1669 1494 1699 sive
1513 1669 1658 1703 (111-1111113
1678 1669 1767 1708 quod
1783 1671 1897 1699 tenore
1917 1669 2128 1707 presentium
2148 1668 2280 1698 univer-

1268 1731 1284 1750 »
1302 1722 1396 1752 sitati
1413 1723 1526 1752 vestre
1550 1722 1709 1752 volumus
1729 1730 1804 1752 esse
1820 1725 1949 1752 notum.
1970 1722 2094 1751 Datum
2115 1730 2200 1751 anno
2218 1721 2280 1751 Do-

1267 1784 1283 1804 »
1302 1775 1386 1805 mini
1399 1775 1639 1809 M.CC.LXIH‚
1656 1775 1740 1805 feria
1754 1778 1850 1805 sexta
1864 1777 1940 1805 ante
1955 1774 2174 1804 Nativitatem
2184 1774 2280 1804 beate

1268 1838 1284 1858 11
1302 1829 1465 1868 Virginis.
1502 1829 1541 1858 Et
1576 1837 1636 1867 ego
1664 1828 1869 1859 Gruillelmus
1902 1828 2046 1863 Nicolai,
2081 1827 2279 1857 auctoritate

1267 1891 1284 1911 »
1301 1883 1414 1912 sancte
1433 1883 1583 1913 Romane
1608 1882 1749 1912 ecclesie
1767 1882 1931 1917 notarius⁷
1952 1881 2102 1920 predicto
2129 1888 2279 1919 compro-

1267 1945 1283 1965 »
1301 1936 1407 1966 misso
1429 1935 1491 1965 sub
1508 1935 1697 1973 prescripta
1716 1935 1823 1965 forma
1845 1935 1929 1964 t'acto
1949 1942 2089 1972 presens
2109 1934 2157 1963 sui
2180 1935 2223 1971 et,
2243 1934 2278 1963 ut

1268 1998 1284 2017 »
1304 1988 1462 2027 superius
1481 1989 1617 2027 legitur,
1646 1988 1685 2018 de
1710 1988 1881 2018 voluntate
1899 1987 2127 2026 predictorum
2151 1986 2279 2016 domini

1268 2051 1284 2070 »
1303 2042 1449 2072 Amandi
1469 2043 1500 2071 et
1517 2042 1672 2080 magistri
1692 2041 1842 2073 Henrici.
1862 2041 1983 2078 scripsi
2005 2043 2034 2070 et
2054 2040 2086 2069 111
2106 2038 2279 2078 publicum

1269 2104 1285 2124 »
1302 2095 1415 2134 redegi
1432 2097 1581 2133 rogatus.
1603 2103 1619 2123 »

1308 2149 1381 2179 «Et
1401 2157 1472 2187 ego,
1499 2148 1706 2178 Guillelinus
1727 2147 1858 2177 Nicolai
1878 2146 2061 2185 predictus,
2082 2146 2280 2176 auctoritate

1269 2203 1382 2232 sancte
1416 2202 1566 2232 Romane
1587 2201 1728 2231 ecclesie
1756 2200 1908 2230 notarius
1934 2208 1969 2229 ac
1994 2199 2115 2237 prefati
2147 2199 2276 2228 domini

1269 2255 1452 2286 cardinalis
1470 2255 1590 2289 scriba,
1613 2255 1793 2293 prolationi
1821 2254 1907 2284 ‹lic-te
1933 2253 2110 2288 sententie,
2132 2252 2277 2286 arbitrii,

1270 2308 1506 2343 ordinationis,
1536 2308 1755 2346 provisionis,
1775 2307 1991 2336 diffinitionis
2018 2308 2048 2336 et
2067 2306 2184 2335 statuti
2206 2314 2281 2344 pre-

1270 2362 1436 2391 dictorum
1455 2369 1596 2399 presens
1615 2361 1674 2395 tui,
1693 2362 1736 2395 et,
1756 2362 1789 2390 ut
1806 2360 1963 2398 superius
1977 2359 2110 2398 legitur.
2132 2359 2171 2388 de
2189 2367 2281 2389 man-

1271 2415 1348 2445 dato
1379 2415 1458 2444 dicti
1502 2414 1629 2443 1101111111
1663 2413 1858 2449 cardinalis,
1889 2413 2119 2451 predictorum
2152 2411 2282 2441 domini

1272 2467 1417 2498 Amandi
1432 2469 1463 2497 et
1482 2467 1634 2506 magistri
1649 2467 1787 2496 Henrici
1803 2466 2048 2496 interveniente
2068 2473 2210 2495 assensu
2225 2472 2281 2503 pa-

1272 2521 1354 2551 riter
1372 2522 1404 2551 et.
1422 2529 1600 2555 consensu,
1630 2520 1750 2558 scripsi
1776 2521 1805 2549 et
1831 2520 1863 2549 in
1881 2518 2051 2557 publicani
2072 2518 2215 2548 formam
2234 2525 2283 2547 re-

1273 2574 1349 2613 degi
1366 2582 1506 2612 11100111ιο
1524 2573 1619 2612 signo
1637 2573 1780 2612 signavi.
1802 2582 1818 2600 »

1314 2627 1408 2658 Nulli
1436 2635 1513 2665 ergo
1542 2628 1654 2656 nostre
1679 2626 1946 2656 confirmationis
1965 2627 2025 2655 etc.
2046 2625 2169 2655 Datum
2196 2623 2285 2662 apud

1275 2680 1563 2715 Urbemveterem,
1589 2689 1609 2708 11
1627 2679 1789 2709 kalendas
1802 2679 1961 2717 januarii,
1983 2686 2070 2708 anno
2087 2677 2199 2707 tertio.
2219 2685 2235 2704 »
