2547 3289
206 210 246 240 45
964 193 1216 224 ltlssGIs'sleS
1240 192 1453 224 D'URBAIN
1478 191 1535 222 IV.

207 300 320 332 copus,
335 293 363 319 te
387 284 578 317 auctoritate
604 282 788 312 litterarum
815 276 1070 317 apostolicarum
1100 273 1213 303 citavit

206 340 435 384 peremptorie,
458 339 492 367 ut
510 336 596 367 infra
617 335 742 364 certum
762 330 939 361 terminum
959 328 1067 359 officio
1088 326 1210 357 benefi-

206 397 320 434 cioque
342 398 536 429 suspensus,
553 385 771 426 personaliter
791 381 971 422 apostoIICO
999 381 1028 409 te
1055 387 1210 416 conspec-

205 446 483 486 tnipresentares,
502 450 539 471 ac
555 440 695 469 dilectus
711 437 801 468 filius
820 436 931 466 noster
948 434 1002 469 R„
1021 432 1126 463 sancti
1145 432 1211 461 An-

205 501 269 541 geli
285 499 444 529 diaconus
460 491 763 527 cardinalia-eidem
781 489 947 527 Stephano
965 487 998 516 in
1020 483 1211 523 hujusmodi

205 553 335 592 negotio
352 550 392 581 ab
408 549 522 579 eodem
542 546 773 585 predecessore
796 543 891 572 datus
907 540 1048 573 auditor,
1072 540 1114 574 te,
1133 537 1211 577 quia

206 598 663 642 noncomparuistiinstatuto
681 596 820 626 termino
836 602 945 624 coram
962 599 1210 628 eo,excomniu-

205 657 381 690 nicationis
396 653 557 685 sententia
573 650 746 681 innodavit
777 647 930 678 Prefatus
948 653 1078 684 quoque
1099 643 1210 683 prede-

204 720 316 743 cessor
327 707 518 740 auctoritate
528 703 709 743 apostolica
723 701 875 732 statuitte
888 699 1044 730 omnibns
1057 705 1210 737 persona-

204 766 304 799 tibus,
315 760 492 802 prebendis
501 760 531 789 et
541 756 714 788 beneficiis
724 753 968 786 ecclesiasticis,
981 750 1210 789 indulgentiis,

204 813 523 857 dispensationibus,
541 810 658 841 litteris
671 810 701 839 et
719 808 833 847 gratiis
849 804 1041 845 apostolicis
1056 812 1119 842 que
1134 804 1211 833 tunc

207 869 391 905 obtinebas,
409 876 447 897 eo
464 866 536 905 ipso
553 864 622 894 fore
644 862 810 901 privatum
828 861 859 890 et
882 867 1019 898 prorsus
1031 856 1212 887 inhabilem

205 924 245 956 ad
261 923 325 953 alia
334 918 525 960 hujusmodi
538 915 715 947 obtinenda
733 914 797 944 nisi
812 913 897 942 infra
908 920 966 942 sex
979 918 1109 940 menses
1126 916 1212 939 com-

204 975 368 1017 putandos
393 982 432 1003 ex
448 973 537 1006 tunc,
559 968 739 999 memorato
755 966 923 1004 Stephano
940 964 990 994 vel
1008 961 1212 1002 procuratori

206 1029 359 1067 suo,ejus
374 1021 793 1062 nomine,prenominatam
809 1017 1011 1057 prebendam
1030 1015 1166 1055 pacifice
1184 1015 1215 1044 et

206 1082 315 1122 quiete
341 1079 525 1109 dimitteres
554 1084 591 1105 ac
623 1073 720 1112 plene
745 1071 954 1102 satisfaceres
976 1070 1016 1099 de
1037 1067 1212 1101 fructibus,

206 1133 402 1167 redditibus,
422 1128 639 1170 proventibus
656 1125 820 1165 perceptis
836 1133 876 1154 ex
898 1132 937 1154 ea
958 1124 989 1152 et
1009 1122 1066 1161 qui
1088 1120 1213 1160 percipi

205 1187 395 1228 potuerunt,
408 1191 536 1214 necnon
566 1181 605 1211 de
622 1178 777 1218 dampnis
793 1178 823 1207 et
850 1176 983 1216 injuriis
1003 1184 1039 1205 ac
1058 1174 1214 1213 expensis

206 1249 269 1280 que
288 1240 412 1269 dictum
431 1235 637 1274 Stephanum
662 1232 795 1271 propter
819 1230 880 1259 hoc
898 1229 1016 1259 fecisse
1038 1227 1213 1260 constaret,

207 1293 260 1323 vel
274 1290 475 1323 sustinuisse
489 1289 544 1317 aut
559 1286 657 1316 etiam
668 1283 920 1314 incur1·isse.'l*u
938 1282 1058 1316 autem,
1071 1279 1213 1309 510111111-

208 1346 312 1377 lectus
332 1344 421 1374 filius
438 1341 594 1379 magister
609 1339 663 1372 R,
681 1337 737 1376 qui
761 1345 819 1375 pro
845 1334 1024 1364 memorato
1047 1332 1214 1371 Stephano

207 1396 431 1438 procuratoris
456 1394 489 1423 in
508 1393 568 1422 1100
586 1399 703 1430 gerens
730 1388 888 1424 officinm,
908 1385 1100 1425 hujusmodi
1117 1393 1214 1422 nego-

207 1451 291 1482 tium
306 1450 367 1479 fuit
384 1448 418 1478 in
430 1445 550 1484 Anglia
567 1443 773 1483 prosecutus,
784 1441 934 1479 patenter
948 1438 1101 1473 affirmat,
1117 1445 1216 1475 quam

208 1503 271 1534 cito
288 1499 480 1541 hujiismodi
496 1496 687 1528 constitutio
704 1494 745 1524 ad
762 1495 850 1524 tuam
868 1501 926 1531 per
943 1491 1085 1522 eundem
1101 1498 1216 1528 procu-

208 1559 348 1587 ratorem
364 1552 514 1593 pervenit
529 1550 691 1582 notitiam,
707 1547 868 1586 prefatam
890 1544 1092 1584 prebendam
1109 1543 1216 1572 eidem

208 1610 374 1649 Stephano
395 1605 553 1637 dimisisti
574 1603 713 1633 liberam
731 1602 763 1631 et
783 1600 941 1638 quietam,
960 1606 996 1627 ac
1012 1595 1217 1636 procuratori

208 1671 268 1694 5110
285 1662 356 1701 ejus
372 1661 504 1690 nomine
517 1658 556 1687 de
572 1654 746 1688 fructibus,
760 1652 943 1683 redditibus
959 1651 989 1680 et
1000 1649 1218 1689 proventibus

208 1724 245 1746 ac
260 1713 424 1753 dampnis,
443 1710 599 1749 expensis
618 1710 648 1738 et
667 1707 795 1745 injuriis
812 1704 1002 1743 hujusmodi
1022 1702 1218 1733 satisfactio-

210 1777 285 1799 nem
302 1766 485 1806 plenariam
502 1761 696 1802 impendisti
712 1761 742 1790 et
760 1768 778 1789 a
793 1758 939 1798 predicta
953 1756 1219 1787 excommunica-

207 1821 309 1852 tionis
324 1818 488 1850 sententia
503 1818 534 1847 et
548 1815 813 1854 quibuscumque
827 1811 902 1841 aliis
914 1811 947 1840 in
959 1811 989 1841 te
998 1810 1131 1848 propter
1143 1809 1217 1844 hoe,

208 1880 416 1914 quacumque
453 1869 624 1901 occasione
651 1866 702 1896 vel
723 1864 927 1899 auctoritate,
956 1863 1107 1902 prolatis,
1135 1862 1219 1892 obti-

210 1926 314 1958 nuisti
338 1934 396 1964 per
420 1923 603 1963 predictum
618 1921 659 1950 R.
686 1917 889 1948 cardinalem
908 1917 947 1946 de
972 1915 1108 1954 speciali
1128 1923 1218 1944 man-

210 1979 285 2010 dato
303 1979 414 2009 nostro
429 1977 504 2006 vive
521 1974 613 2005 vocis
630 1972 763 2004 oraculo
776 1970 842 2000 sibi
860 1970 956 2005 sacto,
978 1970 1008 1998 te
1025 1968 1168 2003 absolvi,
1189 1968 1220 1997 et

209 2039 385 2072 processus
401 2030 461 2059 hae
474 2027 645 2059 occasione
660 2026 774 2056 contra
792 2025 820 2053 te
838 2023 979 2058 habitos,
999 2020 1157 2055 revocari,
1177 2020 1220 2050 si-

209 2085 264 2115 cut
279 2085 312 2114 in
330 2082 548 2114 instrumento
565 2079 698 2119 publico
728 2077 805 2107 inde
822 2075 968 2106 confecto
990 2075 1020 2104 et
1040 2073 1220 2104 cardinalis

210 2137 317 2176 ipsius
332 2135 443 2175 sigillo
466 2134 595 2171 signato
617 2131 737 2161 dicitnr
754 2128 886 2168 plenius
904 2127 1075 2157 contineri.
1096 2127 1219 2156 Verum

209 2189 365 2220 dubitans
381 2197 420 2218 ne
436 2188 587 2226 pretextu
605 2182 838 2221 suspensionis
854 2182 884 2211 et
898 2179 1143 2210 constitutionis
1164 2178 1219 2208 1111-

205 2242 352 2282 jusmodi
367 2240 471 2280 possit
487 2239 545 2269 11111
562 2237 695 2275 aliquod
710 2234 931 2274 prejiidicium
944 2232 1106 2270 generari,
1124 2231 1220 2261 nobis

210 2294 405 2334 supplicasti
421 2292 590 2322 humiliter
604 2291 648 2324 ut,
660 2296 734 2319 cum
750 2296 814 2317 non
833 2286 936 2317 fueris
956 2286 988 2315 in
1004 2294 1096 2315 mora
1112 2284 1220 2314 dimit-

208 2348 299 2379 tendi
325 2347 487 2387 prefatam
511 2343 713 2383 prebendam
735 2341 844 2371 eidem
862 2339 1028 2378 Stephano
1043 2339 1074 2368 et
1091 2337 1218 2367 satisfa-

210 2400 318 2432 ciendi
338 2400 403 2430 sibi
424 2399 462 2429 de
485 2396 671 2437 premissis,
698 2395 875 2433 postquam
891 2392 1005 2422 eadem
1028 2390 1219 2421 constitutio

210 2454 252 2484 ad
274 2453 423 2484 notitiam
448 2453 537 2481 tuam
563 2449 709 2489 predicto
734 2446 831 2477 modo
857 2444 1021 2484 provenit,
1046 2444 1220 2482 providere

210 2507 269 2538 tibi
289 2515 389 2545 super
412 2505 472 2535 hoc
498 2504 635 2542 paterna
658 2499 884 2531 sollicitudine
907 2506 1112 2528 curaremus.
1137 2497 1220 2526 Cum

211 2561 321 2591 autem
338 2560 376 2589 de
389 2557 584 2588 dimissione
600 2555 744 2594 predicte
760 2551 925 2592 prebende
943 2559 980 2581 ac
997 2550 1221 2580 satisfactione

211 2611 403 2652 hujusmodi
420 2611 514 2650 plene
534 2609 631 2639 1101115
646 2607 773 2638 constet
788 2614 846 2645 per
871 2604 1091 2634 assertionem
1114 2603 1221 2642 ipsius

211 2665 356 2704 episcopi
374 2665 404 2694 et
420 2663 584 2702 prefatum
598 2660 845 2700 procuratorem
861 2657 940 2687 dieti
961 2656 1132 2694 Stephani,
1151 2657 1221 2695 qui-

212 2718 276 2749 bus
292 2726 392 2756 super
406 2718 464 2747 hoc
475 2714 696 2746 adhibendam
705 2712 862 2743 duximus
871 2710 1003 2749 plenam
1021 2709 1132 2745 fidem,
1161 2718 1221 2740 1105

212 2771 416 2801 attendentes
431 2769 519 2808 quod
535 2777 618 2807 pena
635 2767 712 2806 plus
730 2763 862 2796 extendi
876 2771 941 2793 non
956 2762 1052 2792 debet
1071 2762 1158 2800 quod
1175 2763 1222 2792 in-

213 2822 366 2854 veniatur
377 2822 410 2852 111
422 2822 597 2853 excedente
606 2820 773 2853 delictum,
786 2817 853 2847 tuis
865 2815 1164 2855 supplicationibus
1174 2815 1221 2845 in-

213 2876 337 2914 clinati,
348 2877 388 2907 ad
400 2884 514 2916 preces
529 2874 666 2915 predicti
678 2871 824 2912 episcopi
839 2869 1044 2910 presentium
1065 2869 1127 2899 tibi
1145 2877 1219 2899 auc-

1273 273 1404 303 toritate
1420 272 1646 308 concedimus,
1662 273 1697 302 ut
1712 273 1921 310 personatus,
1938 271 2125 309 prebendas
2141 270 2284 302 0111000-

1274 325 1348 355 ficia
1366 325 1590 356 ecclesiastica
1604 333 1666 364 que
1685 324 1860 355 obtinebas
1875 325 2022 363 tempore
2040 323 2287 354 constitutionis

1273 378 1433 417 ejusdem,
1452 387 1487 408 ac
1505 378 1653 408 redditus
1670 378 1701 408 et
1718 379 1900 417 proventus
1914 386 1998 416 quos
2011 376 2119 407 medio
2137 378 2285 415 tempore

1272 431 1450 469 percepisti
1466 439 1506 460 ex
1524 431 1584 465 eis,
1601 430 1690 460 licite
1708 431 1850 461 retinere
1866 440 1902 461 ac
1914 430 2144 469 indulgentiis,
2155 429 2286 468 dispen-

1272 483 1468 521 sationibus,
1480 483 1598 513 litteris
1614 484 1645 514 et
1659 483 1775 522 gratiis
1791 483 1851 514 tibi
1866 483 1906 513 ab
1922 483 2103 522 apostolica
2115 482 2191 513 sede
2210 490 2288 512 con·

1272 536 1502 572 cessis,libere
1524 536 1572 566 uti
1593 536 1715 575 possis,
1734 537 1766 566 et
1781 535 1985 566 habitualem
2000 537 2030 566 te
2051 535 2224 566 reddimus
2241 533 2284 564 ad

1272 589 1538 628 aliahujusmodi
1553 588 1742 619 obtinenda.
1762 588 1987 619 Decernentes
2004 589 2133 618 irritum
2144 588 2283 618 etinane

1272 642 1384 681 siquid
1401 642 1439 672 de
1464 641 1709 680 personatibus,
1727 641 1906 681 prebendis
1922 642 1953 671 et
1968 641 2140 671 beneficiis
2156 640 2284 680 predic-

1272 695 1315 726 tis
1327 694 1498 725 occasione
1510 695 1749 733 premissorum
1760 694 1793 724 in
1803 695 1896 724 tuum
1911 694 2132 733 prejudicium
2146 695 2285 732 attemp-

1272 749 1377 779 tatum
1387 748 1494 778 extitit
1507 747 1575 785 (sic)
1593 747 1645 778 vel
1660 747 1692 777 in
1704 749 1874 787 posterum
1896 747 2068 785 contigerit
2085 746 2285 785 attemptari.

1274 801 1428 832 Ceterum
1458 801 1692 839 dispensamus
1721 802 1830 831 tecum
1850 809 1950 839 super
1978 800 2231 838 irregularitate,
2256 799 2286 829 si

1274 863 1374 892 quam
1392 854 1597 888 contraxisti,
1624 854 1671 883 sic
1688 862 1873 892 suspensus
1889 854 1919 883 te
1934 853 2060 883 divinis
2083 852 2204 883 officiis
2223 852 2286 882 im-

1274 907 1455 937 miscendo.
1472 906 1567 937 Nulli
1583 915 1660 945 ergo
1683 908 1794 937 nostre
1817 906 2054 941 concessionis,
2077 905 2285 936 constitutio-

1274 960 1327 991 nis
1343 961 1373 990 et
1387 959 1645 999 dispensationis
1659 960 1766 990 etc—.
1777 959 1898 989 Datum
1915 958 2067 993 Viterbii,
2080 958 2158 988 idus
2171 959 2288 997 janua·

1275 1013 1328 1048 rii,
1347 1021 1434 1043 anno
1449 1013 1568 1052 primo.
1583 1024 1598 1039 »

1345 1187 1416 1217 130
1864 1183 1987 1214 Viterbe,
2005 1184 2038 1209 223
2050 1183 2113 1218 juin
2134 1183 2212 1209 ¹262.

1312 1269 1389 1295 Helie
1405 1269 1438 1295 de
1448 1267 1620 1294 Estivanhas
1632 1266 1834 1294 tabellionatus
1850 1265 1976 1292 officium
1989 1264 2129 1292 concedit.
2143 1265 2223 1298 (Rae.
2238 1265 2284 1296 26,

1276 1317 1324 1344 fol.
1342 1318 1375 1343 34
1392 1326 1433 1350 vo,
1449 1325 1482 1343 no
1502 1318 1573 1349 ¹28.)

1319 1423 1330 1437 1·
1350 1409 1446 1449 Helye
1469 1409 1505 1438 de
1538 1407 1732 1443 Eslivanhas,
1755 1407 1863 1436 clerico
1889 1407 1919 1435 ιή
1942 1405 2107 1435 minoribus
2130 1404 2287 1434 ordinibus

1278 1463 1451 1498 constituto,
1476 1461 1692 1491 Lemovicenst's
1717 1459 1852 1490 diocesis.
1886 1459 1936 1490 Ne
1966 1460 2195 1489 contractuum
2223 1465 2291 1488 me-

1277 1517 1385 1548 moria
1415 1533 1464 1545 —-.
1497 1516 1622 1546 Datum
1650 1513 1866 1548 Viterbii,v11
1895 1513 2055 1543 kalendas
2081 1512 2168 1550 julii,
2201 1519 2288 1542 anno

1278 1570 1428 1609 primo.»

1348 1754 1416 1785 ,131
2052 1749 2123 1775 Sans
2139 1748 2214 1775 date.

1315 1834 1445 1860 Ministro
1459 1832 1626 1868 provinciali
1642 1831 1751 1858 ordinis
1763 1830 1888 1857 fratrum
1902 1830 2043 1857 Minorum
2057 1829 2084 1856 in
2098 1837 2186 1864 regno
2200 1829 2290 1857 Fran·

1279 1883 1338 1909 ciae
1355 1882 1474 1908 mandat
1490 1883 1631 1913 Quatenus
1647 1880 1767 1906 verbum
1784 1879 1911 1906 vivificae
1930 1879 2027 1905 Crucis
2050 1881 2151 1905 contra
2175 1878 2292 1906 Palaeo-

1279 1931 1377 1966 logum
1393 1931 1420 1957 10
1437 1938 1525 1965 regno
1541 1929 1679 1956 Francius
1697 1928 1816 1963 proponi
1840 1928 1937 1954 saciat.
1956 1928 2034 1960 (nm.
2058 1928 2102 1960 26,
2126 1927 2175 1954 sol.
2197 1928 2231 1955 34
2251 1936 2291 1960 vo,

1280 1988 1312 2006 no
1329 1980 1400 2006 129.)

1324 2085 1363 2102 «..
1381 2070 1517 2100 111111131ιό
1526 2068 1708 2110 provinciali
1724 2067 1840 2098 ordinis
1848 2068 1981 2107 fratrum
1995 2068 2144 2097 ,llinorwn
2155 2068 2286 2108 iureque

1280 2125 1419 2154 Francie.
1437 2124 1515 2154 Orta
1533 2123 1581 2153 est
1600 2122 1696 2152 nobis
1714 2121 1754 2152 de
1767 2121 1918 2160 partibus
1930 2121 2094 2151 Romani-,³
2105 2121 2206 2152 multe
2222 2122 2291 2153 tur·

1280 2177 1426 2208 bationis
1441 2176 1589 2211 materia,
1604 2176 1634 2205 et
1651 2174 1771 2205 exinde
1789 2174 2005 2213 prosilierunt
2026 2174 2138 2212 jacula
2160 2183 2223 2213 que
2239 2175 2288 2205 di-

1280 2232 1326 2262 ris
1342 2229 1514 2269 puncturis
1533 2228 1710 2259 affecerunt
1729 2228 1759 2257 et
1775 2227 1926 2257 afficiunt
1951 2227 2067 2256 intima
2083 2227 2191 2257 cordis
2218 2236 2292 2259 nos-

1280 2284 1332 2314 tri.
1351 2284 1435 2313 Ecce
1453 2282 1619 2320 siquidem
1635 2281 1669 2310 111
1686 2280 1819 2319 regione
1835 2279 1891 2309 illa
1908 2281 2020 2309 contra
2037 2279 2170 2309 fidelem
2185 2288 2291 2319 popu-

1280 2338 1350 2367 lum
1366 2335 1629 2366 scismaticorum
1644 2334 1778 2363 exortus
1793 2334 1839 2362 est
1850 2332 2146 2371 gladius,u1nlique
2157 2333 2198 2363 ad
2213 2333 2291 2363 suh-

1280 2390 1476 2420 verlenlum
1499 2387 1736 2418 catholicorum
1765 2387 1887 2416 statum
1918 2385 2022 2415 Grece
2050 2386 2292 2423 persecutionis

1280 2443 1376 2473 turbo
1397 2441 1558 2481 prorupit,
1581 2441 1714 2479 propter
1736 2439 1824 2477 quod
1845 2438 1989 2468 cultores
2010 2438 2087 2468 fidei
2110 2438 2292 2470 orthodoxe

1280 2495 1458 2526 hostilibus
1476 2493 1559 2524 inibi
1582 2493 1778 2532 quatiuntur
1793 2491 1975 2521 insultibus
1991 2492 2022 2522 et
2039 2491 2228 2523 Christiana
2243 2501 2294 2524 re·

1281 2549 1361 2587 ligio
1380 2547 1482 2578 variis
1502 2547 1532 2577 et
1552 2545 1696 2576 diversis
1713 2543 1972 2575 adversionibus
1990 2544 2215 2583 impugnatur.
2232 2545 2294 2576 Pa-

1282 2603 1434 2641 leologus
1449 2608 1592 2639 namque
1611 2597 1902 2636 scisinaticuS,t1ili
1921 2598 2103 2628 Grecorum
2122 2598 2296 2638 imperato-

1282 2664 1352 2686 rem
1374 2654 1486 2685 vocari
1518 2662 1551 2683 50
1581 2652 1669 2689 facit,
1700 2652 1876 2690 postquam
1908 2650 2000 2680 illius
2032 2650 2158 2690 perfide
2189 2652 2296 2691 gentis

1282 2709 1424 2740 obtinuit
1439 2705 1795 2746 principatum,contra
1809 2703 1970 2742 populum
1980 2703 2174 2734 Latinorum
2189 2704 2293 2744 quiin

1282 2761 1351 2792 illis
1365 2759 1516 2800 partibus
1531 2757 1766 2790 commoratur,
1777 2755 1864 2794 cepit
1875 2755 1926 2785 sui
1943 2754 2045 2785 fueris
2061 2755 2295 2794 tirampnidem

1282 2822 1434 2846 exercere
1466 2810 1707 2844 inhumanitus,
1724 2809 1838 2847 51011110
1859 2807 2020 2838 adversus
2040 2817 2116 2838 eum
2132 2817 2198 2839 una
2213 2817 2289 2839 cum

1284 2866 1441 2906 subJectis
1459 2865 1524 2896 sibi
1555 2863 1670 2895 Grecis
1695 2860 1886 2892 nationibus
1904 2861 2118 2900 conspiravit,
2141 2861 2229 2900 quod
2250 2861 2292 2892 ad
