2547 3289
261 297 319 326 354

261 386 421 409 excessus
439 375 589 412 ejusdem
623 371 771 411 episcopi
805 371 837 400 in
869 372 936 399 tam
967 368 1125 398 eminenti
1159 366 1266 406 digni-

260 432 340 462 tatis
360 430 463 465 gradu
487 426 673 461 constituti,
707 423 880 461 graviores
909 422 1072 457 existunt,
1098 430 1135 450 ac
1153 421 1267 450 nolen-

261 486 311 514 tes
353 484 414 511 ista
455 479 516 508 sub
561 477 833 507 dissimulatione
886 475 1043 508 transire,
1080 473 1267 503 venerabili

261 535 353 565 fratri
368 534 480 562 nostro
494 530 673 561 ..Ostiensi
687 532 718 559 et
734 527 935 558 Veltetrensi
952 527 1121 565 episcopo,
1133 525 1267 555 oraculo

261 588 334 616 vive
355 586 445 614 vocis
475 583 686 621 injunximus
713 584 759 615 ut„
785 581 901 611 eodem
929 578 1085 610 Firmano
1110 579 1268 617 episcopo

259 640 299 669 ad
325 647 420 667 suam
440 636 645 675 presentiam
676 634 850 669 accersito,
875 634 906 663 ct
935 633 1068 670 recepto
1099 631 1139 661 ab
1167 639 1205 661 eo
1229 631 1268 660 de

258 693 398 721 veritate
427 689 567 719 dicenda
595 688 816 726 corporaliter
842 687 1046 725 Juramento,
1082 684 1269 723 inquireret

259 745 403 783 ipsemet
421 751 522 781 super
539 741 718 780 premissis
747 739 905 769 omnibus
933 738 1131 775 diligentius
1151 737 1268 766 verita-

260 800 336 831 tem‚
355 798 387 826 et
406 804 468 834 que
485 794 661 829 inveniret,
682 793 780 822 nobis
804 791 948 822 fideliter
974 791 1100 820 referre
1124 791 1266 819 curaret.

261 852 391 885 Verum,
410 848 489 887 quia
507 848 617 877 dictus
635 847 816 876 Firmanus
842 845 1022 883 episcopus
1043 844 1269 881 interrogatus

259 903 300 933 ab
318 901 468 933 Ostiensi
488 900 650 939 predicto,
671 899 839 937 premissa
871 897 984 927 omnia
1001 896 1063 925 sub
1077 896 1269 933 juramento

258 956 403 995 negavit,
423 963 484 984 nos
496 953 632 983 omnino
650 953 801 983 volentes
816 959 917 989 super
940 950 1006 979 hiis
1024 949 1118 979 reddi
1136 948 1270 986 plenius

258 1009 430 1043 certiores,
445 1006 642 1037 discretioni
666 1006 722 1035 tue
740 1004 940 1034 mandamus
966 1002 1126 1042 quatinus
1144 1001 1270 1031 dictum

258 1062 456 1101 episcopum
481 1060 521 1089 ad
554 1060 646 1089 tuam
672 1066 815 1088 evocans
841 1056 1061 1095 presentiam,
1087 1055 1129 1085 ad
1156 1054 1270 1093 aliqua

259 1116 332 1145 loca
351 1115 390 1144 de
408 1113 532 1152 quibus
562 1112 721 1150 expedire
748 1110 887 1144 videris,
922 1111 954 1140 et
984 1109 1025 1139 ad
1058 1117 1121 1147 que
1154 1115 1271 1137 secure

260 1167 416 1198 accedere
446 1166 585 1204 poteris,
617 1167 649 1195 te
677 1163 901 1202 personaliter
935 1162 1124 1195 conferens,
1158 1162 1189 1190 et
1216 1160 1271 1189 ha·
1301 1157 1303 1199 ξ

1301 1216 1303 1223 ’
1332 1215 1454 1245 minari
1475 1215 1673 1245 dinoscitur.
1693 1224 1812 1244 manus
1830 1214 2015 1252 apostolica
2037 1213 2179 1251 presidii
2197 1212 2348 1251 porriga-

259 1220 343 1251 bens
358 1228 415 1258 pre
431 1219 538 1249 oculis
558 1218 670 1248 solum
688 1218 810 1252 Deum,
826 1215 978 1254 inquiras
994 1223 1053 1253 per
1071 1214 1269 1252 fidedignos‚

260 1277 327 1304 tam
348 1272 452 1302 laicos
471 1280 570 1310 quam
593 1270 743 1305 clericos⁷
769 1269 940 1299 seculares
962 1269 993 1298 et
1017 1268 1119 1297 etiam
1138 1267 1272 1304 religio-

260 1335 329 1360 sos,
352 1326 422 1355 sive
450 1323 700 1355 (jisterciensis,
728 1323 993 1356 Predicatorum,
1021 1321 1190 1350 Minorum
1219 1320 1271 1349 vel

261 1380 402 1410 alterius
429 1378 670 1416 cujuscumque
700 1376 768 1405 sint
797 1375 937 1408 ordinis.
961 1382 1063 1411 super
1092 1372 1271 1411 premissis

262 1434 294 1463 et
312 1433 389 1462 aliis
406 1431 562 1461 omnibus
575 1430 614 1459 de
631 1429 754 1467 quibus
771 1437 847 1458 eum
864 1427 1034 1457 inveneris
1048 1426 1270 1460 diffamatum,

263 1485 409 1515 sollicite
443 1483 633 1517 veritatem,
664 1490 780 1511 omnes
809 1489 950 1519 quorum
982 1479 1023 1509 ad
1054 1479 1114 1508 boc
1145 1478 1272 1507 videris

261 1541 497 1572 testimonium
515 1540 729 1578 oportunum,
746 1538 772 1566 si
794 1546 830 1567 se
853 1536 972 1575 gratia,
989 1536 1066 1565 odio
1082 1535 1133 1564 vel
1152 1535 1273 1565 timore

262 1593 504 1626 subtraxerint,
528 1600 587 1630 per
617 1600 793 1621 censuram
827 1589 1105 1623 ecclesiasticam,
1126 1588 1274 1626 appella-

260 1648 352 1678 tione
371 1648 510 1681 remota,
530 1644 736 1683 compellens
756 1643 891 1673 veritati
912 1642 1147 1672 testimonium
1168 1640 1275 1679 perhi-

260 1704 352 1735 bere.
372 1705 446 1734 Non
464 1703 616 1733 obstante
635 1702 664 1732 si
679 1701 807 1731 eisdem
824 1700 877 1730 vel
894 1699 1067 1738 aliquibus
1091 1699 1168 1729 aliis
1187 1698 1273 1728 ordi—

261 1758 363 1788 nibus
398 1765 457 1786 seu
497 1755 767 1794 quibuscumque
810 1753 887 1783 aliis
938 1753 1094 1791 personis
1132 1760 1150 1781 a
1196 1752 1275 1782 sede

262 1811 447 1850 apostolica
465 1810 509 1839 sit
526 1809 706 1842 indultum,
723 1807 811 1846 quod
832 1807 904 1844 ipse
926 1815 962 1835 ac
981 1814 1097 1835 eorum
1118 1805 1275 1835 ordinum

263 1872 405 1902 persone
431 1863 472 1892 ad
501 1861 745 1900 perhibendum
777 1859 1012 1890 testimonium
1043 1858 1077 1887 in
1103 1857 1276 1896 aliquibus

263 1917 376 1946 causis
394 1916 445 1945 vel
471 1913 752 1953 inquisitionibus
778 1912 935 1951 compelli
964 1913 1021 1941 aut
1045 1910 1277 1941 excommuni-

266 1970 345 2005 cari,
373 1968 533 2007 suspendi
554 1967 606 1997 vel
634 1966 789 1996 interdici
817 1974 881 1995 non
908 1965 1040 2003 possint
1063 1973 1122 2002 per
1144 1964 1276 1994 litteras

265 2022 480 2061 apostolicas,
504 2029 568 2050 non
584 2020 746 2050 facientes
764 2019 803 2048 de
828 2018 979 2056 ipsorum
1007 2016 1184 2047 ordinibus
1212 2016 1278 2055 ple-

268 2084 344 2105 nam
365 2076 397 2104 et
413 2082 607 2112 expressam
626 2081 663 2102 ac
681 2073 720 2101 de
737 2071 839 2101 verbo
859 2071 898 2100 ad
916 2069 1056 2100 verbum
1090 2070 1129 2099 dc
1146 2069 1277 2099 indulto

267 2127 458 2166 hujusmodi
477 2126 695 2160 mentionem,
731 2133 790 2154 seu
811 2124 877 2153 alia
911 2123 1061 2162 qualibet
1094 2122 1203 2161 ipsius
1232 2122 1278 2151 in-

267 2180 450 2219 dulgentia‚
490 2187 547 2217 per
568 2186 667 2216 quam
692 2177 724 2206 id
750 2175 907 2214 impediri
944 2175 1053 2204 valcat
1072 2174 1123 2203 vel
1143 2174 1275 2208 ditl'eri3

267 2234 299 2264 et
331 2242 394 2271 que
424 2232 606 2263 inveneris,
636 2231 669 2260 in
691 2229 828 2267 scriptis
864 2228 998 2258 redacta
1033 2227 1189 2260 fideliter,
1214 2225 1277 2256 sub

266 2288 323 2316 tuo
352 2285 465 2323 sigillo
496 2285 535 2314 ad
569 2292 630 2313 nos
662 2292 720 2321 per
754 2282 901 2320 aliquem
944 2280 1076 2311 fidelem
1120 2279 1276 2310 nuntium

265 2339 496 2369 transmittere
515 2345 579 2367 non
599 2339 793 2375 postponas.
810 2335 881 2364 Nos
909 2335 1021 2364 autem
1045 2332 1275 2363 committendi

266 2401 367 2431 super
387 2390 580 2430 hujusmodi
597 2388 831 2427 inquisitionis
847 2387 981 2426 negotio
998 2387 1057 2416 alii
1073 2386 1165 2416 vices
1186 2387 1273 2422 tuas,

265 2454 324 2476 seu
346 2444 602 2483 inquisitionem
629 2442 768 2472 eandem
786 2442 894 2480 perte
925 2440 976 2470 vel
1002 2449 1060 2478 per
1085 2439 1190 2469 alium
1216 2447 1276 2469 seu

264 2498 349 2528 alios
382 2497 536 2530 faciendi,
566 2495 702 2534 plenam
731 2494 793 2524 tibi
817 2493 1034 2523 concedimus
1076 2492 1275 2522 auctoritate

264 2551 472 2591 presentium
507 2549 711 2579 facultatem.
729 2548 854 2577 Datmn
880 2546 968 2585 apud
983 2545 1271 2582 Urbemveterem,

263 2614 298 2634 x1
330 2604 490 2633 kalendas
504 2601 664 2641 januarii,
688 2610 774 2631 anno
792 2599 903 2630 tertio.
925 2609 940 2628 »

353 2787 422 2817 744
763 2782 887 2810 Orvicto.
905 2784 939 2809 23
954 2783 1105 2809 decembre
1125 2783 1200 2809 1263.

298 2875 329 2901 Ut
349 2875 541 2901 ltecanatense
558 2880 723 2902 commune,
744 2872 778 2898 ad
796 2872 931 2898 mandatu
946 2871 1084 2898 ecclesiae
1100 2870 1224 2902 rediens,
1244 2870 1271 2897 iu

261 2923 385 2957 gratiam
412 2922 585 2957 apostolieae
615 2921 689 2948 sedis
720 2920 851 2955 recipiat.
882 2920 960 2954 (nac.
992 2921 1036 2952 28,
1061 2920 1110 2946 l'ol.
1139 2921 1182 2950 87,
1211 2928 1270 2946 cur.
1302 2937 1303 2943 1

260 2981 326 3000 uun.
344 2972 388 3003 111,
405 2977 433 2998 11ο
450 2972 505 3005 30.)

1019 284 1262 316 REGISTRES
1284 284 1447 314 D’URBA
1455 284 1497 314 ΙΝ
1523 284 1578 313 iv.

1369 377 1383 396 1(
1406 367 1461 402 M„
1490 367 1651 396 Veronensi
1673 366 1776 402 electo,
1801 366 1936 396 ΔἱΙανεΙιὶε
1955 368 2147 396 Anconitane
2164 368 2337 407 capitaneo.

1329 421 1477 459 Benigna
1505 423 1610 450 mater
1636 420 1789 455 ecclesia,
1810 420 1947 458 pietatis
1968 420 2121 450 ubertate
2145 420 2287 450 fecunda
2311 423 2341 450 et

1330 473 1562 503 misericordie
1583 482 1647 503 non
1667 472 1781 509 oblita,
1800 473 1848 502 sic
1868 481 1946 511 erga
1964 473 2053 502 tilios
2074 475 2223 502 materne
2241 473 2341 503 dilec-

1330 526 1432 556 tionis
1451 526 1590 556 effundit
1606 535 1642 556 ac
1661 526 1776 556 dilatat
1797 527 1952 555 atl'ectum
1970 526 2085 564 sicque
2104 525 2290 555 delectatur
2310 526 2344 555 in

1329 580 1548 609 conversione
1577 579 1790 617 pet-cantium
1816 579 1904 617 quod
1935 579 2014 608 illos
2041 579 2142 608 eliam
2170 579 2210 608 ad
2237 579 2344 617 gratie

1330 641 1388 662 sue
1405 632 1570 671 gremium
1590 641 1654 661 non
1674 633 1875 670 aspernatur
1891 632 2080 666 admittere,
2097 631 2152 669 qui
2169 631 2344 669 deceptiva

1330 685 1546 723 suggestione
1569 684 1690 718 delusi⁷
1711 684 1751 714 ab
1769 684 1863 714 illius
1882 685 2007 714 unitate
2027 683 2181 713 recedere
2202 683 2252 713 vel
2269 692 2344 713 eain

1331 746 1510 776 provocare
1535 737 1702 767 molestiis
1728 740 1783 767 aut
1811 737 1946 776 injuriis
1973 737 2106 766 afficere
2132 745 2347 775 presumpse-

1299 806 1300 837 1
1330 792 1419 821 runt.
1435 791 1533 821 Decet
1550 791 1639 820 enim
1655 793 1689 820 ut
1705 791 1778 829 ipsa
1793 790 1950 820 clementi
1968 790 2174 828 benignitate
2191 789 2345 827 singulos

1330 844 1446 874 at'tluat
1465 854 1528 882 que
1554 844 1720 882 preminet
1744 843 1902 873 omnibus
1922 843 2132 882 plenitudine
2152 842 2343 881 potestatis.

1333 897 1423 927 Licet
1451 898 1554 934 igitur
1575 906 1751 927 commune
1776 896 2009 926 Racanatense
2038 896 2144 926 veluti
2165 895 2228 925 sub
2253 895 2345 925 dam-

1331 950 1459 989 pnabili
1480 950 1551 980 vias
1568 950 1751 988 impiorum
1767 949 1911 980 orbitate
1925 950 2043 984 secuti,
2059 949 2154 979 filiali
2168 948 2346 978 devotione

1332 1003 1522 1042 postposita
1552 1005 1582 1033 et
1616 1003 1791 1033 fidelitatis
1820 1002 1931 1033 debite
1959 1003 2071 1032 tedere
2102 1011 2167 1031 non
2196 1003 2344 1037 servato,

1333 1056 1538 1086 adversariis
1560 1057 1648 1086 dicte
1672 1057 1791 1086 matris
1814 1056 2007 1086 adheserint
2028 1057 2059 1085 et
2078 1055 2109 1085 ei
2131 1063 2251 1093 graves
2269 1062 2346 1084 con-

1332 1110 1493 1139 tumelias
1524 1110 1716 1147 irrogarint,
1737 1111 1772 1140 ut
1804 1111 1917 1139 tamen
1947 1109 2054 1147 lapsis
2083 1107 2347 1146 implorantibus

1332 1162 1477 1198 veniam,
1498 1162 1621 1201 quibus
1649 1162 1826 1200 pernitiosi
1857 1171 1955 1191 casus
1985 1161 2183 1191 extremitas
2211 1160 2346 1190 ruinam

1332 1269 1398 1303 tur,
1422 1277 1495 1304 nos,
1524 1268 1563 1297 de
1588 1271 1644 1298 tua
1664 1267 1967 1306 circumspectione
1995 1266 2129 1304 plenam
2151 1266 2182 1294 in
2201 1265 2346 1295 Domino

1333 1321 1492 1350 fiduciam
1510 1320 1714 1354 obtinentes,
1730 1320 1928 1350 discretioni
1943 1320 1998 1349 tue
2019 1319 2219 1349 mandamus
2235 1320 2348 1357 quate-

1302 1410 1304 1415 ,
1333 1382 1396 1403 nus
1416 1374 1503 1403 dicto
1524 1374 1706 1407 communi,
1727 1373 1767 1403 ad
1787 1373 1898 1411 ipsius
1915 1373 2110 1402 mandatum
2139 1371 2280 1402 ecclesie
2300 1379 2348 1401 re-

1302 1420 1304 1439 ³
1333 1427 1623 1465 deunti‚pandens
1641 1426 1827 1465 apostolice
1848 1427 1961 1456 sinum
1976 1425 2260 1459 mansuetudinis,
2275 1424 2347 1454 vice

1302 1493 1304 1499 ⁴
1333 1481 1463 1514 nostra,
1481 1479 1592 1518 ipsum
1610 1480 1649 1509 ad
1669 1479 1812 1518 gratiam
1831 1478 2016 1517 apostolice
2035 1478 2127 1508 sedis
2145 1480 2177 1508 et
2196 1479 2347 1508 nostram

1333 1532 1476 1571 benigne
1512 1533 1668 1571 recipias,
1701 1532 1973 1562 condictionibus
1998 1532 2103 1571 justis
2131 1533 2163 1561 et
2194 1531 2348 1561 honestis

1335 1585 1507 1621 adhibstis,
1540 1594 1624 1624 quas
1655 1587 1711 1615 tua
1741 1585 1999 1623 circumspectio
2032 1584 2155 1614 viderit
2189 1583 2349 1622 expedire

1335 1647 1486 1678 quasque
1500 1640 1590 1668 ratas
1602 1638 1803 1668 babebimus
1813 1640 1843 1668 et
1856 1638 2033 1672 faciemus,
2043 1640 2177 1668 auctore
2190 1637 2348 1672 Domino,

1336 1691 1581 1722 inviolabiliter
1601 1692 1785 1722 observari.
1806 1691 1902 1726 Quod
1921 1691 1949 1721 si
1967 1690 2190 1721 laudabilium
2209 1698 2350 1728 operum

1336 1745 1544 1775 exhibitione
1572 1745 1836 1775 monstraverint
1860 1744 1958 1774 nobis
1977 1745 2007 1774 et
2028 1744 2137 1774 eidem
2156 1743 2297 1773 ecclesie
2315 1751 2350 1773 se

1336 1799 1475 1829 devotos
1495 1807 1531 1828 ac
1548 1798 1625 1828 fidei
1644 1799 1790 1837 puritate
1805 1799 1968 1833 sinceros,
1983 1798 2071 1828 circa
2089 1797 2301 1827 commodum
2319 1797 2351 1826 et

1335 1851 1509 1887 honorem,
1523 1851 1637 1881 divina
1652 1852 1782 1882 favente
1795 1851 1987 1887 clementia,
2001 1849 2232 1881 favorabiliter
2245 1850 2352 1879 inten—

1337 1904 1468 1934 demus.
1494 1904 1619 1933 Datum
1646 1904 1733 1942 apud
1765 1903 2055 1939 Urbemveterem,
2082 1913 2099 1932 x
2120 1902 2283 1932 kalendas
2302 1901 2352 1940 ja-

1337 1957 1459 1992 nuarii,
1479 1965 1564 1986 anno
1584 1957 1653 1987 1110.
1675 1967 1689 1986 )›

1428 2140 1500 2170 745
1881 2134 2005 2165 arx-teto,
2026 2135 2055 2161 17
2068 2134 2181 2169 jauvier
2200 2136 2276 2162 1203.

1373 2224 1409 2249 De
1428 2230 1496 2256 pace
1513 2221 1697 2248 reformanda
1715 2221 1788 2246 inter
1803 2219 1921 2246 Pisanos
1938 2222 1964 2245 ct
1985 2219 2122 2245 Lucanos.
2145 2219 2223 2247 (Rea.
2241 2219 2287 2251 28,
2300 2219 2348 2247 fol.

1355 2274 1369 2297 7
1391 2276 1430 2303 v0,
1447 2269 1649 2298 cur.ann.l{1.
1666 2274 1694 2296 [1ο
1708 2269 1766 2300 31.)

1377 2389 1391 2407 «
1408 2404 1413 2409 .
1434 2403 1439 2408 .
1454 2378 1628 2418 potestati„
1643 2378 1831 2416 .capitaneo‚
1848 2375 1984 2411 consilio,
2001 2381 2027 2404 el
2041 2376 2191 2405 εοηιηιιιηί
2205 2376 2348 2407 Lucanis.

1337 2432 1521 2470 Cupientes
1550 2431 1630 2461 olim
1656 2432 1687 2461 et
1714 2430 1857 2460 tirmiter
1880 2431 2035 2468 gerentes
2061 2429 2095 2459 111
2120 2429 2232 2460 31111110
2256 2430 2350 2468 pacis

1336 2486 1509 2525 negotium
1524 2485 1611 2515 inter
1625 2493 1685 2514 vos
1703 2485 1735 2514 et
1752 2484 1906 2520 Pisanos
1922 2485 2056 2513 auctore
2072 2483 2232 2519 Domino,
2247 2483 2351 2514 refor-

1335 2539 1467 2575 mande,
1487 2540 1797 2577 quantumcumque
1810 2536 2050 2566 retardationis
2067 2537 2099 2566 et
2112 2536 2349 2575 impedimenti

1335 2592 1513 2631 dispendia
1542 2591 1696 2624 senserit,
1726 2598 1939 2628 nequaquam
1967 2589 2135 2625 deserere,
2165 2590 2221 2620 sed
2250 2589 2347 2626 illud,

1334 2646 1449 2675 divina
1477 2644 1574 2675 nobis
1598 2644 1780 2674 assistente
1807 2642 1999 2677 clementia,
2031 2650 2230 2680 promovere
2255 2651 2349 2673 cons-

1334 2700 1443 2729 tanter
1469 2701 1499 2728 et
1518 2697 1711 2732 efficaciter,
1734 2696 1762 2726 si
1783 2695 1843 2725 hoc
1862 2704 1902 2725 ex
1922 2695 1988 2725 alto
2012 2695 2107 2725 daret
2125 2695 2349 2734 Omnipotens

1334 2760 1581 2784 consummare,
1607 2750 1732 2780 nostris
1757 2748 1854 2779 vobis
1873 2748 1935 2778 sub
1954 2750 2043 2778 certa
2068 2748 2176 2778 forma
2191 2748 2348 2778 dedimus

1334 2805 1459 2835 litteris
1481 2805 1513 2834 in
1539 2803 1708 2834 mandatis
1733 2805 1781 2836 ut,
1812 2801 1900 2831 infra
1925 2810 2030 2831 unum
2059 2809 2210 2830 mensem
2230 2810 2246 2831 a
2271 2802 2349 2832 data

1302 2863 1304 2882 t
1334 2858 1524 2888 litterarum
1543 2855 1736 2895 hujusmodi
1757 2854 2032 2893 computandum,
2057 2853 2264 2892 sollempnes
2280 2863 2348 2885 am-

1332 2911 1527 2941 bassatores
1557 2918 1616 2940 seu
1644 2908 1792 2940 nuntios
1823 2907 1977 2937 homines
2005 2906 2163 2937 videlicet
2194 2908 2287 2946 pacis
2315 2910 2348 2938 et

1333 2963 1510 2994 concordie
1534 2963 1711 2995 zelatores,
1738 2960 1900 2990 habentes
1925 2959 2062 2998 plenum
2089 2967 2106 2989 a
2130 2959 2225 2989 vobis
2245 2969 2347 2999 super
