2547 3289
278 204 333 231 194
647 186 651 189 .
1030 201 1275 232 REGISTRES
1298 199 1512 231 D'URBAIN
1538 200 1594 229 lv.

276 285 360 314 alios
371 284 519 321 eiusdem
534 283 684 318 ecclesie,
695 283 750 321 qui
765 291 823 313 nec
833 283 993 321 appellati
1004 291 1062 313 nec
1072 283 1282 321 appellantes

277 338 410 371 suerint,
435 337 535 365 nicbil
553 336 686 374 penitus
705 336 840 371 statuat,
862 336 991 366 ordinet
1014 344 1073 365 seu
1094 338 1279 374 attemptet.

275 390 368 424 Quod
387 390 415 418 si
440 398 536 418 secus
560 389 686 422 fecerit,
708 388 739 417 id
762 388 896 426 juribus
914 389 1127 418 decernimus
1145 389 1282 419 omnino

275 451 396 471 carere.
429 441 521 471 Nulli
549 450 626 479 ergo
653 442 766 471 nostro
797 441 1033 476 ordinationis,
1064 442 1279 480 provisionis,

276 495 390 524 statuti
418 494 448 523 et
474 495 610 529 decreti,
640 497 700 524 etc.
732 496 853 524 Actum
879 495 967 533 apud
991 494 1280 531 Urbemveterem,

274 557 333 577 xm
353 548 514 577 kalendas
530 548 685 583 octobris,
705 556 791 577 anno
806 548 917 578 tertio.
935 556 952 577 »

363 722 433 752 407

752 720 876 747 Orvieto.
896 720 930 747 24
944 720 1108 754 septembre
1130 721 1211 753 1203.

309 805 504 836 Timotheum,
534 806 658 831 electum
687 805 924 839 Zagabriensem,
945 814 1030 839 quem
1048 807 1115 832 tunc
1134 805 1282 832 subdiaco-

274 863 342 881 num
364 856 391 880 ct
407 863 488 888 papie
504 853 697 888 calenellanuin,
716 853 950 880 archidiaconum
968 855 1003 880 de
1019 855 1087 881 Zala
1109 855 1137 881 in
1158 855 1281 881 ecclesia
1306 881 1308 883 ,

273 903 479 937 Vesprimicnsi
497 905 521 929 1-1
544 904 713 930 canonicum
734 903 970 937 Zagabriensem,
995 903 1145 937 episcopus
1173 903 1281 930 Penes-

273 952 375 983 trinus,
406 951 511 986 rejecta
537 951 676 977 electione
703 952 781 985 prius
808 951 882 978 sacta
907 952 941 978 de
959 951 1113 986 Stephano,
1131 953 1281 986 capellano

272 1000 429 1035 apostolico
445 1003 471 1026 1-1
489 1000 618 1035 ejusdem
644 1000 805 1027 Penestrini
833 1000 959 1035 episcopi
981 1002 1096 1035 nepote,
1115 1010 1149 1027 00
1167 1002 1202 1027 ad
1220 1009 1280 1027 car-

271 1058 338 1075 nem
356 1052 381 1075 et
399 1049 570 1083 sanguinem
587 1052 751 1083 respectum
768 1049 873 1076 habere
895 1049 1050 1081 videretur,
1073 1050 1280 1076 commissione

272 1098 544 1133 sedisapostolicae,
562 1098 682 1125 ecclesie
694 1098 879 1133 Zagabriensi
897 1098 1068 1133 prefecerat,
1080 1099 1175 1125 eidem
1187 1100 1281 1126 cccle-

272 1148 330 1174 siae
346 1147 471 1182 praeficit
490 1147 517 1173 in
534 1147 700 1182 episcopum
714 1150 741 1174 et.
761 1150 919 1182 pastorem.
930 1148 1009 1182 (Res.
1025 1148 1069 1179 28,
1081 1146 1132 1175 [⁵⁰3
1148 1152 1191 1179 νο,
1210 1156 1279 1176 ann.

271 1196 316 1228 111,
334 1201 367 1223 0ο
387 1197 434 1225 lo:
456 1196 604 1222 Porrmsr
621 1196 729 1231 181357.)

311 1311 328 1332 (1
350 1302 513 1337 Timotheo,
539 1302 629 1331 electo
663 1302 876 1341 Zaqabriensi.
909 1302 1065 1332 Rationis
1091 1303 1199 1333 oculis
1232 1302 1280 1332 in-

271 1356 403 1385 tuentes
422 1373 470 1384 —.
498 1356 621 1385 Datum
635 1355 722 1394 apud
736 1355 1024 1389 Urbemveterem,
1041 1364 1098 1384 vin
1116 1355 1279 1385 kalendas

272 1408 430 1445 octobris,
450 1417 535 1438 anno
555 1409 667 1439 tertio.
690 1421 703 1436 »

748 1518 873 1549 Orvieto,
891 1519 924 1545 22
944 1518 1109 1552 septembre
1130 1518 1206 1545 1263.

310 1594 347 1623 In
374 1602 403 1623 e.
436 1602 505 1623 m...
536 1593 708 1632 preposito
738 1595 769 1623 et
800 1593 949 1631 capitulo
981 1593 1278 1633 Zagabriensibus.

270 1647 426 1677 Rationis
463 1647 571 1677 oculis
608 1648 675 1676 etc.
709 1647 832 1677 Datum
867 1647 955 1685 apud
989 1646 1279 1681 Urbemveterem,

268 1709 289 1729 x
308 1700 470 1730 kalendas
489 1699 648 1735 octobris,
669 1708 755 1729 anno
774 1703 824 1729 111⁰
840 1700 1016 1739 (Porrimsr
1036 1701 1157 1738 18653).

310 1754 348 1783 10
377 1762 404 1783 e.
432 1762 476 1783 m.
504 1753 593 1783 clero
620 1752 856 1792 Zagabriensis
884 1753 1032 1783 civitatis
1062 1755 1093 1784 et
1121 1753 1281 1785 diocesis.

270 1807 392 1837 Datum
412 1807 448 1836 ut
467 1815 580 1844 supra.

310 1860 348 1890 In
365 1869 394 1890 e.
414 1869 457 1890 m.
475 1859 599 1899 populo
624 1859 861 1898 Zagabriensis
884 1860 1033 1890 civitatis
1063 1862 1095 1889 et
1119 1859 1280 1891 diocesis,

271 1913 395 1943 Datum
414 1914 449 1942 ut
468 1921 581 1951 supra.

731 2026 855 2057 Orvicto,
875 2026 908 2052 24
929 2026 1093 2060 septembre
1116 2027 1191 2053 1203.

312 2102 348 2131 In
378 2111 405 2132 e.
437 2111 479 2131 m.
510 2101 669 2132 vassallis
699 2101 839 2131 ecclesie
870 2101 1118 2140 Zagabriensis.
1155 2102 1279 2132 Datum

272 2155 360 2193 apud
378 2154 666 2187 Urbemveterem,
683 2164 740 2184 vn1
760 2154 924 2184 kalendas
939 2155 1096 2191 octobris,
1114 2164 1200 2185 anno
1219 2161 1280 2190 111⁰,

271 2207 448 2246 (Porrimsr
470 2207 591 2241 186581.

755 2379 878 2409 Orvieto,
901 2379 935 2406 24
945 2380 1108 2413 septembre
1130 2381 1204 2408 1203.

363 2382 432 2412 408

307 2465 482 2492 Electioncm
499 2465 532 2489 de
556 2463 695 2497 Philippo,
716 2462 895 2489 thesaurario
919 2464 1050 2494 1110101131,
1074 2465 1099 2491 in
1120 2464 1278 2492 Metensem

271 2514 436 2548 episcopum
453 2513 478 2538 in
493 2512 632 2538 discordia
646 2512 762 2543 factam,
775 2512 887 2538 irritam
904 2513 1044 2539 decernit.
1062 2513 1140 2548 (Rm.
1156 2514 1200 2544 28,
1217 2514 1278 2547 104,

272 2570 339 2590 ann.
358 2562 401 2589 lll,
423 2565 456 2587 11⁰
477 2562 531 2594 ll.)

314 2679 328 2694 «
345 2668 393 2697 Ad
406 2672 583 2706 perpetuam
603 2665 647 2695 rci
666 2665 851 2694 memoriam.
879 2666 1021 2696 MetenSi
1041 2667 1182 2697 ecclesie
1207 2676 1281 2706 pas—

273 2721 356 2750 toris
375 2720 494 2749 solatio
513 2719 686 2754 destituta,
705 2721 736 2749 et
753 2718 884 2748 duabus
903 2719 1136 2755 electionibus,
1154 2729 1220 2750 una
1233 2721 1280 2750 vi-

273 2773 393 2803 delicet
409 2772 448 2801 110
466 2772 642 2810 Pbylippo,
658 2773 734 2801 tunc
751 2771 973 2807 thesaurario,
988 2775 1019 2802 et
1039 2772 1104 2803 alia
1122 2773 1162 2802 de
1179 2782 1281 2812 quon—

273 2826 348 2856 dam
366 2824 569 2857 Theobaldo,
589 2826 723 2854 cantore
742 2824 850 2863 ipsius
873 2825 1025 2861 ecclesie,
1055 2825 1089 2855 in
1112 2826 1281 2857 discordia

274 2878 356 2909 inibi
372 2877 561 2911 celebratis,
573 2877 660 2906 idcm
673 2877 862 2916 Phylippus
872 2886 909 2907 ac
920 2878 1106 2914 Werricus,
1119 2879 1280 2910 archidia-

1344 290 1460 318 conus,
1474 283 1505 312 et
1517 281 1707 314 Athericus.
1723 281 1904 311 canonicus
1919 282 2068 320 ejusdem
2083 282 2234 312 ecclesie.
2245 282 2354 320 ipsius

1344 335 1503 373 Phylippi
1523 335 1698 368 electores,
1716 334 1891 364 occasione
1918 334 2110 372 hujusmodi
2139 335 2352 367 electionum,

1344 389 1383 418 ad
1404 388 1516 417 sedem
1537 387 1757 425 apostolicam
1776 387 2001 425 appellarunt,
2023 395 2059 416 ac
2079 387 2188 416 felicis
2203 387 2355 417 recorda·

1344 441 1447 471 tionis
1463 441 1655 470 Alexander
1673 449 1769 479 papa,
1788 440 2008 478 predecessor
2021 442 2145 469 noster.
2163 440 2354 479 hujusmodi

1344 494 1409 524 sibi
1428 493 1716 532 appellationibus
1738 493 1954 531 presentatis,
1975 493 2135 522 dilectum
2154 493 2262 522 filium
2283 501 2356 522 nos-

1344 550 1433 578 trum
1453 547 1504 580 O.‚
1525 555 1552 576 3.
1576 546 1681 576 Marie
1701 547 1733 576 in
1758 546 1822 575 Via
1846 546 1913 576 lata
1933 546 2110 575 diaconum
2138 545 2353 582 cardinalem,

1344 600 1516 638 deputavit
1541 599 1573 628 in
1599 599 1793 637 hujusmodi
1819 599 1951 637 negotio
1977 599 2177 628 auditorem.
2197 598 2357 633 01110110-

1344 654 1419 683 dem
1440 654 1610 683 cantorem
1625 654 1657 682 et
1671 660 1788 682 omnes
1808 652 1894 682 alios
1914 652 1969 690 qui
1990 652 2069 681 dicti
2093 651 2253 690 phylippi
2272 651 2355 681 elec—

1343 706 1428 736 tioni
1450 714 1486 735 se
1502 705 1625 735 vellent
1643 713 1824 743 opponere,
1854 706 1885 734 et
1904 713 1966 734 sua
1983 705 2157 734 crederent
2178 705 2355 738 interesse,

1345 759 1377 788 in
1388 759 1559 789 audientia
1571 757 1844 796 publicapluries
1862 758 1959 787 citari
1978 757 2065 793 fecit,
2079 760 2113 787 ut
2131 766 2243 787 coram
2265 765 2301 786 se
2319 764 2355 786 ac

1342 812 1482 851 prefixis
1495 811 1727 841 sibiterminis
1741 813 1985 850 comparerent.
2002 811 2118 846 Porro,
2134 810 2285 849 predicto
2300 817 2355 839 ne—

1342 865 1432 904 gotio
1464 864 1579 894 taliter
1615 864 1655 894 ad
1691 863 1805 894 sedem
1844 864 1952 902 ipsam
1982 863 2152 898 devoluto,
2185 864 2215 893 et
2243 870 2355 892 coram

1343 918 1431 948 dicto
1449 917 1612 948 cardinali
1630 917 1807 956 pendente,
1823 917 2003 952 Henricus,
2021 916 2148 946 electus
2174 916 2356 946 Treveren—

1343 971 1402 1007 313,
1421 971 1487 1001 1001
1504 970 1798 1009 metropolitanus,
1818 970 2176 1008 auctoritatepropria‚
2191 969 2296 999 immo
2311 970 2358 998 te-

1343 1025 1497 1054 meritate
1512 1024 1638 1063 potius,
1657 1023 1865 1062 Phylippum
1879 1025 1911 1053 et
1925 1024 2097 1053 cantorem
2115 1023 2286 1061 predictos
2303 1030 2358 1052 su-

1343 1086 1402 1116 per
1420 1077 1537 1108 eodem
1558 1077 1693 1116 negotio
1719 1077 1760 1106 ad
1788 1084 1884 1106 suam
1910 1076 2115 1114 presentiam
2135 1075 2297 1106 evocavit.
2316 1075 2358 1105 Et

1342 1131 1488 1166 tandem,
1508 1130 1586 1160 licet
1613 1129 1678 1159 sibi
1695 1130 1734 1159 de
1758 1130 1858 1160 dictis
1876 1128 2162 1168 appellationibus
2191 1128 2359 1158 constitis-

1343 1185 1404 1220 set,
1421 1183 1508 1213 sicut
1524 1192 1583 1221 per
1597 1185 1669 1213 acta
1685 1191 1797 1212 coram
1813 1183 1887 1220 ipso
1907 1181 2031 1212 habita.
2048 1181 2225 1220 probatum
2244 1180 2358 1211 extitit

1343 1245 1454 1266 coram
1481 1235 1591 1272 nobis,
1621 1236 1693 1274 ipse
1721 1237 1834 1265 tamen
1861 1235 1971 1264 eidem
1996 1235 2068 1265 sedi
2097 1243 2163 1264 non
2189 1234 2356 1270 deferens,

1328 1289 1430 1319 ,dicto
1453 1290 1588 1319 cantore
1606 1289 1674 1327 juri
1697 1297 1758 1318 suo
1776 1288 1926 1324 cedente,
1946 1288 2069 1318 dictam
2089 1288 2290 1318 electionem
2307 1295 2359 1317 ce-

1342 1342 1507 1373 lebratam
1522 1342 1561 1372 de
1575 1342 1705 1380 prefato
1718 1341 1898 1379 Phylippo,
1912 1341 1952 1371 de
1965 1341 2062 1377 facto,
2076 1349 2150 1370 cum
2165 1341 2205 1371 de
2215 1341 2290 1379 Jure
2306 1348 2359 1371 ne-

1343 1396 1501 1434 quiverit,
1521 1395 1733 1425 confirmavit
1753 1396 1785 1425 et
1803 1394 1835 1424 ei
1852 1394 1930 1424 fecit
1948 1402 2074 1424 munus
2092 1393 2358 1424 consecrationis

1343 1449 1504 1487 impendi.
1524 1449 1663 1483 Verum,
1686 1448 1831 1478 dilectus
1850 1447 1941 1477 filius
1962 1447 2150 1477 Herbertus
2169 1447 2208 1477 de
2225 1447 2353 1483 Vireio‚

1326 1502 1524 1532 ,canonicus
1537 1501 1712 1536 Metensis,
1729 1501 1786 1540 qui
1800 1509 1861 1539 pro
1875 1501 1964 1530 (11010
1978 1502 2112 1530 cantore
2131 1509 2166 1530 ac
2187 1500 2259 1530 suis
2276 1500 2357 1530 elec·

1341 1554 1473 1585 toribus
1486 1556 1602 1584 contra
1616 1555 1743 1584 dictum
1762 1554 1971 1592 Phylippum
1981 1553 2169 1592 predictum
2185 1553 2356 1592 negotium

1343 1609 1431 1647 apud
1449 1608 1563 1638 sedem
1580 1607 1850 1646 prosequebatur
1866 1607 2017 1643 eandem,
2036 1607 2150 1637 audito
2171 1607 2260 1645 quod
2279 1614 2357 1645 pre·
2369 1633 2376 1640 ,

1344 1661 1432 1691 fatus
1450 1662 1565 1691 cantor
1586 1661 1654 1700 juri
1682 1669 1743 1690 suo
1761 1662 1920 1694 cesserat,
1945 1668 2094 1694 causam,
2120 1669 2220 1698 quam
2242 1661 2358 1690 contra

1342 1715 1470 1744 dicturi
1487 1714 1695 1753 Phylippum
1720 1722 1779 1752 pro
1799 1713 1916 1743 eodem
1935 1715 2070 1743 cantore
2094 1722 2130 1743 ac
2149 1713 2223 1743 suis
2236 1713 2356 1743 electo-

1342 1767 1436 1798 ribus
1459 1769 1708 1805 assumpserat,
1729 1767 1865 1797 nomine
1890 1775 1964 1802 suo,
1985 1768 2158 1805 tamquam
2176 1768 2357 1796 canonicus

1342 1821 1518 1857 Metensis,
1533 1820 1656 1859 incepit
1671 1829 1782 1850 coram
1797 1819 1960 1849 cardinali
1972 1820 2131 1858 prosequi
2147 1819 2354 1858 supradicto,

1342 1876 1459 1912 petens
1475 1882 1534 1912 per
1551 1874 1666 1903 varios
1690 1873 1825 1903 libellos
1841 1873 2130 1903 confirmationem
2150 1872 2356 1911 hujusmodi,

1341 1928 1373 1957 et
1388 1927 1549 1966 quicqu‘d
1566 1936 1625 1965 per
1644 1927 1770 1956 dictum
1798 1926 1943 1956 electum
1969 1934 2070 1964 super
2091 1926 2150 1956 1100
2177 1926 2292 1956 taliter
2312 1927 2357 1956 at-

1341 1981 1542 2019 temptatum
1572 1980 1692 2013 fuerat,
1722 1981 1836 2018 utpote
1860 1981 1934 2017 post
1960 1979 2206 2018 appellationes
2228 1979 2357 2018 predic-

1341 2034 1404 2069 tas,
1425 2036 1456 2063 et
1478 2041 1590 2063 coram
1611 2033 1699 2062 dicto
1724 2032 1885 2062 cardinali
1909 2032 2044 2070 negotio
2076 2033 2150 2070 ipso
2178 2032 2354 2071 pendente,

1342 2086 1381 2115 de
1400 2086 1485 2116 facto
1507 2088 1716 2124 presumpta,
1736 2085 1863 2115 cassari
1894 2087 1925 2115 et
1953 2085 2089 2115 irritari.
2122 2087 2224 2115 immo
2241 2085 2356 2124 potius

1342 2147 1436 2169 cassa
1453 2140 1483 2168 et
1502 2139 1599 2168 irrita
1625 2138 1785 2168 nuntiari.
1813 2138 1938 2168 Eodem
1960 2138 2071 2177 itaque
2100 2147 2212 2168 coram
2231 2147 2357 2168 memo·

1342 2194 1414 2222 rato
1430 2191 1593 2221 cardinali
1612 2192 1762 2230 legitime
1780 2191 1933 2221 ordinato
1951 2193 1980 2221 et
1997 2191 2191 2221 examinato
2208 2191 2354 2230 negotio,

1342 2254 1379 2275 ac
1396 2244 1553 2275 omnibus
1575 2245 1637 2274 rite
1656 2245 1813 2283 1101110113,
1833 2253 1904 2280 nos,
1935 2245 2047 2275 audita
2070 2245 2179 2283 ipsius
2203 2245 2356 2275 cardina-

1342 2298 1384 2328 lis
1400 2298 1562 2328 relatione
1576 2298 1664 2328 fideli
1680 2299 1710 2327 et
1725 2306 1800 2327 cum
1816 2297 1978 2327 fratribus
1991 2298 2117 2328 nostris
2134 2298 2267 2337 negotio
2281 2298 2355 2337 ipso

1342 2351 1438 2390 plene
1458 2351 1625 2385 discusso,
1647 2351 1726 2390 quia
1744 2352 1814 2380 tam
1838 2359 1896 2390 per
1920 2359 1957 2381 ea
1976 2360 2040 2389 que
2059 2360 2171 2381 coram
2189 2351 2354 2382 cardinali

1342 2405 1470 2439 eodem,
1489 2413 1589 2443 quam
1609 2412 1669 2442 per
1689 2404 1748 2434 illa
1771 2411 1835 2442 que
1859 2405 1931 2433 acta
1958 2406 2035 2434 sunt
2064 2405 2280 2443 postmodum
2302 2412 2355 2435 co-

1342 2466 1413 2487 ram
1435 2457 1532 2487 nobis
1551 2457 1590 2487 de
1608 2456 1769 2496 predictis
1791 2456 2089 2495 appellationibus,
2108 2457 2261 2501 constitit
2287 2457 2356 2488 evi·

1342 2511 1458 2541 denter
1495 2510 1584 2549 quod
1627 2512 1702 2549 post
1745 2510 1837 2548 ipsas
1881 2510 2128 2548 appellationes
2166 2512 2352 2541 memorato

1342 2563 1572 2602 predecessori
1588 2564 1811 2601 presentatas,
1828 2564 1858 2593 et
1874 2571 1976 2601 super
1991 2563 2077 2601 ipsis
2092 2562 2281 2593 auditorem
2298 2562 2353 2593 de-

1342 2617 1495 2654 putatum
1515 2615 1556 2645 ab
1579 2624 1628 2651 eo,
1656 2624 1784 2645 necnon
1807 2617 1838 2645 et
1857 2615 2010 2645 diversas
2031 2616 2211 2646 citationes
2234 2615 2276 2645 ab
2301 2623 2356 2646 eo·

1342 2669 1417 2699 dem
1449 2669 1601 2699 auditore
1639 2668 1755 2701 factas,
1791 2668 1907 2707 sicque
1947 2671 2127 2707 postquam
2164 2668 2354 2707 sepefatum

1342 2722 1512 2760 negotium
1543 2723 1614 2752 erat
1644 2721 1685 2751 ab
1716 2721 1872 2751 examine
1902 2721 1982 2751 dicti
2011 2721 2230 2752 Treverensis
2255 2721 2354 2751 electi

1342 2783 1481 2813 prorsus
1500 2777 1707 2813 exemptum,
1728 2776 1759 2804 et
1781 2774 1869 2813 apud
1893 2774 2008 2804 sedem
2038 2774 2147 2813 ipsam
2171 2782 2283 2805 coram
2301 2782 2353 2804 eo-

1341 2828 1417 2858 dem
1449 2827 1602 2858 auditore
1635 2827 1811 2866 pendebat,
1833 2827 1920 2857 idem
1951 2827 2078 2857 electus
2094 2827 2294 2857 electionem
2312 2827 2352 2857 de

1342 2881 1430 2911 dicto
1446 2880 1615 2919 Phylippo
1637 2880 1852 2918 celebratam,
1871 2880 2068 2910 confirmare
2086 2880 2308 2919 presumpsit,
2320 2882 2352 2911 et
