2547 3289
243 156 281 185 70

240 236 382 267 Romani
396 235 528 273 imperii
547 232 804 271 dampnabiliter
824 230 1037 264 adheserunt,
1053 228 1248 259 roborantes

239 298 281 319 ex
292 289 401 318 hocin
417 296 477 317 sua
490 286 670 325 pertinacia
683 285 808 314 dictum
818 281 1247 316 Mansredum,Patrimonii

239 340 326 371 beati
342 339 431 370 Petri
456 338 619 378 perfidum
638 340 670 367 et
692 336 891 374 sacrilegum
914 335 1118 369 invasorem,
1145 342 1246 372 seque

237 401 296 431 per
316 392 377 423 hoc
400 391 545 431 predicte
571 389 732 420 sententie
757 388 885 426 laqueis
910 387 1131 417 involventes.
1150 386 1245 417 Unde

235 444 448 484 predecessor
462 443 533 482 ipse
546 443 706 482 primo,et
723 449 783 472 nos
797 440 1010 480 postmodum
1026 440 1172 478 prefatos
1187 439 1244 470 Se-

238 505 356 528 nenses
372 495 556 526 caritativis
577 494 896 525 commonitionibus
913 494 944 523 et
964 492 1092 531 asperis
1110 492 1245 522 commi-

235 549 425 580 nationibus
443 548 643 587 jamdudum
668 548 810 578 invitare
835 547 1027 577 curavimus
1051 547 1086 575 ut
1115 545 1156 575 ad
1176 553 1244 584 grc-

235 602 339 632 mium
359 601 497 632 ecclesie
525 601 711 636 redeuntes,
742 601 893 630 Lucanos
917 601 948 629 et
963 599 1047 629 alios
1063 598 1243 637 apostolice

233 655 323 686 sedis
339 655 475 686 devotos
491 654 579 685 filios
593 654 632 684 de
655 653 827 684 Florentia
849 654 879 682 et
895 652 971 682 aliis
990 652 1140 690 partibus
1159 651 1241 682 Tus-

232 709 293 743 cie,
302 708 359 747 qui
374 708 460 738 stare
472 707 765 746 contrapublicum
781 706 909 736 hostem
920 714 979 744 pro
994 705 1144 735 libertate
1156 712 1243 734 com-

232 761 326 792 muni
343 763 374 791 et
388 761 534 800 legitime
559 760 765 790 defensionis
783 759 913 798 justitia
930 759 1111 797 elegerunt,
1137 758 1241 788 nulla-

231 816 327 845 tenus
356 814 615 853 iinpugnarent;
635 813 716 852 quin
740 812 853 852 potius
877 812 965 846 illos,
990 820 1074 850 (11103
1098 820 1139 842 ex
1159 811 1241 850 ipsis

231 869 397 907 ceperant,
414 868 448 897 in
469 867 619 905 ejusdem
639 867 729 896 sedis
743 866 907 896 traderent
922 866 1097 904 potestate,
1117 866 1148 894 et
1163 864 1241 903 quia

230 921 293 960 ipsi
313 921 438 951 monita
454 921 484 950 et
511 919 993 956 comminationeshujusmodi
1008 917 1240 956 conteinptibi-
1270 926 1271 944 2

229 974 304 1005 liter
329 975 538 1012 respuerunt,
569 973 629 1003 tibi
648 981 706 1011 per
732 973 863 1002 nostras
882 972 1036 1002 dedimus
1063 971 1189 1001 litteras
1204 971 1240 1000 in
1268 1006 1270 1022 s

229 1027 396 1058 mandatis
411 1028 446 1056 ut
461 1035 519 1065 per
536 1027 578 1061 te,
596 1026 651 1056 vel
664 1025 768 1055 alium
786 1025 876 1064 ipsos
895 1025 1037 1062 singulis
1053 1024 1171 1054 diebus
1186 1024 1240 1053 do-

228 1079 362 1111 minicis
377 1081 407 1109 et
433 1080 575 1115 festivis,
592 1079 734 1118 pulsatis
755 1078 926 1117 campanis
950 1079 981 1108 et.
997 1077 1146 1107 accensis
1162 1085 1237 1106 can-

229 1132 395 1172 delis,per
411 1141 526 1163 omues
548 1132 699 1162 civitates
717 1133 748 1162 et
769 1131 840 1162 loca
859 1131 1012 1166 Francie,
1035 1130 1238 1160 Alamnanie

228 1194 264 1216 ac
273 1185 622 1224 circumadjacentium
630 1184 838 1223 provinciarn
846 1192 886 1217 m„
895 1193 992 1223 prout
1003 1183 1061 1214 tibi
1072 1184 1239 1213 videretur

227 1236 420 1275 expediens,
437 1244 541 1274 usquc
558 1236 596 1265 ad
612 1236 873 1267 satisfactionem
888 1236 1087 1275 condignam
1106 1244 1237 1265 excom-

229 1289 415 1323 municatos
433 1291 563 1330 publice
583 1290 757 1320 nuntiares
773 1290 804 1319 et
820 1289 968 1319 nuntiari
989 1297 1048 1327 per
1074 1289 1157 1318 alios
1175 1289 1205 1318 et
1221 1297 1240 1318 a
1268 1302 1269 1309 1

228 1345 362 1384 regibus
374 1346 405 1375 et
419 1344 628 1383 principibus
642 1352 678 1373 110
694 1343 770 1373 aliis
789 1342 912 1372 Christi
932 1341 1088 1371 fidelibus
1111 1341 1238 1371 faceres

227 1398 331 1429 aztius
346 1397 475 1428 evitari.
496 1398 662 1430 Ceterum,
680 1396 759 1434 quia
781 1395 940 1425 nonnulle
962 1395 1183 1425 ecclesiastice
1208 1396 1239 1425 et

227 1451 394 1482 seculares
416 1458 556 1489 persone
578 1449 788 1479 diversorum
810 1448 977 1486 ordinum,
1008 1447 1181 1486 religionis
1208 1449 1239 1477 et

226 1504 426 1536 conditionis
443 1505 476 1534 et
489 1503 587 1533 etiam
597 1502 777 1540 dignitatis,
790 1501 948 1541 predictis
964 1501 1172 1532 Senensibus
1185 1501 1237 1531 vel
1267 1528 1268 1531 ,

226 1566 342 1589 eorum
367 1557 537 1596 aliquibus
561 1557 654 1586 erant
678 1555 712 1585 in
734 1555 878 1585 diversis
902 1555 1120 1593 pecuniarum
1147 1563 1237 1584 sum-

226 1611 291 1641 mis
306 1611 360 1641 vel
377 1610 476 1641 rebus
495 1610 571 1639 aliis
585 1608 740 1647 obligate,
759 1617 819 1638 nos
834 1617 890 1638 eas
905 1608 945 1637 ad
963 1607 1237 1638 satisfaciendum

226 1664 294 1695 illis
310 1664 357 1694 sic
376 1663 486 1702 ligatis
506 1663 544 1693 de
560 1662 626 1692 hiis
647 1663 798 1701 pretextu
822 1662 964 1700 alicujus
988 1661 1234 1700 promissionis,

224 1715 648 1756 obligationis,fiuramenti‚
658 1715 819 1745 sententIe
832 1714 886 1744 vel
894 1714 1094 1744 conditionis
1107 1723 1173 1744 non
1184 1714 1238 1744 de-

223 1770 301 1801 bere
318 1770 471 1809 compelli
492 1770 604 1799 nostra
621 1768 675 1798 vel
690 1768 810 1807 quavis
831 1767 1024 1798 auctoritate
1046 1767 1111 1798 alia
1129 1767 1238 1805 provi-

224 1824 351 1858 dentes,
368 1823 538 1853 voluimus
555 1821 682 1860 tibique
703 1821 936 1851 mandavimus
960 1822 995 1850 ut
1010 1820 1238 1859 provisionem
1266 1840 1267 1848 1

224 1876 418 1916 hujusmodi
441 1876 594 1916 personis
617 1875 700 1914 ipsis
726 1874 914 1913 specialiter
937 1875 967 1904 et
987 1874 1185 1911 generaliter
1204 1874 1237 1903 in

227 2088 279 2118 vel
299 2088 376 2118 aliis
399 2087 665 2126 quibuscumque
680 2096 698 2115 a
720 2086 798 2115 sede
814 2085 996 2124 apostolica
1024 2085 1191 2123 deputatis
1207 2086 1239 2114 ct

224 2142 264 2171 de
280 2142 388 2171 cetero
401 2140 657 2179 deputandis‚ac
675 2138 898 2176 subdelegatis
912 2146 1027 2168 00111111
1046 2147 1084 2168 110
1097 2138 1236 2168 auctori-

225 2195 289 2224 tate
306 2193 491 2224 litterarum
509 2193 598 2222 sedis
613 2192 731 2230 ipsius,
751 2200 879 2222 necnon
897 2191 1164 2230 ‹⁷1uibuscumque
1191 2200 1239 2220 or-

226 2247 422 2282 dinariisme
441 2245 633 2276 auctoritate
650 2245 784 2284 propria
802 2244 836 2274 in
848 2244 1168 2274 favoremdictorum
1180 2244 1236 2274 Sc-

227 2300 394 2336 nensium,
417 2298 579 2338 quamdiu
596 2298 742 2336 predicto
757 2297 855 2327 modo
873 2297 965 2335 ligati
984 2297 1116 2331 suerint,
1133 2297 1174 2327 ad
1187 2296 1239 2335 ju-

225 2353 350 2384 dicium
364 2352 569 2383 reddendum
579 2351 631 2382 vel
648 2351 731 2381 alias
743 2359 952 2390 quocumque
963 2351 1059 2380 modo
1075 2351 1148 2380 sine
1166 2359 1238 2389 spe-

225 2406 302 2437 ciali
328 2406 483 2436 mandato
507 2406 622 2435 nostro
647 2404 780 2443 plenam
805 2404 1006 2434 mentionem
1025 2404 1064 2433 dc
1082 2403 1239 2442 predictis

226 2459 350 2491 nostris
362 2459 480 2489 litteris
497 2457 834 2496 faciente,procedere
852 2457 1094 2495 attemptarent,
1104 2456 1239 2486 eosdem

221 2512 353 2552 judices
367 2513 397 2542 et
415 2511 647 2550 subdelegatos
664 2519 764 2550 super
780 2510 853 2545 hoc,
871 2510 899 2540 si
915 2518 997 2548 opus
1021 2510 1115 2544 soret,
1134 2510 1239 2540 moni-

225 2565 314 2596 tione
333 2564 508 2604 premissa,
535 2572 593 2603 per
609 2571 785 2594 censuram
804 2562 1074 2598 ecclesiasticam,
1093 2562 1238 2600 appella-

225 2618 314 2649 tione
330 2618 525 2657 postposita,
549 2616 801 2655 compescendo,
818 2625 855 2646 ac
874 2623 1051 2654 processus
1067 2623 1192 2649 eorum,
1210 2615 1239 2645 si
1268 2618 1269 2626 ¹

226 2679 309 2710 quos
324 2671 535 2710 postmodum
550 2678 609 2708 pro
624 2669 692 2700 illis
702 2669 749 2699 sic
764 2669 876 2708 ligatis
892 2667 1008 2698 haberi
1024 2668 1239 2706 contingeret,

227 2776 356 2807 nobiles
372 2776 447 2811 viri,
467 2775 624 2815 Arigolus
649 2775 828 2811 Acharisii,
847 2774 998 2805 Andreas
1014 2775 1045 2804 et
1063 2773 1160 2812 Ilugo
1179 2773 1242 2804 fra-

225 2829 376 2865 tres,filii
401 2829 551 2867 ejusdem
574 2829 628 2864 A„
657 2829 748 2859 cives
771 2828 947 2862 senenses,
966 2826 1098 2865 reprobi
1116 2835 1238 2857 sensus
1271 2851 1273 2856 .

1276 262 1278 278 1

999 147 1251 178 REGISTRES
1274 146 1488 178 D'URBAIN
1511 147 1569 177 IV.

1307 228 1466 258 damnata
1483 227 1592 257 studia
1610 229 1809 258 Senensium
1825 229 2048 267 predictorum
2064 231 2240 268 prudentie
2257 240 2324 263 me-

1276 283 1277 292 *
1310 281 1528 311 ditationibus
1545 281 1766 317 advertentes,
1784 290 1866 312 sano
1882 283 2101 313 decreverunt
2112 284 2253 315 consilio
2270 285 2324 315 de-

1268 1468 1269 1472 1
1298 1448 1368 1478 31113
1397 1447 1487 1477 30(113
1518 1446 1607 1476 filios
1638 1445 1811 1484 speciales.

1305 333 1429 363 clinare
1444 341 1480 362 ac
1501 333 1610 363 eidem
1630 333 1768 364 ecclesie
1793 334 1826 364 in
1854 334 1912 364 illo
1941 336 2130 365 constanter
2158 335 2317 367 adherere

1304 386 1485 424 proposito,
1504 395 1568 424 (1110
1587 386 1660 424 ipsa
1678 395 1737 425 pro
1751 386 1946 418 defensione
1963 388 2128 419 libertatis
2145 389 2319 420 ecclesias·

1304 438 1367 469 tice
1384 447 1420 469 ac
1436 439 1573 478 pacifico
1590 440 1676 469 statu
1692 439 1843 470 fidelium
1865 442 2119 479 perversoribus
2133 441 2199 472 illis
2211 444 2242 472 et
2257 442 2318 473 hu-

1299 491 1450 530 jusmodi
1470 492 1724 531 perversoribus
1741 501 1775 522 se
1802 494 1948 532 opponit.
1974 494 2044 533 Ipsi
2062 495 2152 524 enim
2168 496 2316 534 prestan-

1302 545 1351 574 tes
1364 545 1404 574 de
1420 545 1566 583 parendo
1590 553 1689 583 super
1706 545 1879 584 premissis
1899 546 2067 576 mandatis
2085 547 2194 585 ipsius
2216 547 2315 578 eccle-

1303 596 1350 626 sie
1365 596 1606 634 juramentum,
1633 606 1669 627 ac
1696 598 1857 636 eligentes
1881 599 1989 638 magis
2012 600 2225 630 acerbitatem
2247 601 2316 640 pati

1303 649 1399 679 exilii
1417 658 1518 688 quam
1537 650 1712 681 dulcedine
1730 651 1850 681 natalis
1869 651 1932 681 soli
1948 660 2023 681 cum
2043 652 2194 691 ipsorum
2208 661 2316 692 repro-

1301 702 1419 732 borum
1429 703 1603 742 participio
1613 704 1806 738 demulceri,
1818 704 1986 734 civitatem
1999 705 2182 736 Senensem
2195 715 2253 746 per
2264 706 2318 737 de-

1301 756 1446 786 votionis
1461 756 1723 787 habundantiam
1743 757 1959 795 reliquerunt,
1975 767 2010 788 se
2023 758 2065 789 ad
2079 760 2199 789 terram
2217 758 2316 790 eccle-

1301 809 1348 839 sie
1369 818 1406 839 ac
1428 810 1622 840 devotorum
1641 810 1712 848 ejus
1731 819 1807 840 cum
1827 811 1898 840 suis
1917 811 2054 841 familiis
2071 811 2314 844 transferendo.

1300 862 1370 892 Nos
1395 864 1516 898 autem,
1543 863 1599 901 qui
1620 872 1711 893 more
1733 865 1870 902 paterno
1886 864 1919 893 in
1940 864 2048 894 reditu
2064 864 2211 895 filiorum
2229 873 2314 903 quos

1300 923 1392 945 error
1415 924 1433 945 a
1459 916 1635 946 devotione
1657 916 2064 955 subduxerat,specialius
2097 917 2312 953 delectamur,

1300 969 1492 1006 aperuimus
1505 969 1553 999 eis
1571 971 1638 999 tam
1654 971 1789 1008 paterne
1805 970 1919 1008 gratie,
1938 979 2037 1008 quam
2055 972 2201 1001 materne
2217 979 2312 1002 man-

1299 1022 1486 1052 suetudinis
1508 1023 1656 1061 amplum
1687 1023 1810 1057 sinum,
1839 1024 1869 1053 et
1883 1023 1984 1062 {ipsos
2007 1023 2048 1053 ab
2071 1023 2264 1061 hujusmodi
2280 1025 2312 1054 et

1297 1074 1467 1106 universis
1492 1076 1850 1106 excommunicationis
1878 1077 1907 1105 et
1939 1076 2102 1106 interdicti
2134 1077 2311 1107 sententiis

1268 1139 1270 1144 ’
1298 1136 1381 1166 quas
1397 1129 1512 1158 eadem
1529 1129 1625 1159 sedes
1648 1129 1682 1159 in
1705 1129 1810 1159 dictos
1837 1129 1927 1159 cives
1953 1130 2120 1160 Senenses
2141 1130 2171 1160 et
2193 1137 2309 1160 eorum

1297 1182 1419 1211 terram
1441 1184 1575 1221 propter
1592 1182 1757 1221 premissa
1778 1183 1807 1212 et
1834 1191 1928 1212 suam
1948 1182 2195 1212 indevotionem
2213 1191 2311 1221 gene—

1298 1234 1412 1264 raliter
1441 1235 1677 1274 promulgavit,
1699 1235 1794 1273 juxta
1822 1234 1963 1265 formam
1986 1235 2124 1265 ecclesie
2153 1235 2312 1266 duximus

1299 1287 1571 1325 misericorditer
1594 1287 1827 1323 absolvendos,
1860 1287 2081 1326 suscipientes
2111 1288 2203 1327 ipsos
2236 1296 2311 1318 cum

1298 1341 1454 1372 omnibus
1479 1341 1576 1371 bonis
1595 1341 1666 1370 suis
1683 1340 1744 1370 sub
1761 1341 1963 1379 protectione
1986 1340 2074 1371 beati
2097 1341 2200 1375 Petri,
2226 1341 2312 1379 ejus-

1298 1395 1373 1424 dem
1386 1393 1475 1424 sedis
1491 1395 1521 1423 et
1534 1394 1657 1427 nostra,
1669 1394 1700 1423 et
1715 1392 1925 1422 admittentes
1941 1401 1998 1422 eos
2017 1393 2051 1422 in
2068 1394 2199 1423 nostros
2215 1395 2246 1423 et
2263 1393 2312 1433 ip-

1852 1445 1936 1475 Cum
1966 1445 2068 1484 igitur
2102 1446 2214 1476 dilecti
2250 1446 2313 1477 filii

1299 1500 1469 1539 Chisigius
1502 1499 1630 1537 Arigoli
1659 1500 1690 1529 et
1729 1498 1883 1528 Parisius
1910 1499 2070 1535 Ranucci,
2096 1499 2251 1530 concives
2281 1501 2312 1530 et

1297 1554 1379 1584 socii
1404 1553 1568 1583 nobilium
1593 1552 1817 1591 predictorum
1840 1552 1874 1581 in
1905 1551 2056 1590 partibus
2079 1552 2219 1583 Francie
2242 1561 2311 1584 mo-

1297 1608 1420 1641 rantes,
1441 1606 1482 1636 ad
1499 1605 1710 1635 devotionem
1733 1604 1870 1635 ecclesie
1894 1604 2014 1644 ipsius,
2034 1605 2120 1635 sicut
2141 1605 2309 1636 intellexi-

1296 1668 1383 1694 mus,
1407 1659 1521 1690 venire
1543 1660 1741 1698 proponant,
1767 1658 1961 1688 discretioni
1977 1659 2031 1688 tue
2054 1667 2112 1697 per
2128 1658 2311 1698 apostolica

1297 1714 1418 1752 scripta
1434 1712 1633 1742 mandamus
1649 1712 1815 1750 quatenus
1830 1711 2072 1750 ipsos‚recepto
2087 1711 2127 1742 ab
2141 1711 2190 1742 eis
2205 1711 2311 1742 simili

1293 1766 1494 1805 juramento,
1517 1765 1613 1804 juxta
1637 1765 1779 1794 formam
1803 1764 1943 1794 eandem
1965 1764 2006 1795 ab
2027 1763 2220 1803 hujusmodi
2235 1773 2311 1795 sen-

1295 1819 1410 1850 tentiis
1426 1818 1599 1849 absolvere
1618 1818 1752 1848 studeas
1767 1818 1838 1848 vice
1863 1819 1986 1853 nostra,
1998 1819 2027 1847 ct
2044 1818 2112 1847 tam
2137 1826 2194 1847 eos
2209 1825 2310 1856 quam

1297 1873 1402 1902 dictos
1419 1871 1549 1902 nobiles
1561 1879 1620 1910 per
1637 1871 1749 1900 onmia
1765 1871 1848 1905 loca,
1869 1870 1904 1900 in
1925 1870 2048 1909 quibus
2069 1870 2237 1909 petierint,
2252 1879 2312 1910 per

224 1929 417 1961 civitatibus
441 1930 472 1959 et
496 1929 577 1958 locis
604 1928 762 1966 predictis
786 1935 983 1966 procurares
1008 1927 1238 1972 sollempniter
1266 1925 1267 1968 ζ
1296 1928 1327 1956 te
1344 1926 1375 1956 et
1386 1925 1470 1955 alios
1491 1924 1669 1954 denunties
1685 1923 1856 1953 absolutos
1871 1923 1959 1953 etad
1976 1923 2188 1953 devotionem
2204 1923 2312 1963 ipsius

224 1982 402 2022 publicari,
418 1981 598 2011 inhibendo
614 1980 798 2010 districtius
813 1979 970 2009 omnibus
983 1979 1154 2017 judicibus
1169 1987 1239 2018 pre-
1296 1978 1434 2008 ecclesie
1460 1976 1667 2015 rediissesfex
1688 1978 1779 2015 parte
1808 1977 1921 2006 nostra
1943 1976 2114 2006 universis
2139 1976 2312 2014 judicibus

226 2034 323 2065 dictis
342 2034 548 2066 Senensibus
564 2034 618 2063 vel
636 2041 751 2063 eorum
769 2033 940 2071 aliquibus
959 2041 1059 2070 super
1079 2032 1238 2070 predictis
1266 2025 1267 2055 ἶ
1297 2032 1346 2062 013
1362 2041 1379 2061 a
1394 2031 1470 2061 sede
1488 2030 1668 2068 apostolica
1677 2030 1843 2068 deputatis
1860 2031 1891 2059 et
1906 2029 2131 2068 subdelegatis
2146 2030 2316 2068 ipsorum,

1297 2093 1333 2114 ac
1356 2084 1504 2114 locorum
1527 2082 1707 2112 ordinariis
1725 2082 1923 2117 nuntiando,
1942 2083 1977 2111 ut
2000 2082 2048 2112 eis
2072 2082 2227 2112 studeant
2244 2081 2312 2120 ple-

1297 2146 1374 2168 nam
1397 2137 1436 2166 de
1458 2136 1594 2175 prefatis
1614 2135 1684 2165 suis
1710 2135 1932 2165 creditoribus
1952 2135 2119 2173 justitiam
2142 2134 2310 2166 exhibere.

1298 2190 1419 2220 Contra
1436 2189 1637 2219 aliosautem
1650 2189 1815 2218 Senenses
1833 2188 2001 2225 civesqiii,
2021 2188 2054 2217 in
2069 2196 2128 2218 sua
2145 2187 2313 2227 protervia

1297 2243 1527 2282 perdurantes,
1542 2241 1582 2271 ad
1593 2242 1703 2270 sinum
1720 2241 1844 2279 prefate
1856 2240 1993 2270 ecclesie
2008 2241 2125 2271 matris
2134 2249 2193 2271 sue
2205 2241 2312 2271 redire

1298 2297 1462 2329 recusant,
1479 2296 1570 2325 tanto
1584 2294 1778 2332 diligentius
1795 2294 1972 2333 procedere
1988 2294 2122 2324 studeas
2136 2295 2233 2333 juxta
2249 2295 2313 2325 tra-

1297 2349 1400 2379 ditam
1417 2348 1477 2378 tibi
1494 2348 1649 2381 formam,
1678 2348 1801 2386 quanto
1813 2347 1879 2385 ipsi
1892 2347 1998 2385 magis
2014 2347 2172 2377 videntur
2187 2347 2312 2378 anima-

1267 2399 1268 2404 ’
1297 2410 1372 2432 rum
1389 2410 1526 2432 suarum
1543 2401 1714 2431 interitum
1732 2400 1895 2435 affectare,
1913 2400 1992 2430 dum
2005 2400 2112 2438 perire
2128 2400 2240 2439 potius
2254 2399 2311 2431 eli-

1297 2456 1378 2494 gunt
1399 2463 1498 2493 quam
1514 2462 1642 2493 parere.
1658 2454 1782 2484 Datum
1801 2453 1890 2491 apud
1906 2453 2193 2490 Urbemoeterem,
2213 2452 2311 2484 nonis

1267 2528 1268 2560 1
1293 2508 1453 2548 januarii,
1472 2516 1559 2537 anno
1579 2516 1614 2537 11.
1633 2519 1647 2534 »

1334 2588 1363 2614 111
1380 2587 1503 2614 eundem
1524 2586 1641 2613 inodu'm
1659 2585 1752 2612 eidem
1771 2585 1923 2620 magistro.
1938 2585 2050 2612 Dudum
2067 2588 2122 2612 etc.
2136 2593 2225 2620 usque
2237 2585 2312 2613 Saue

1298 2636 1395 2663 dilecti
1417 2636 1481 2668 filii,
1502 2635 1612 2662 nobiles
1622 2634 1688 2667 viri,
1716 2634 1877 2669 Raynerius
1892 2636 1919 2661 et
1939 2634 2097 2661 Gabriellus
2123 2633 2264 2662 Rusticini
2283 2636 2312 2661 et

1268 2706 1269 2714 ,
1299 2685 1534 2715 chricus,filius
1556 2684 1686 2720 ejusdem
1709 2683 1754 2716 R.,
1777 2683 1854 2710 cives
1875 2684 2015 2710 Seuenses
2040 2685 2096 2710 etc.
2122 2690 2211 2718 usque
2239 2682 2310 2710 Cum

226 2723 451 2755 denuntiando
470 2723 582 2753 irritos
600 2723 631 2753 et
656 2723 784 2752 inanes.
806 2722 892 2753 Sane
913 2721 1026 2751 dilecti
1042 2721 1103 2750 filii
1124 2721 1237 2756 nostri,
1268 2720 1269 2758 ζ

1300 2733 1388 2769 igitur
1410 2733 1531 2760 dilectus
1554 2732 1628 2759 silius
1654 2732 1849 2759 Bernardinus
1875 2731 1994 2764 Prioris,
2018 2731 2146 2758 concivis
2165 2733 2194 2758 et
2217 2730 2310 2758 socius

1299 2782 1456 2809 eorundem
1473 2781 1611 2809 nobilium
1623 2783 1678 2807 etc.
1700 2783 1729 2807 ut
1748 2788 1846 2815 supra.

1336 2831 1367 2858 ln
1383 2831 1507 2858 eundem
1527 2830 1645 2857 modum
1662 2829 1767 2856 eidem.
1789 2829 1901 2856 Dudum
1917 2831 1972 2856 etc.
1991 2836 2080 2863 usque
2101 2828 2174 2854 Sane
2189 2827 2311 2854 dilectus
