2547 3289
170 217 227 245 130

976 206 1199 238 REGISTRE
1224 199 1439 237 CAMERAL

168 308 250 333 ram,
285 297 418 326 demum
459 294 606 332 oportuit
644 293 795 331 priorum
829 291 1003 330 angustias
1022 298 1174 323 onerum,
1207 313 1211 336 ἲ
1239 290 1290 319 1111
1306 290 1508 325 residemus,
1529 290 1699 320 destinare
1716 290 1926 329 presumpsit
1946 290 1979 320 in
1996 290 2204 329 asperiorem
2223 291 2256 320 et

167 352 303 389 propter
326 348 571 385 subsequentes
601 354 698 375 casus
726 344 955 379 inevitabiles,
985 343 1177 373 necessario

167 402 332 433 renovari.
354 401 414 430 ille
431 408 575 438 namque
594 400 796 437 tyrampnus
814 399 845 428 et
862 397 1044 436 precipuus
1068 397 1178 435 ipsius

166 455 305 485 ecclesie
330 455 537 492 persecutor,
572 452 730 481 videlicet
770 451 978 486 Mant'redus,
1008 450 1178 489 quondam

166 508 321 546 princeps
346 505 561 541 'l'areutinus,
596 505 751 543 asperius
779 504 880 534 solito
909 504 1071 533 adversus
1102 511 1178 532 ean-

164 561 239 589 dem
267 559 445 589 ecclesiam
464 559 603 597 ejusque
636 557 754 587 fideles
779 557 929 586 furorem
952 565 1011 586 sue
1037 555 1179 586 crudeli—

164 613 243 643 tatis
263 613 458 647 accendens,
480 620 516 641 ac
534 611 743 641 succendens
763 610 911 640 durioris
929 609 1179 648 persecutionis

165 666 267 695 ollam
296 665 367 695 suis
394 664 567 703 pestiferis
594 663 730 694 flatibus
759 665 875 693 contra
896 672 981 697 eain,
1008 662 1178 692 continuis

164 720 258 750 illam
278 727 426 757 suosque
445 718 561 747 tideles
580 717 613 747 in
631 717 775 747 diversis
793 716 947 755 partibus
961 715 1179 755 aggressibus

166 772 309 810 impetit,
327 771 466 801 assidua
481 771 659 800 vexatione
677 770 836 806 concutit,
856 769 948 799 rabie
966 771 1180 808 tyrampnica

165 825 325 855 distrahit.
345 826 377 854 et
392 824 538 854 diversis
556 823 635 853 aliis
651 823 909 853 tribulationum
931 822 1112 861 generibus
1130 822 1177 851 in-

165 880 337 909 cessanter
363 877 494 916 aflligit.
518 877 698 912 Quoniam,
732 877 883 914 ejusdem
911 876 1077 906 Mansredi
1106 884 1179 914 per-

166 930 398 961 secutionibus
411 929 710 965 invalescentibus,
725 929 881 968 pululant
899 929 967 959 sere
983 929 1109 967 ubique
1122 937 1180 966 per

166 984 298 1013 Italiam
319 983 467 1019 hereses,
488 983 625 1012 divinus
642 982 753 1012 cultus
772 982 948 1018 minuitur,
969 982 1052 1012 tides
1070 982 1180 1012 catho-

166 1037 231 1066 lica
259 1036 435 1075 premitur,
455 1036 559 1065 immo
580 1035 784 1074 deprimitur
799 1037 829 1066 et
849 1035 1053 1074 opprimitur
1071 1036 1180 1065 status

166 1090 329 1125 fidelium,
353 1089 558 1119 ancillantur
582 1088 810 1118 ecclesiastice
840 1088 1016 1118 libertates
1044 1091 1075 1118 et
1104 1089 1181 1127 J'ura

167 1143 395 1173 ecclesiastica
414 1142 669 1177 conculcantur3
688 1142 810 1180 prelati
836 1150 969 1180 (10011110
988 1144 1019 1172 et
1042 1142 1100 1171 alii
1119 1142 1181 1171 cle-

167 1196 261 1226 ricali
281 1195 405 1225 militia
422 1195 611 1235 presigniti,
630 1204 736 1233 penas
760 1194 872 1225 subire
891 1196 1055 1233 coguntur
1072 1195 1180 1231 exilii,

167 1249 345 1288 capiuntur
363 1251 393 1279 et
411 1249 636 1287 ignominiose
658 1249 844 1278 tractantur
863 1257 899 1278 ac
918 1248 951 1278 in
976 1249 1108 1278 atroces
1128 1249 1183 1278 116-

168 1303 350 1333 truduntur
367 1310 528 1337 carceres,
558 1302 769 1337 mutilantur,
787 1303 819 1331 et
844 1303 951 1331 morte
982 1301 1183 1340 turpissima

171 1355 470 1393 coiuleinpnantur,
491 1355 681 1393 spoliantur
702 1363 796 1384 sacra
822 1356 853 1384 ct
878 1355 933 1393 pia
950 1354 1023 1384 loca
1042 1356 1111 1384 tam
1136 1364 1184 1385 re-

171 1408 291 1447 ligiosa
315 1416 415 1446 quam
439 1407 505 1437 alia
524 1407 802 1446 possessionibus
827 1409 857 1438 et
886 1407 965 1437 aliis
988 1407 1088 1437 bonis
1112 1408 1184 1437 suis

171 1463 202 1491 et
221 1470 295 1490 cnm
325 1461 392 1491 sint
416 1461 531 1490 divino
549 1460 658 1490 dicata
677 1460 794 1494 cultui,
815 1460 856 1489 ad
880 1469 963 1490 usus
980 1460 1184 1499 deputantur

172 1514 310 1543 illicitos
328 1515 359 1543 et
375 1513 578 1552 prophanos,
599 1513 834 1551 despiciuntur
851 1515 881 1543 et
902 1513 1185 1543 abhominatimii-

170 1566 234 1596 bus
255 1576 290 1596 ac
307 1567 482 1604 spurcitiis
507 1566 740 1601 sordidantur,
761 1566 915 1596 nonnulli
943 1566 1045 1596 etiam
1070 1566 1184 1596 clerici

171 1619 285 1649 divina
299 1621 463 1658 coguntur
479 1619 589 1649 officia
608 1620 641 1649 in
656 1619 740 1649 locis
759 1619 988 1649 ecclesiastico
1005 1619 1184 1650 interdicto

172 1673 370 1711 suppositis,
389 1673 421 1702 in
435 1674 664 1711 contemptum
683 1673 828 1703 clavium
842 1673 994 1709 ecclesie,
1013 1673 1184 1703 celebrare

172 1727 202 1756 et
219 1725 375 1756 exhibere
388 1725 563 1756 sceleratis
577 1727 608 1756 et
621 1726 889 1756 excomunicatis
902 1728 932 1756 et
950 1726 1066 1764 impiis
1081 1726 1184 1756 eccle-

172 1779 310 1809 siastica
327 1781 554 1814 sacmmenta,
574 1779 781 1817 pontificalis
799 1779 1056 1818 parvipenditur
1075 1781 1185 1810 aucto—

173 1833 254 1862 ritas
273 1834 304 1862 ct
319 1833 481 1871 potestas,
505 1832 736 1862 ecclesiastica
754 1841 896 1863 censura
920 1833 1182 1871 contempnitur,

171 1887 312 1924 pereunt
336 1885 458 1922 anime,
476 1886 689 1916 trucidantur
714 1895 866 1924 corpora,
887 1886 1112 1916 incenduntur
1131 1895 1184 1916 ur-

172 1938 241 1974 bes,
258 1939 502 1969 destruhuntur
528 1940 649 1974 castra,
671 1939 869 1978 infringitur
887 1940 1070 1969 stratarum
1093 1948 1184 1969 secu-

174 1991 265 2029 ritas,
297 1991 486 2030 spoliantur
524 1992 683 2028 viatores,
717 1992 893 2022 Sarraceni
936 1994 967 2022 et
998 1992 1184 2022 scismatici

172 2044 385 2075 Christicolis
423 2046 454 2074 et
494 2044 651 2074 tidelibus
688 2045 921 2083 preserunturg
957 2045 1183 2076 defenduntur

172 2097 321 2133 heretici,
345 2098 426 2127 adeo
457 2098 545 2136 1111011
573 2098 605 2127 111
624 2098 798 2128 nonnullis
825 2098 909 2128 10015
935 2107 999 2128 11011
1018 2099 1117 2129 audet
1136 2108 1184 2129 ec-

172 2150 275 2180 clesia
284 2151 464 2189 procedere
475 2152 590 2180 contra
605 2151 716 2189 ipsos,
735 2151 769 2180 in
781 2151 954 2190 aliquibus
970 2161 1049 2182 vero
1068 2152 1181 2189 terris,

172 2203 400 2242 predicatores
424 2203 615 2242 evangelice
635 2204 790 2234 veritatis
820 2204 960 2234 verbum
986 2205 1047 2235 Dei
1066 2214 1184 2244 propo-

172 2265 250 2286 nere
272 2256 429 2286 fidelibus
451 2256 672 2295 prohibentur
696 2259 727 2287 et
753 2257 890 2287 hereses
912 2257 1046 2296 publice
1073 2258 1184 2297 predi-

172 2311 301 2346 cantur,
318 2309 521 2348 1111111111110111
544 2310 683 2349 insuper
702 2310 769 2340 alia
795 2310 1011 2341 detestabilia
1034 2313 1065 2341 et
1086 2311 1184 2341 abho-

172 2362 349 2392 minabilia
366 2363 635 2400 committuntur,
654 2372 718 2402 que
737 2364 852 2394 oculos
865 2364 979 2394 divine
995 2364 1184 2403 majestatis

172 2416 356 2450 offendunt,
385 2416 581 2446 scandalum
608 2416 641 2446 in
660 2417 803 2446 ecclesia
829 2419 1039 2447 commovent
1064 2419 1095 2448 et
1120 2420 1184 2448 tre-

172 2469 331 2499 mendmn
359 2469 586 2500 ecclesiastice
615 2478 755 2500 censure
785 2470 934 2509 vigorem
957 2470 1135 2502 debilitant
1153 2472 1185 2502 et

173 2522 384 2557 00110u10a11t3
404 2531 510 2561 nuper
527 2523 628 2553 etiam
647 2523 757 2553 dictus
783 2523 980 2554 Manfredus
1005 2524 1038 2554 in
1056 2524 1185 2555 viscera

173 2575 282 2613 ipsius
305 2575 446 2606 ecclesie
468 2576 811 2606 truculentasmanus
841 2577 1042 2613 immittens,
1074 2579 1185 2615 preter

173 2628 434 2659 Sarracenorum
459 2631 489 2659 et
515 2629 660 2659 aliorum
687 2629 876 2660 infidelium
895 2630 1029 2669 agmina
1058 2640 1122 2669 1106
1152 2631 1186 2661 111

174 2680 420 2712 Anconitanum
434 2682 626 2713 transmisit
638 2682 834 2718 Mamiliam,
845 2684 958 2721 preter
972 2683 1073 2713 etiam
1092 2692 1186 2714 exer-

175 2733 279 2764 citum
305 2743 405 2773 quem
425 2734 569 2774 dirigere
590 2735 623 2765 in
644 2735 802 2766 ducatum
828 2735 1048 2775 Spoletanum
1073 2737 1187 2775 dispo-

177 2786 255 2821 suit,
283 2788 678 2825 (1005111101Τ6010111005,
706 2798 765 2819 sue
795 2789 911 2828 utique
940 2789 1187 2828 persecutionis
1218 2825 1219 2836 ἵ

176 2839 363 2876 ministros,
384 2841 418 2870 in
434 2841 683 2871 Patrimonium
700 2841 796 2872 Beati
822 2842 913 2872 Petri
943 2842 976 2871 in
998 2842 1132 2878 Tuscia,
1153 2843 1186 2873 in

177 2899 243 2930 quo
260 2901 321 2922 nos
340 2901 415 2923 cuin
440 2893 603 2924 fratribus
622 2894 749 2925 nostris
766 2897 798 2925 et
815 2904 892 2925 cum
910 2896 980 2926 tota
999 2897 1115 2926 nostra
1133 2905 1186 2926 cu-
1219 2920 1220 2924 ,

1240 343 1413 374 duriorem
1429 344 1643 374 vexationem
1661 343 1772 382 ipsius
1787 343 1926 373 ecclesie
1954 351 2162 382 suorumque
2178 342 2258 373 fide-

1239 394 1325 424 lium
1338 396 1596 429 nocumentum,
1610 402 1671 424 nos
1684 394 1798 433 igitur,
1817 394 1859 423 ad
1872 394 2051 425 tuitionem
2069 395 2256 425 orthodoxe

1240 448 1330 484 fidei,
1351 448 1582 478 defensionem
1608 448 1717 486 ipsius
1746 447 1899 484 ecclesie,
1918 447 2152 487 dictorumque
2176 448 2257 479 fide-

1240 501 1325 531 lium
1345 502 1377 531 et
1395 501 1565 531 libertatis
1592 500 1822 531 ecclesiastice
1841 503 1978 530 nostros
1997 500 2037 530 ab
2058 501 2191 531 intimis
2208 501 2258 531 di-

1240 554 1388 593 rigentes
1405 555 1556 591 01160105,
1578 556 1608 584 61
1624 554 1664 584 ob
1679 554 1709 583 id
1724 554 1897 592 tvrampni
1916 554 2058 592 predicti
2079 554 2256 584 conatibus

1241 598 1316 637 cum
1333 607 1396 637 Dei
1413 608 1580 646 adjutorio
1597 617 1657 646 pro
1676 607 1807 637 viribus
1826 607 2036 643 resistentes,
2052 609 2122 637 tam
2149 607 2183 637 in
2209 607 2258 637 di-

1240 660 1350 690 versis
1368 660 1576 690 exercitibus
1599 663 1630 690 et
1649 660 1835 696 masnadis,
1857 669 1958 699 quam
1984 660 2019 689 in
2044 660 2123 689 aliis
2152 660 2256 690 etiam

1241 713 1389 743 militum
1416 713 1524 752 copiis
1549 723 1634 752 quos
1652 722 1667 743 e
1695 713 1842 743 diversis
1868 712 2023 752 partibus
2055 712 2118 742 sub
2149 713 2259 752 ipsius

1241 766 1383 797 ecclesie
1420 766 1614 805 sumptibus
1657 767 1798 797 conduci
1839 767 1995 803 fecimus,
2033 766 2259 805 expendimus

1238 820 1307 858 jain
1327 820 1488 859 quicquid
1511 820 1627 850 eadem
1650 820 1795 850 ecclesia
1813 820 1951 849 comode
1978 820 2086 858 potuit
2108 819 2258 858 elargiri,

1242 874 1273 903 et
1287 873 1438 909 tandem,
1455 875 1593 911 urgente
1607 873 1807 904 necessitate
1826 873 2005 911 compulsi,
2020 882 2141 910 magna
2154 874 2259 903 coacti

1242 934 1360 956 sumus
1378 926 1572 956 contrahere
1596 935 1696 956 onera
1717 926 1921 963 debitorum,
1940 935 2000 956 nec
2019 926 2126 956 adhuc
2146 934 2260 965 perse-

1241 980 1331 1010 cutio
1345 980 1477 1010 destitit
1492 980 1573 1018 quin
1588 979 1714 1018 jugiter
1733 979 1928 1009 resistentie
1947 982 2062 1009 nostre
2080 979 2259 1009 conamina

1243 1033 1493 1063 indeficientem
1519 1034 1654 1071 exigant
1686 1032 1957 1071 importabilium
1988 1033 2172 1062 recentiam
2202 1041 2259 1062 ex-

1242 1095 1436 1125 pensarum.
1469 1087 1509 1116 Et
1547 1086 1633 1122 ideo,
1667 1094 1733 1115 non
1769 1085 1882 1115 minus
1917 1085 2123 1115 intrinsecus
2156 1094 2258 1124 quam

1243 1140 1458 1170 extrinsecus
1486 1139 1607 1169 talium
1639 1139 1726 1169 mole
1751 1138 2021 1168 sollicitudinum
2054 1138 2258 1177 pregravati,

1244 1192 1508 1223 deliberavimus
1536 1194 1671 1222 nostras
1688 1193 1719 1222 et
1737 1191 1889 1230 ejusdem
1911 1191 2051 1221 ecclesie
2067 1190 2130 1220 tibi
2149 1199 2263 1221 neces-

1245 1247 1362 1276 sitates
1379 1254 1548 1284 exponere
1566 1248 1730 1283 tuumque
1746 1245 1929 1275 consilium
1950 1247 1980 1275 et
2001 1245 2167 1274 auxilium
2185 1253 2262 1274 con-

1244 1299 1387 1330 fidenter
1406 1300 1439 1329 in
1460 1299 1520 1329 hac
1549 1300 1644 1338 parte
1671 1298 1856 1337 requirere,
1880 1298 1973 1328 velut
2002 1298 2100 1327 illius
2127 1298 2166 1328 de
2194 1306 2261 1336 quo

1246 1352 1334 1382 inter
1369 1354 1498 1382 ceteros
1526 1352 1741 1390 lspaniarum
1780 1351 1930 1390 prelatos
1963 1351 2145 1390 specialem
2178 1350 2263 1381 fidu-

1247 1406 1333 1436 ciam
1344 1405 1549 1436 obtinemus.
1562 1406 1669 1435 'l’uani
1681 1405 1793 1444 itaque
1809 1405 2054 1435 fraternitatem
2069 1414 2260 1442 monemus,

1247 1468 1406 1498 rogamus
1418 1461 1448 1489 et
1461 1459 1636 1489 hortamur
1647 1460 1774 1488 attente
1788 1467 1846 1497 per
1859 1458 2046 1496 apostolica
2058 1457 2120 1488 tibi
2135 1458 2262 1497 scripta

1246 1513 1458 1546 mandantes,
1488 1512 1648 1550 quatinus
1676 1511 1816 1550 provide
1846 1519 1994 1549 pensans
2026 1511 2116 1550 1111011
2144 1511 2263 1550 langor

1247 1565 1403 1596 concussi
1422 1565 1543 1604 capitis
1562 1565 1605 1595 ad
1629 1564 1782 1595 membra
1805 1564 2016 1598 diffunditur,
2039 1564 2196 1603 quodque
2215 1566 2263 1595 te-

1246 1620 1368 1649 nentur
1385 1618 1448 1648 11111
1475 1618 1576 1648 matri
1601 1618 1746 1656 compati
1774 1617 1917 1656 patienti
1936 1619 1966 1647 et
1996 1617 2031 1647 in
2054 1617 2149 1647 illius
2167 1626 2264 1656 opor-

1245 1671 1450 1702 tunitatibus
1480 1671 1658 1710 oportunis
1681 1671 1800 1701 adesse
1821 1671 1993 1709 suffragiis
2019 1670 2263 1709 adjuvandum

1246 1726 1356 1764 ipsam
1373 1726 1549 1756 ecclesiam
1572 1725 1605 1755 in
1626 1727 1717 1755 tante
1737 1725 1952 1755 necessitatis
1979 1724 2120 1754 articulo
2142 1724 2264 1755 consti-

1246 1780 1367 1816 tutam,
1387 1779 1486 1810 nobis
1505 1779 1593 1815 etei,
1612 1778 1653 1809 ob
1674 1778 1899 1808 reverentiam
1920 1778 2103 1817 apostolice
2119 1778 2212 1808 sedis
2231 1778 2265 1808 et

1248 1834 1412 1869 nostram,
1429 1833 1463 1862 in
1490 1832 1605 1871 aliqua
1634 1831 1765 1862 decenti
1784 1840 1918 1861 summa
1944 1831 2099 1869 pecunie,
2127 1831 2167 1861 de
2198 1839 2265 1870 qua

1246 1885 1308 1916 tibi
1342 1887 1373 1916 et
1396 1885 1518 1916 dilecto
1540 1885 1609 1915 tilio
1634 1885 1797 1924 magistro
1824 1884 1968 1923 SynitiQ
1989 1893 2121 1914 camere
2148 1886 2264 1915 nostre

1246 1939 1367 1969 clerico
1386 1948 1421 1968 ac
1450 1940 1565 1968 nostro
1589 1940 1619 1968 et
1642 1938 1752 1976 ipsius
1773 1937 1914 1967 ecclesie
1934 1938 2064 1974 nuntio,
2095 1946 2196 1976 quem
2222 1937 2263 1968 ad

1246 1992 1307 2022 hoc
1328 1992 1522 2030 specialiter
1540 1991 1702 2021 duximus
1725 1990 1975 2024 destinandum,
1994 1991 2154 2029 expedire
2172 1990 2264 2021 vide-

1246 2045 1349 2081 bitur,
1367 2044 1502 2075 liberali
1525 2044 1794 2083 promptitudine
1822 2043 2016 2080 subvenire,
2038 2044 2202 2082 illamque
2218 2043 2265 2074 ei-

1246 2098 1322 2129 dem
1338 2099 1470 2135 nuntio,
1490 2097 1624 2128 sublato
1643 2097 1825 2137 cujuslibet
1842 2097 2016 2127 dilationis
2033 2099 2064 2127 et
2084 2096 2265 2127 difficulta-

1245 2152 1290 2182 tis
1321 2151 1507 2188 obstaculo,
1541 2152 1656 2181 nostro
1692 2152 1723 2181 et
1761 2150 1904 2181 ecclesie
1937 2150 2086 2189 predicte
2112 2150 2262 2187 nomine,

1246 2205 1384 2236 studeas
1401 2205 1588 2244 assignare,
1607 2203 1824 2234 rescribendo
1851 2203 1949 2234 nobis
1973 2203 2135 2242 quicquid
2156 2203 2186 2234 ei
2202 2211 2264 2242 pro

1246 2258 1344 2289 nobis
1375 2260 1407 2288 et
1439 2259 1556 2289 eadem
1586 2257 1730 2288 ecclesia
1761 2256 1902 2287 duxeris
1931 2256 2187 2296 assignandum,
2218 2256 2266 2287 ita

1247 2311 1337 2351 quod
1364 2313 1422 2342 tuo
1453 2313 1485 2342 et
1510 2311 1697 2341 aliorum...
1724 2310 1783 2341 hec
1811 2310 2022 2349 requirimus
2054 2311 2212 2348 prompto
2232 2312 2265 2340 et

1246 2365 1387 2402 efficaci,
1407 2365 1495 2395 sicut.
1515 2373 1692 2404 speramus
1709 2363 1914 2394 intervenire
1930 2362 2083 2393 subsidio
2095 2362 2136 2393 ab
2153 2362 2265 2393 immi-

1247 2417 1406 2448 nentibus
1420 2417 1583 2456 periculis
1596 2418 1628 2447 et
1643 2416 1880 2447 vexationibus
1885 2439 1947 2447 .....
1965 2416 2087 2446 exinde
2101 2417 2264 2455 perpetuo

1246 2471 1420 2510 proptio...
1453 2471 1579 2501 Datum
1614 2470 1703 2509 apud
1734 2469 2023 2506 Urbemveterem,
2058 2469 2134 2499 idus
2161 2468 2262 2509 junii,

1248 2533 1334 2555 anno
1354 2524 1467 2554 tertio.
1489 2534 1504 2553 1)

1286 2578 1323 2608 In
1344 2577 1487 2607 eundem
1507 2577 1645 2607 modum
1667 2600 1687 2606 ..
1708 2576 1867 2615 episcopo
1885 2575 2126 2606 Mindoniensi.

1287 2631 1325 2661 In
1343 2630 1487 2660 eundem
1508 2630 1648 2660 modum
1668 2654 1689 2660 ..
1709 2629 1868 2668 episcopo
1886 2628 2097 2659 Lamecensi.

1286 2683 1326 2714 In
1349 2683 1491 2714 eundem
1509 2683 1647 2713 modum
1667 2708 1687 2714 ..
1705 2683 1864 2722 episcopo
1884 2682 2073 2712 Palentino.

1288 2737 1326 2767 In
1345 2737 1488 2767 eundem
1507 2737 1647 2767 modum
1667 2759 1686 2767 ..
1707 2736 1867 2775 episcopo
1886 2734 2096 2774 segobiensi.

1288 2790 1327 2820 In
1347 2790 1491 2820 eundem
1509 2790 1648 2820 modum
1667 2813 1686 2819 ..
1707 2789 1866 2828 episcopo
1884 2787 2122 2820 Ulixhonensi.

1289 2843 1327 2873 In
1346 2843 1489 2873 eundem
1510 2843 1647 2873 modum
1667 2867 1688 2874 ..
1707 2842 1867 2881 episcopo
1886 2840 2100 2881 Legioneusi.

1290 2896 1329 2926 In
1345 2897 1490 2927 eundem
1506 2897 1645 2927 modum
1665 2921 1684 2926 ..
1704 2895 1864 2935 episcopo
1885 2893 2076 2925 Cauriensi.
