<?xml version="1.0" encoding="UTF-8"?>
<!DOCTYPE html PUBLIC "-//W3C//DTD XHTML 1.0 Transitional//EN"
    "http://www.w3.org/TR/xhtml1/DTD/xhtml1-transitional.dtd">
<html xmlns="http://www.w3.org/1999/xhtml" xml:lang="en" lang="en">
 <head>
  <title>
</title>
<meta http-equiv="Content-Type" content="text/html;charset=utf-8" />
  <meta name='ocr-system' content='tesseract 3.04.00' />
  <meta name='ocr-capabilities' content='ocr_page ocr_carea ocr_par ocr_line ocrx_word'/>
</head>
<body>
  <div class='ocr_page' id='page_1' title='image "./lesregistresdurb12cath/lesregistresdurb12cath_0053.png"; bbox 0 0 2547 3289; ppageno 0'>
   <div class='ocr_carea' id='block_1_1' title="bbox 1153 282 2344 316">
    <p class='ocr_par' dir='ltr' id='par_1_1' title="bbox 1153 282 2344 316">
     <span class='ocr_line' id='line_1_1' title="bbox 1153 282 2344 316; baseline 0.003 -4"><span class='ocrx_word' id='word_1_1' title='bbox 1153 282 1364 313; x_wconf 67' lang='lat' dir='ltr'><strong>D‘URBAIN</strong></span> <span class='ocrx_word' id='word_1_2' title='bbox 1387 284 1446 313; x_wconf 85' lang='lat' dir='ltr'>IV.</span> <span class='ocrx_word' id='word_1_3' title='bbox 2304 288 2344 316; x_wconf 80' lang='lat'>43</span> 
     </span>
    </p>
   </div>
   <div class='ocr_carea' id='block_1_2' title="bbox 260 363 1275 1295">
    <p class='ocr_par' dir='ltr' id='par_1_2' title="bbox 260 363 1275 1295">
     <span class='ocr_line' id='line_1_2' title="bbox 262 363 1271 405; baseline -0.003 -9"><span class='ocrx_word' id='word_1_4' title='bbox 262 367 302 397; x_wconf 89' lang='lat' dir='ltr'>de</span> <span class='ocrx_word' id='word_1_5' title='bbox 326 366 426 400; x_wconf 74' lang='lat' dir='ltr'>Pisis,</span> <span class='ocrx_word' id='word_1_6' title='bbox 443 366 571 405; x_wconf 90' lang='lat' dir='ltr'>phisico</span> <span class='ocrx_word' id='word_1_7' title='bbox 595 366 674 396; x_wconf 86' lang='lat' dir='ltr'>olim</span> <span class='ocrx_word' id='word_1_8' title='bbox 690 367 778 405; x_wconf 90' lang='lat' dir='ltr'>apud</span> <span class='ocrx_word' id='word_1_9' title='bbox 793 366 986 400; x_wconf 78' lang='lat' dir='ltr'>Massiliam,</span> <span class='ocrx_word' id='word_1_10' title='bbox 1009 364 1093 394; x_wconf 77' lang='lat' dir='ltr'>sicut</span> <span class='ocrx_word' id='word_1_11' title='bbox 1108 363 1271 394; x_wconf 77' lang='lat' dir='ltr'>intellexi-</span> 
     </span>
     <span class='ocr_line' id='line_1_3' title="bbox 263 417 1271 458; baseline -0.002 -10"><span class='ocrx_word' id='word_1_12' title='bbox 263 428 350 455; x_wconf 86' lang='lat' dir='ltr'>mus,</span> <span class='ocrx_word' id='word_1_13' title='bbox 365 420 601 454; x_wconf 85' lang='lat' dir='ltr'>commorante,</span> <span class='ocrx_word' id='word_1_14' title='bbox 617 419 728 458; x_wconf 91' lang='lat' dir='ltr'>ipsum</span> <span class='ocrx_word' id='word_1_15' title='bbox 743 419 784 450; x_wconf 84' lang='lat' dir='ltr'>ad</span> <span class='ocrx_word' id='word_1_16' title='bbox 802 418 1047 457; x_wconf 77' lang='lat' dir='ltr'>suggestionem</span> <span class='ocrx_word' id='word_1_17' title='bbox 1063 417 1271 455; x_wconf 87' lang='lat' dir='ltr'>quorundam</span> 
     </span>
     <span class='ocr_line' id='line_1_4' title="bbox 262 470 1271 509; baseline -0.003 -8"><span class='ocrx_word' id='word_1_18' title='bbox 262 471 483 501; x_wconf 79' lang='lat' dir='ltr'><strong>asserentium</strong></span> <span class='ocrx_word' id='word_1_19' title='bbox 506 480 583 502; x_wconf 91' lang='lat' dir='ltr'>eum</span> <span class='ocrx_word' id='word_1_20' title='bbox 600 472 716 502; x_wconf 85' lang='lat' dir='ltr'>haberi</span> <span class='ocrx_word' id='word_1_21' title='bbox 738 472 777 502; x_wconf 91' lang='lat' dir='ltr'>de</span> <span class='ocrx_word' id='word_1_22' title='bbox 802 471 944 501; x_wconf 86' lang='lat' dir='ltr'>heretica</span> <span class='ocrx_word' id='word_1_23' title='bbox 961 470 1121 509; x_wconf 74' lang='lat' dir='ltr'>pravitate</span> <span class='ocrx_word' id='word_1_24' title='bbox 1138 477 1271 507; x_wconf 87' lang='lat' dir='ltr'>suspec-</span> 
     </span>
     <span class='ocr_line' id='line_1_5' title="bbox 262 522 1271 561; baseline -0.003 -7"><span class='ocrx_word' id='word_1_25' title='bbox 262 525 345 559; x_wconf 90' lang='lat' dir='ltr'>tum,</span> <span class='ocrx_word' id='word_1_26' title='bbox 374 524 515 554; x_wconf 77' lang='lat' dir='ltr'>detineri</span> <span class='ocrx_word' id='word_1_27' title='bbox 545 525 654 555; x_wconf 79' lang='lat' dir='ltr'>fecisti</span> <span class='ocrx_word' id='word_1_28' title='bbox 685 527 717 555; x_wconf 86' lang='lat' dir='ltr'>et</span> <span class='ocrx_word' id='word_1_29' title='bbox 746 524 869 554; x_wconf 86' lang='lat' dir='ltr'>carceri</span> <span class='ocrx_word' id='word_1_30' title='bbox 908 522 1103 561; x_wconf 87' lang='lat' dir='ltr'>mancipari.</span> <span class='ocrx_word' id='word_1_31' title='bbox 1133 522 1271 555; x_wconf 85' lang='lat' dir='ltr'>Verum,</span> 
     </span>
     <span class='ocr_line' id='line_1_6' title="bbox 261 575 1272 616; baseline -0.002 -10"><span class='ocrx_word' id='word_1_32' title='bbox 261 577 377 607; x_wconf 89' lang='lat' dir='ltr'>eodem</span> <span class='ocrx_word' id='word_1_33' title='bbox 403 577 584 615; x_wconf 71' lang='lat' dir='ltr'>Raynerio,</span> <span class='ocrx_word' id='word_1_34' title='bbox 607 586 666 616; x_wconf 90' lang='lat' dir='ltr'>per</span> <span class='ocrx_word' id='word_1_35' title='bbox 685 577 934 616; x_wconf 71' lang='lat' dir='ltr'>inquisitionem</span> <span class='ocrx_word' id='word_1_36' title='bbox 953 575 1144 605; x_wconf 86' lang='lat' dir='ltr'>auctoritate</span> <span class='ocrx_word' id='word_1_37' title='bbox 1165 575 1272 604; x_wconf 78' lang='lat' dir='ltr'>felicis</span> 
     </span>
     <span class='ocr_line' id='line_1_7' title="bbox 262 627 1272 670; baseline -0.003 -11"><span class='ocrx_word' id='word_1_38' title='bbox 262 629 500 660; x_wconf 84' lang='lat' dir='ltr'>recordat-ionis</span> <span class='ocrx_word' id='word_1_39' title='bbox 519 630 704 660; x_wconf 83' lang='lat' dir='ltr'>innocent-ii</span> <span class='ocrx_word' id='word_1_40' title='bbox 718 629 1065 670; x_wconf 81' lang='lat' dir='ltr'>pape,predecessoris</span> <span class='ocrx_word' id='word_1_41' title='bbox 1081 627 1197 662; x_wconf 84' lang='lat' dir='ltr'>nostri,</span> <span class='ocrx_word' id='word_1_42' title='bbox 1208 627 1272 657; x_wconf 85' lang='lat' dir='ltr'>fac-</span> 
     </span>
     <span class='ocr_line' id='line_1_8' title="bbox 261 680 1272 721; baseline -0.003 -10"><span class='ocrx_word' id='word_1_43' title='bbox 261 683 328 712; x_wconf 87' lang='lat' dir='ltr'>tam</span> <span class='ocrx_word' id='word_1_44' title='bbox 345 682 384 712; x_wconf 90' lang='lat' dir='ltr'>de</span> <span class='ocrx_word' id='word_1_45' title='bbox 400 683 623 721; x_wconf 83' lang='lat' dir='ltr'>ipso‚repert0</span> <span class='ocrx_word' id='word_1_46' title='bbox 639 683 800 713; x_wconf 88' lang='lat' dir='ltr'>catholico</span> <span class='ocrx_word' id='word_1_47' title='bbox 815 684 845 711; x_wconf 91' lang='lat' dir='ltr'>et</span> <span class='ocrx_word' id='word_1_48' title='bbox 862 690 880 711; x_wconf 91' lang='lat' dir='ltr'>a</span> <span class='ocrx_word' id='word_1_49' title='bbox 893 689 1022 711; x_wconf 86' lang='lat' dir='ltr'>carcere</span> <span class='ocrx_word' id='word_1_50' title='bbox 1038 680 1272 718; x_wconf 83' lang='lat' dir='ltr'>liberato,que-</span> 
     </span>
     <span class='ocr_line' id='line_1_9' title="bbox 260 733 1273 774; baseline -0.003 -9"><span class='ocrx_word' id='word_1_51' title='bbox 260 735 339 765; x_wconf 83' lang='lat' dir='ltr'>dam</span> <span class='ocrx_word' id='word_1_52' title='bbox 364 735 452 765; x_wconf 86' lang='lat' dir='ltr'>bona</span> <span class='ocrx_word' id='word_1_53' title='bbox 469 736 576 774; x_wconf 89' lang='lat' dir='ltr'>ipsius</span> <span class='ocrx_word' id='word_1_54' title='bbox 599 744 701 774; x_wconf 87' lang='lat' dir='ltr'>penes</span> <span class='ocrx_word' id='word_1_55' title='bbox 719 736 749 765; x_wconf 89' lang='lat' dir='ltr'>te</span> <span class='ocrx_word' id='word_1_56' title='bbox 774 734 975 765; x_wconf 82' lang='lat' dir='ltr'>remansisse</span> <span class='ocrx_word' id='word_1_57' title='bbox 999 733 1161 767; x_wconf 85' lang='lat' dir='ltr'>dicantur,</span> <span class='ocrx_word' id='word_1_58' title='bbox 1180 741 1273 762; x_wconf 86' lang='lat' dir='ltr'>man-</span> 
     </span>
     <span class='ocr_line' id='line_1_10' title="bbox 260 786 1273 826; baseline -0.004 -8"><span class='ocrx_word' id='word_1_59' title='bbox 260 788 380 818; x_wconf 83' lang='lat' dir='ltr'>damus</span> <span class='ocrx_word' id='word_1_60' title='bbox 406 790 570 826; x_wconf 86' lang='lat' dir='ltr'>quatenus</span> <span class='ocrx_word' id='word_1_61' title='bbox 593 788 680 818; x_wconf 88' lang='lat' dir='ltr'>bona</span> <span class='ocrx_word' id='word_1_62' title='bbox 702 788 786 826; x_wconf 86' lang='lat' dir='ltr'>ipsa,</span> <span class='ocrx_word' id='word_1_63' title='bbox 810 795 874 825; x_wconf 86' lang='lat' dir='ltr'>que</span> <span class='ocrx_word' id='word_1_64' title='bbox 900 786 1017 816; x_wconf 85' lang='lat' dir='ltr'>cedula</span> <span class='ocrx_word' id='word_1_65' title='bbox 1042 786 1188 815; x_wconf 88' lang='lat' dir='ltr'>continet</span> <span class='ocrx_word' id='word_1_66' title='bbox 1202 794 1273 824; x_wconf 94' lang='lat' dir='ltr'>pre-</span> 
     </span>
     <span class='ocr_line' id='line_1_11' title="bbox 261 838 1274 875; baseline -0.004 -4"><span class='ocrx_word' id='word_1_67' title='bbox 261 841 412 871; x_wconf 83' lang='lat' dir='ltr'>sentibus</span> <span class='ocrx_word' id='word_1_68' title='bbox 429 841 620 875; x_wconf 87' lang='lat' dir='ltr'>interclusa‚</span> <span class='ocrx_word' id='word_1_69' title='bbox 638 840 759 870; x_wconf 76' lang='lat' dir='ltr'>Vivolo</span> <span class='ocrx_word' id='word_1_70' title='bbox 775 839 969 874; x_wconf 77' lang='lat' dir='ltr'>Salvanelli‚</span> <span class='ocrx_word' id='word_1_71' title='bbox 986 840 1132 869; x_wconf 85' lang='lat' dir='ltr'>Venture</span> <span class='ocrx_word' id='word_1_72' title='bbox 1144 838 1274 868; x_wconf 82' lang='lat' dir='ltr'>Cambii</span> 
     </span>
     <span class='ocr_line' id='line_1_12' title="bbox 260 891 1273 932; baseline -0.004 -8"><span class='ocrx_word' id='word_1_73' title='bbox 260 895 292 924; x_wconf 86' lang='lat' dir='ltr'>et</span> <span class='ocrx_word' id='word_1_74' title='bbox 304 894 399 924; x_wconf 89' lang='lat' dir='ltr'>Lotto</span> <span class='ocrx_word' id='word_1_75' title='bbox 419 893 590 932; x_wconf 84' lang='lat' dir='ltr'>Hugolini,</span> <span class='ocrx_word' id='word_1_76' title='bbox 611 893 712 923; x_wconf 87' lang='lat' dir='ltr'>sociis</span> <span class='ocrx_word' id='word_1_77' title='bbox 728 892 924 922; x_wconf 87' lang='lat' dir='ltr'>dilectorum</span> <span class='ocrx_word' id='word_1_78' title='bbox 940 892 1088 922; x_wconf 88' lang='lat' dir='ltr'>filiorum</span> <span class='ocrx_word' id='word_1_79' title='bbox 1101 891 1273 921; x_wconf 60' lang='grc' dir='ltr'>13011111το11-</span> 
     </span>
     <span class='ocr_line' id='line_1_13' title="bbox 260 945 1272 980; baseline -0.003 -4"><span class='ocrx_word' id='word_1_80' title='bbox 260 947 332 976; x_wconf 83' lang='lat' dir='ltr'>ture</span> <span class='ocrx_word' id='word_1_81' title='bbox 348 946 548 976; x_wconf 86' lang='lat' dir='ltr'>Bernardini</span> <span class='ocrx_word' id='word_1_82' title='bbox 564 947 595 976; x_wconf 87' lang='lat' dir='ltr'>et</span> <span class='ocrx_word' id='word_1_83' title='bbox 610 945 783 976; x_wconf 83' lang='lat' dir='ltr'>Francisci</span> <span class='ocrx_word' id='word_1_84' title='bbox 799 945 913 980; x_wconf 82' lang='lat' dir='ltr'>Guidi,</span> <span class='ocrx_word' id='word_1_85' title='bbox 931 945 1056 974; x_wconf 84' lang='lat' dir='ltr'>civium</span> <span class='ocrx_word' id='word_1_86' title='bbox 1069 945 1100 974; x_wconf 91' lang='lat' dir='ltr'>et</span> <span class='ocrx_word' id='word_1_87' title='bbox 1117 945 1272 973; x_wconf 87' lang='lat' dir='ltr'>mercato-</span> 
     </span>
     <span class='ocr_line' id='line_1_14' title="bbox 261 997 1274 1037; baseline -0.003 -8"><span class='ocrx_word' id='word_1_88' title='bbox 261 1008 335 1029; x_wconf 89' lang='lat' dir='ltr'>rum</span> <span class='ocrx_word' id='word_1_89' title='bbox 357 999 570 1033; x_wconf 80' lang='lat' dir='ltr'>Senensium,</span> <span class='ocrx_word' id='word_1_90' title='bbox 591 998 644 1028; x_wconf 88' lang='lat' dir='ltr'>vel</span> <span class='ocrx_word' id='word_1_91' title='bbox 662 1007 777 1029; x_wconf 88' lang='lat' dir='ltr'>eorum</span> <span class='ocrx_word' id='word_1_92' title='bbox 801 998 860 1028; x_wconf 90' lang='lat' dir='ltr'>uni</span> <span class='ocrx_word' id='word_1_93' title='bbox 878 1000 1049 1037; x_wconf 83' lang='lat' dir='ltr'>presentes</span> <span class='ocrx_word' id='word_1_94' title='bbox 1068 997 1126 1027; x_wconf 90' lang='lat' dir='ltr'>tibi</span> <span class='ocrx_word' id='word_1_95' title='bbox 1149 997 1274 1026; x_wconf 83' lang='lat' dir='ltr'>litteras</span> 
     </span>
     <span class='ocr_line' id='line_1_15' title="bbox 260 1049 1274 1088; baseline -0.004 -6"><span class='ocrx_word' id='word_1_96' title='bbox 260 1052 433 1088; x_wconf 88' lang='lat' dir='ltr'>deferenti,</span> <span class='ocrx_word' id='word_1_97' title='bbox 447 1052 558 1082; x_wconf 87' lang='lat' dir='ltr'>nostro</span> <span class='ocrx_word' id='word_1_98' title='bbox 588 1051 722 1082; x_wconf 89' lang='lat' dir='ltr'>nomine</span> <span class='ocrx_word' id='word_1_99' title='bbox 746 1051 818 1081; x_wconf 89' lang='lat' dir='ltr'>sine</span> <span class='ocrx_word' id='word_1_100' title='bbox 841 1051 999 1081; x_wconf 85' lang='lat' dir='ltr'>dilatione</span> <span class='ocrx_word' id='word_1_101' title='bbox 1024 1059 1062 1080; x_wconf 88' lang='lat' dir='ltr'>ac</span> <span class='ocrx_word' id='word_1_102' title='bbox 1079 1049 1274 1079; x_wconf 79' lang='lat' dir='ltr'>difficultate</span> 
     </span>
     <span class='ocr_line' id='line_1_16' title="bbox 261 1103 1275 1144; baseline -0.004 -8"><span class='ocrx_word' id='word_1_103' title='bbox 261 1105 407 1144; x_wconf 86' lang='lat' dir='ltr'>qualibet</span> <span class='ocrx_word' id='word_1_104' title='bbox 437 1106 608 1144; x_wconf 84' lang='lat' dir='ltr'>assignare</span> <span class='ocrx_word' id='word_1_105' title='bbox 638 1114 807 1143; x_wconf 54' lang='lat' dir='ltr'>procures</span> <span class='ocrx_word' id='word_1_106' title='bbox 824 1113 883 1143; x_wconf 91' lang='lat' dir='ltr'>per</span> <span class='ocrx_word' id='word_1_107' title='bbox 913 1106 988 1135; x_wconf 85' lang='lat' dir='ltr'>tuas</span> <span class='ocrx_word' id='word_1_108' title='bbox 1019 1103 1116 1134; x_wconf 91' lang='lat' dir='ltr'>nobis</span> <span class='ocrx_word' id='word_1_109' title='bbox 1147 1103 1275 1133; x_wconf 82' lang='lat' dir='ltr'>litteras</span> 
     </span>
     <span class='ocr_line' id='line_1_17' title="bbox 261 1156 1275 1197; baseline -0.004 -8"><span class='ocrx_word' id='word_1_110' title='bbox 261 1159 483 1197; x_wconf 84' lang='lat' dir='ltr'>rescripturus</span> <span class='ocrx_word' id='word_1_111' title='bbox 499 1159 658 1197; x_wconf 88' lang='lat' dir='ltr'>quicquid</span> <span class='ocrx_word' id='word_1_112' title='bbox 675 1159 714 1188; x_wconf 88' lang='lat' dir='ltr'>de</span> <span class='ocrx_word' id='word_1_113' title='bbox 725 1158 882 1197; x_wconf 82' lang='lat' dir='ltr'>predictis</span> <span class='ocrx_word' id='word_1_114' title='bbox 894 1158 943 1187; x_wconf 91' lang='lat' dir='ltr'>eis</span> <span class='ocrx_word' id='word_1_115' title='bbox 953 1157 1090 1187; x_wconf 77' lang='lat' dir='ltr'>duxeris</span> <span class='ocrx_word' id='word_1_116' title='bbox 1106 1156 1275 1194; x_wconf 82' lang='lat' dir='ltr'>assignan-</span> 
     </span>
     <span class='ocr_line' id='line_1_18' title="bbox 260 1209 1272 1249; baseline -0.004 -7"><span class='ocrx_word' id='word_1_117' title='bbox 260 1212 352 1242; x_wconf 85' lang='lat' dir='ltr'>dum.</span> <span class='ocrx_word' id='word_1_118' title='bbox 365 1212 488 1241; x_wconf 90' lang='lat' dir='ltr'>Datum</span> <span class='ocrx_word' id='word_1_119' title='bbox 497 1212 585 1249; x_wconf 88' lang='lat' dir='ltr'>apud</span> <span class='ocrx_word' id='word_1_120' title='bbox 596 1211 880 1246; x_wconf 66' lang='lat' dir='ltr'>Urbemoeterem,</span> <span class='ocrx_word' id='word_1_121' title='bbox 891 1219 936 1240; x_wconf 77' lang='lat' dir='ltr'>xu</span> <span class='ocrx_word' id='word_1_122' title='bbox 945 1220 952 1239; x_wconf 87' lang='lat'><em>1</em></span> <span class='ocrx_word' id='word_1_123' title='bbox 962 1210 1122 1240; x_wconf 81' lang='lat' dir='ltr'>kalendas</span> <span class='ocrx_word' id='word_1_124' title='bbox 1129 1209 1272 1247; x_wconf 84' lang='lat' dir='ltr'>augusti,</span> 
     </span>
     <span class='ocr_line' id='line_1_19' title="bbox 260 1265 554 1295; baseline -0.01 -1"><span class='ocrx_word' id='word_1_125' title='bbox 260 1273 347 1295; x_wconf 89' lang='lat' dir='ltr'>anno</span> <span class='ocrx_word' id='word_1_126' title='bbox 363 1265 520 1294; x_wconf 87' lang='lat' dir='ltr'>secundo.</span> <span class='ocrx_word' id='word_1_127' title='bbox 540 1276 554 1291; x_wconf 69' lang='grc' dir='ltr'><strong>η</strong></span> 
     </span>
    </p>
   </div>
   <div class='ocr_carea' id='block_1_3' title="bbox 329 1437 401 1468">
    <p class='ocr_par' dir='ltr' id='par_1_3' title="bbox 329 1437 401 1468">
     <span class='ocr_line' id='line_1_20' title="bbox 329 1437 401 1468; baseline 0 0"><span class='ocrx_word' id='word_1_128' title='bbox 329 1437 401 1468; x_wconf 76' lang='lat' dir='ltr'>15ss</span> 
     </span>
    </p>
   </div>
   <div class='ocr_carea' id='block_1_4' title="bbox 858 1433 1203 1469">
    <p class='ocr_par' dir='ltr' id='par_1_4' title="bbox 858 1433 1203 1469">
     <span class='ocr_line' id='line_1_21' title="bbox 858 1433 1203 1469; baseline 0.006 -10"><span class='ocrx_word' id='word_1_129' title='bbox 858 1433 982 1465; x_wconf 81' lang='lat' dir='ltr'>Orvieto,</span> <span class='ocrx_word' id='word_1_130' title='bbox 1000 1435 1029 1460; x_wconf 80' lang='lat'>¹7</span> <span class='ocrx_word' id='word_1_131' title='bbox 1043 1433 1106 1469; x_wconf 88' lang='lat' dir='ltr'>juin</span> <span class='ocrx_word' id='word_1_132' title='bbox 1124 1434 1203 1461; x_wconf 67' lang='lat'>1263.</span> 
     </span>
    </p>
   </div>
   <div class='ocr_carea' id='block_1_5' title="bbox 260 1518 1276 1699">
    <p class='ocr_par' dir='ltr' id='par_1_5' title="bbox 260 1518 1276 1699">
     <span class='ocr_line' id='line_1_22' title="bbox 295 1518 1276 1555; baseline -0.003 -8"><span class='ocrx_word' id='word_1_133' title='bbox 295 1520 433 1555; x_wconf 82' lang='lat' dir='ltr'>Episcopo</span> <span class='ocrx_word' id='word_1_134' title='bbox 448 1518 585 1554; x_wconf 81' lang='lat' dir='ltr'>Burgensi</span> <span class='ocrx_word' id='word_1_135' title='bbox 603 1519 723 1545; x_wconf 77' lang='lat' dir='ltr'>mandat</span> <span class='ocrx_word' id='word_1_136' title='bbox 738 1520 767 1544; x_wconf 85' lang='lat' dir='ltr'>ut</span> <span class='ocrx_word' id='word_1_137' title='bbox 781 1518 815 1544; x_wconf 89' lang='lat' dir='ltr'>de</span> <span class='ocrx_word' id='word_1_138' title='bbox 834 1518 936 1552; x_wconf 87' lang='lat' dir='ltr'>primis</span> <span class='ocrx_word' id='word_1_139' title='bbox 949 1518 1135 1552; x_wconf 79' lang='lat' dir='ltr'>proventibus</span> <span class='ocrx_word' id='word_1_140' title='bbox 1152 1518 1276 1544; x_wconf 83' lang='lat' dir='ltr'>Palenti-</span> 
     </span>
     <span class='ocr_line' id='line_1_23' title="bbox 260 1567 1273 1601; baseline -0.002 -6"><span class='ocrx_word' id='word_1_141' title='bbox 260 1576 312 1595; x_wconf 77' lang='lat' dir='ltr'>nae</span> <span class='ocrx_word' id='word_1_142' title='bbox 327 1569 464 1595; x_wconf 78' lang='lat' dir='ltr'>ecclesiae</span> <span class='ocrx_word' id='word_1_143' title='bbox 477 1568 562 1594; x_wconf 80' lang='lat' dir='ltr'>certis</span> <span class='ocrx_word' id='word_1_144' title='bbox 581 1567 788 1593; x_wconf 78' lang='lat' dir='ltr'>mercatoribus</span> <span class='ocrx_word' id='word_1_145' title='bbox 804 1567 978 1593; x_wconf 79' lang='lat' dir='ltr'>Florentinis</span> <span class='ocrx_word' id='word_1_146' title='bbox 995 1567 1140 1601; x_wconf 79' lang='lat' dir='ltr'>obligatis,</span> <span class='ocrx_word' id='word_1_147' title='bbox 1158 1569 1273 1593; x_wconf 80' lang='lat' dir='ltr'>centum</span> 
     </span>
     <span class='ocr_line' id='line_1_24' title="bbox 260 1615 1275 1651; baseline -0.003 -7"><span class='ocrx_word' id='word_1_148' title='bbox 260 1625 373 1644; x_wconf 82' lang='lat' dir='ltr'>marcas</span> <span class='ocrx_word' id='word_1_149' title='bbox 394 1617 602 1651; x_wconf 79' lang='lat' dir='ltr'>sterlingorum</span> <span class='ocrx_word' id='word_1_150' title='bbox 623 1615 890 1649; x_wconf 79' lang='lat' dir='ltr'>Montepesulanum</span> <span class='ocrx_word' id='word_1_151' title='bbox 913 1616 1106 1642; x_wconf 78' lang='lat' dir='ltr'>transmittat.</span> <span class='ocrx_word' id='word_1_152' title='bbox 1128 1616 1208 1650; x_wconf 72' lang='lat' dir='ltr'>(Rsc.</span> <span class='ocrx_word' id='word_1_153' title='bbox 1230 1616 1275 1647; x_wconf 74' lang='lat'>27,</span> 
     </span>
     <span class='ocr_line' id='line_1_25' title="bbox 260 1665 522 1699; baseline -0.008 -7"><span class='ocrx_word' id='word_1_154' title='bbox 260 1665 310 1693; x_wconf 75' lang='lat'>101.</span> <span class='ocrx_word' id='word_1_155' title='bbox 327 1668 360 1693; x_wconf 86' lang='lat'>37</span> <span class='ocrx_word' id='word_1_156' title='bbox 376 1670 416 1698; x_wconf 72' lang='lat' dir='ltr'>v0,</span> <span class='ocrx_word' id='word_1_157' title='bbox 432 1669 465 1691; x_wconf 78' lang='grc' dir='ltr'>11ο</span> <span class='ocrx_word' id='word_1_158' title='bbox 482 1666 522 1699; x_wconf 72' lang='lat'>2.)</span> 
     </span>
    </p>
   </div>
   <div class='ocr_carea' id='block_1_6' title="bbox 259 1743 1280 2682">
    <p class='ocr_par' dir='ltr' id='par_1_6' title="bbox 259 1743 1280 2682">
     <span class='ocr_line' id='line_1_26' title="bbox 303 1743 1277 1785; baseline 0 -12"><span class='ocrx_word' id='word_1_159' title='bbox 303 1757 318 1773; x_wconf 91' lang='lat'>«</span> <span class='ocrx_word' id='word_1_160' title='bbox 337 1768 358 1776; x_wconf 84' lang='lat'>..</span> <span class='ocrx_word' id='word_1_161' title='bbox 376 1745 514 1785; x_wconf 76' lang='lat' dir='ltr'>episcopo</span> <span class='ocrx_word' id='word_1_162' title='bbox 530 1744 692 1783; x_wconf 74' lang='lat' dir='ltr'>Buryensi.</span> <span class='ocrx_word' id='word_1_163' title='bbox 712 1743 763 1773; x_wconf 73' lang='lat' dir='ltr'>Ad</span> <span class='ocrx_word' id='word_1_164' title='bbox 781 1743 985 1773; x_wconf 84' lang='lat' dir='ltr'>audientiam</span> <span class='ocrx_word' id='word_1_165' title='bbox 1001 1744 1147 1773; x_wconf 77' lang='lat' dir='ltr'>nostram</span> <span class='ocrx_word' id='word_1_166' title='bbox 1162 1752 1277 1782; x_wconf 81' lang='lat' dir='ltr'>perve-</span> 
     </span>
     <span class='ocr_line' id='line_1_27' title="bbox 263 1796 1276 1837; baseline -0.003 -8"><span class='ocrx_word' id='word_1_167' title='bbox 263 1800 320 1835; x_wconf 86' lang='lat' dir='ltr'>nit,</span> <span class='ocrx_word' id='word_1_168' title='bbox 341 1798 440 1837; x_wconf 84' lang='lat' dir='ltr'>quod‚</span> <span class='ocrx_word' id='word_1_169' title='bbox 460 1805 535 1827; x_wconf 92' lang='lat' dir='ltr'>cum</span> <span class='ocrx_word' id='word_1_170' title='bbox 551 1796 755 1827; x_wconf 74' lang='lat' dir='ltr'>venerabilis</span> <span class='ocrx_word' id='word_1_171' title='bbox 780 1796 881 1826; x_wconf 85' lang='lat' dir='ltr'>frater</span> <span class='ocrx_word' id='word_1_172' title='bbox 898 1797 1010 1826; x_wconf 89' lang='lat' dir='ltr'>noster</span> <span class='ocrx_word' id='word_1_173' title='bbox 1100 1796 1276 1834; x_wconf 88' lang='lat' dir='ltr'>episcopus</span> 
     </span>
     <span class='ocr_line' id='line_1_28' title="bbox 261 1849 1276 1886; baseline -0.004 -4"><span class='ocrx_word' id='word_1_174' title='bbox 261 1851 469 1886; x_wconf 86' lang='lat' dir='ltr'>Paleutinus,</span> <span class='ocrx_word' id='word_1_175' title='bbox 496 1849 641 1880; x_wconf 64' lang='grc' dir='ltr'>ι1011311111</span> <span class='ocrx_word' id='word_1_176' title='bbox 658 1849 764 1884; x_wconf 86' lang='lat' dir='ltr'>Bono,</span> <span class='ocrx_word' id='word_1_177' title='bbox 785 1849 909 1878; x_wconf 61' lang='grc' dir='ltr'>ι11100110</span> <span class='ocrx_word' id='word_1_178' title='bbox 926 1849 1137 1885; x_wconf 81' lang='lat' dir='ltr'>Asinobaldi,</span> <span class='ocrx_word' id='word_1_179' title='bbox 1154 1849 1276 1878; x_wconf 75' lang='lat' dir='ltr'>Fasolo</span> 
     </span>
     <span class='ocr_line' id='line_1_29' title="bbox 260 1901 1276 1940; baseline -0.004 -5"><span class='ocrx_word' id='word_1_180' title='bbox 260 1905 388 1936; x_wconf 83' lang='lat' dir='ltr'>Tuchio</span> <span class='ocrx_word' id='word_1_181' title='bbox 418 1902 630 1937; x_wconf 86' lang='lat' dir='ltr'>Bernardini,</span> <span class='ocrx_word' id='word_1_182' title='bbox 648 1902 762 1932; x_wconf 86' lang='lat' dir='ltr'>Castre</span> <span class='ocrx_word' id='word_1_183' title='bbox 785 1901 972 1935; x_wconf 86' lang='lat' dir='ltr'>Gualfredi,</span> <span class='ocrx_word' id='word_1_184' title='bbox 991 1902 1089 1931; x_wconf 88' lang='lat' dir='ltr'>Dulci</span> <span class='ocrx_word' id='word_1_185' title='bbox 1106 1902 1145 1931; x_wconf 92' lang='lat' dir='ltr'>de</span> <span class='ocrx_word' id='word_1_186' title='bbox 1165 1902 1276 1940; x_wconf 83' lang='lat' dir='ltr'>Burgo</span> 
     </span>
     <span class='ocr_line' id='line_1_30' title="bbox 260 1954 1276 1996; baseline -0.004 -8"><span class='ocrx_word' id='word_1_187' title='bbox 260 1960 291 1988; x_wconf 89' lang='lat' dir='ltr'>et</span> <span class='ocrx_word' id='word_1_188' title='bbox 308 1956 565 1996; x_wconf 79' lang='lat' dir='ltr'>quampluribus</span> <span class='ocrx_word' id='word_1_189' title='bbox 585 1955 661 1984; x_wconf 87' lang='lat' dir='ltr'>aliis</span> <span class='ocrx_word' id='word_1_190' title='bbox 677 1955 809 1984; x_wconf 82' lang='lat' dir='ltr'>civibus</span> <span class='ocrx_word' id='word_1_191' title='bbox 831 1955 862 1984; x_wconf 89' lang='lat' dir='ltr'>et</span> <span class='ocrx_word' id='word_1_192' title='bbox 880 1954 1121 1984; x_wconf 72' lang='lat' dir='ltr'>mercatoribus</span> <span class='ocrx_word' id='word_1_193' title='bbox 1139 1954 1276 1984; x_wconf 85' lang='lat' dir='ltr'>Floren-</span> 
     </span>
     <span class='ocr_line' id='line_1_31' title="bbox 260 2007 1277 2048; baseline -0.004 -7"><span class='ocrx_word' id='word_1_194' title='bbox 260 2011 340 2041; x_wconf 89' lang='lat' dir='ltr'>tinis</span> <span class='ocrx_word' id='word_1_195' title='bbox 356 2011 390 2040; x_wconf 89' lang='lat' dir='ltr'>in</span> <span class='ocrx_word' id='word_1_196' title='bbox 408 2009 608 2048; x_wconf 85' lang='lat' dir='ltr'>quibusdam</span> <span class='ocrx_word' id='word_1_197' title='bbox 622 2008 764 2038; x_wconf 90' lang='lat' dir='ltr'>summis</span> <span class='ocrx_word' id='word_1_198' title='bbox 778 2007 918 2046; x_wconf 89' lang='lat' dir='ltr'>pecunie</span> <span class='ocrx_word' id='word_1_199' title='bbox 931 2009 1097 2038; x_wconf 87' lang='lat' dir='ltr'>teneretur</span> <span class='ocrx_word' id='word_1_200' title='bbox 1113 2009 1144 2037; x_wconf 88' lang='lat' dir='ltr'>et</span> <span class='ocrx_word' id='word_1_201' title='bbox 1156 2008 1195 2037; x_wconf 91' lang='lat' dir='ltr'>de</span> <span class='ocrx_word' id='word_1_202' title='bbox 1211 2007 1277 2037; x_wconf 89' lang='lat' dir='ltr'>hiis</span> 
     </span>
     <span class='ocr_line' id='line_1_32' title="bbox 261 2060 1277 2099; baseline -0.005 -5"><span class='ocrx_word' id='word_1_203' title='bbox 261 2064 349 2094; x_wconf 91' lang='lat' dir='ltr'>unde</span> <span class='ocrx_word' id='word_1_204' title='bbox 367 2063 558 2093; x_wconf 79' lang='lat' dir='ltr'>satisfacere</span> <span class='ocrx_word' id='word_1_205' title='bbox 576 2070 642 2091; x_wconf 90' lang='lat' dir='ltr'>non</span> <span class='ocrx_word' id='word_1_206' title='bbox 663 2061 810 2097; x_wconf 88' lang='lat' dir='ltr'>baberet,</span> <span class='ocrx_word' id='word_1_207' title='bbox 829 2061 886 2090; x_wconf 87' lang='lat' dir='ltr'>tan</span> <span class='ocrx_word' id='word_1_208' title='bbox 899 2061 963 2090; x_wconf 90' lang='lat' dir='ltr'>lem</span> <span class='ocrx_word' id='word_1_209' title='bbox 980 2060 1068 2090; x_wconf 87' lang='lat' dir='ltr'>inter</span> <span class='ocrx_word' id='word_1_210' title='bbox 1083 2061 1277 2099; x_wconf 88' lang='lat' dir='ltr'>episcopum</span> 
     </span>
     <span class='ocr_line' id='line_1_33' title="bbox 260 2114 1278 2160; baseline -0.004 -13"><span class='ocrx_word' id='word_1_211' title='bbox 260 2119 383 2160; x_wconf 88' lang='lat' dir='ltr'>ipsum,</span> <span class='ocrx_word' id='word_1_212' title='bbox 401 2115 538 2154; x_wconf 66' lang='lat' dir='ltr'>capituli</span> <span class='ocrx_word' id='word_1_213' title='bbox 563 2115 616 2145; x_wconf 89' lang='lat' dir='ltr'>sui</span> <span class='ocrx_word' id='word_1_214' title='bbox 639 2114 812 2144; x_wconf 81' lang='lat' dir='ltr'>accedente</span> <span class='ocrx_word' id='word_1_215' title='bbox 830 2122 1006 2148; x_wconf 85' lang='lat' dir='ltr'>consensu,</span> <span class='ocrx_word' id='word_1_216' title='bbox 1030 2115 1062 2143; x_wconf 85' lang='lat' dir='ltr'>et</span> <span class='ocrx_word' id='word_1_217' title='bbox 1077 2115 1278 2144; x_wconf 81' lang='lat' dir='ltr'>mercatores</span> 
     </span>
     <span class='ocr_line' id='line_1_34' title="bbox 260 2166 1277 2208; baseline -0.005 -7"><span class='ocrx_word' id='word_1_218' title='bbox 260 2166 394 2202; x_wconf 86' lang='lat' dir='ltr'>eosdem</span> <span class='ocrx_word' id='word_1_219' title='bbox 410 2168 604 2208; x_wconf 64' lang='lat' dir='ltr'>huiusmodi</span> <span class='ocrx_word' id='word_1_220' title='bbox 626 2167 821 2206; x_wconf 80' lang='lat' dir='ltr'>compositio</span> <span class='ocrx_word' id='word_1_221' title='bbox 840 2167 1031 2202; x_wconf 82' lang='lat' dir='ltr'>intervenit,</span> <span class='ocrx_word' id='word_1_222' title='bbox 1050 2167 1138 2205; x_wconf 84' lang='lat' dir='ltr'>quod</span> <span class='ocrx_word' id='word_1_223' title='bbox 1153 2175 1277 2197; x_wconf 86' lang='lat' dir='ltr'>merca-</span> 
     </span>
     <span class='ocr_line' id='line_1_35' title="bbox 260 2219 1277 2261; baseline -0.006 -7"><span class='ocrx_word' id='word_1_224' title='bbox 260 2226 348 2254; x_wconf 86' lang='lat' dir='ltr'>tores</span> <span class='ocrx_word' id='word_1_225' title='bbox 376 2223 441 2261; x_wconf 93' lang='lat' dir='ltr'>ipsi</span> <span class='ocrx_word' id='word_1_226' title='bbox 464 2221 613 2252; x_wconf 80' lang='lat' dir='ltr'>redditus</span> <span class='ocrx_word' id='word_1_227' title='bbox 635 2222 666 2251; x_wconf 87' lang='lat' dir='ltr'>et</span> <span class='ocrx_word' id='word_1_228' title='bbox 681 2222 866 2259; x_wconf 82' lang='lat' dir='ltr'>proventus</span> <span class='ocrx_word' id='word_1_229' title='bbox 884 2219 1100 2259; x_wconf 79' lang='lat' dir='ltr'>episcopales,</span> <span class='ocrx_word' id='word_1_230' title='bbox 1116 2221 1277 2249; x_wconf 72' lang='lat' dir='ltr'>sustenta-</span> 
     </span>
     <span class='ocr_line' id='line_1_36' title="bbox 259 2272 1279 2312; baseline -0.005 -6"><span class='ocrx_word' id='word_1_231' title='bbox 259 2277 348 2307; x_wconf 88' lang='lat' dir='ltr'>tione</span> <span class='ocrx_word' id='word_1_232' title='bbox 363 2275 454 2305; x_wconf 84' lang='lat' dir='ltr'>teuui</span> <span class='ocrx_word' id='word_1_233' title='bbox 471 2283 512 2304; x_wconf 83' lang='lat' dir='ltr'>ex</span> <span class='ocrx_word' id='word_1_234' title='bbox 523 2274 571 2304; x_wconf 89' lang='lat' dir='ltr'>eis</span> <span class='ocrx_word' id='word_1_235' title='bbox 584 2274 740 2312; x_wconf 85' lang='lat' dir='ltr'>episcopo</span> <span class='ocrx_word' id='word_1_236' title='bbox 757 2274 937 2307; x_wconf 81' lang='lat' dir='ltr'>reservata,</span> <span class='ocrx_word' id='word_1_237' title='bbox 950 2273 1077 2302; x_wconf 86' lang='lat' dir='ltr'>tamdiu</span> <span class='ocrx_word' id='word_1_238' title='bbox 1093 2272 1279 2311; x_wconf 81' lang='lat' dir='ltr'>percipiant</span> 
     </span>
     <span class='ocr_line' id='line_1_37' title="bbox 262 2325 1279 2366; baseline -0.005 -6"><span class='ocrx_word' id='word_1_239' title='bbox 262 2330 365 2360; x_wconf 86' lang='lat' dir='ltr'>donec</span> <span class='ocrx_word' id='word_1_240' title='bbox 384 2329 434 2358; x_wconf 88' lang='lat' dir='ltr'>eis</span> <span class='ocrx_word' id='word_1_241' title='bbox 452 2327 551 2358; x_wconf 88' lang='lat' dir='ltr'>fuerit</span> <span class='ocrx_word' id='word_1_242' title='bbox 569 2328 609 2357; x_wconf 89' lang='lat' dir='ltr'>de</span> <span class='ocrx_word' id='word_1_243' title='bbox 628 2326 787 2366; x_wconf 81' lang='lat' dir='ltr'>predictis</span> <span class='ocrx_word' id='word_1_244' title='bbox 808 2326 950 2355; x_wconf 90' lang='lat' dir='ltr'>summis</span> <span class='ocrx_word' id='word_1_245' title='bbox 972 2326 1111 2364; x_wconf 84' lang='lat' dir='ltr'>pecunie</span> <span class='ocrx_word' id='word_1_246' title='bbox 1129 2325 1279 2355; x_wconf 87' lang='lat' dir='ltr'>satisfac-</span> 
     </span>
     <span class='ocr_line' id='line_1_38' title="bbox 262 2378 1278 2418; baseline -0.005 -6"><span class='ocrx_word' id='word_1_247' title='bbox 262 2384 344 2416; x_wconf 90' lang='lat' dir='ltr'>tum,</span> <span class='ocrx_word' id='word_1_248' title='bbox 357 2381 396 2411; x_wconf 92' lang='lat' dir='ltr'>de</span> <span class='ocrx_word' id='word_1_249' title='bbox 408 2381 616 2411; x_wconf 84' lang='lat' dir='ltr'>observando</span> <span class='ocrx_word' id='word_1_250' title='bbox 629 2379 906 2418; x_wconf 88' lang='lat' dir='ltr'>compositionem</span> <span class='ocrx_word' id='word_1_251' title='bbox 917 2379 1055 2408; x_wconf 87' lang='lat' dir='ltr'>eandem</span> <span class='ocrx_word' id='word_1_252' title='bbox 1069 2378 1109 2408; x_wconf 88' lang='lat' dir='ltr'>ab</span> <span class='ocrx_word' id='word_1_253' title='bbox 1123 2378 1278 2416; x_wconf 88' lang='lat' dir='ltr'>episcopo</span> 
     </span>
     <span class='ocr_line' id='line_1_39' title="bbox 265 2431 1280 2474; baseline -0.003 -10"><span class='ocrx_word' id='word_1_254' title='bbox 265 2436 336 2474; x_wconf 88' lang='lat' dir='ltr'>ipso</span> <span class='ocrx_word' id='word_1_255' title='bbox 367 2434 505 2472; x_wconf 86' lang='lat' dir='ltr'>prestito</span> <span class='ocrx_word' id='word_1_256' title='bbox 531 2433 719 2471; x_wconf 84' lang='lat' dir='ltr'>juramento</span> <span class='ocrx_word' id='word_1_257' title='bbox 743 2434 774 2462; x_wconf 88' lang='lat' dir='ltr'>et</span> <span class='ocrx_word' id='word_1_258' title='bbox 798 2432 883 2462; x_wconf 87' lang='lat' dir='ltr'>datis</span> <span class='ocrx_word' id='word_1_259' title='bbox 914 2431 1169 2469; x_wconf 85' lang='lat' dir='ltr'>fidejussoribus</span> <span class='ocrx_word' id='word_1_260' title='bbox 1188 2453 1195 2465; x_wconf 84' lang='lat'><em>,</em></span> <span class='ocrx_word' id='word_1_261' title='bbox 1222 2439 1280 2469; x_wconf 90' lang='lat' dir='ltr'>per</span> 
     </span>
     <span class='ocr_line' id='line_1_40' title="bbox 264 2485 1279 2526; baseline -0.003 -9"><span class='ocrx_word' id='word_1_262' title='bbox 264 2496 348 2526; x_wconf 84' lang='lat' dir='ltr'>quos</span> <span class='ocrx_word' id='word_1_263' title='bbox 368 2487 467 2517; x_wconf 85' lang='lat' dir='ltr'>etiam</span> <span class='ocrx_word' id='word_1_264' title='bbox 489 2486 608 2524; x_wconf 85' lang='lat' dir='ltr'>prefati</span> <span class='ocrx_word' id='word_1_265' title='bbox 624 2486 822 2524; x_wconf 84' lang='lat' dir='ltr'>colligantur</span> <span class='ocrx_word' id='word_1_266' title='bbox 838 2485 985 2515; x_wconf 86' lang='lat' dir='ltr'>redditus</span> <span class='ocrx_word' id='word_1_267' title='bbox 1003 2487 1033 2514; x_wconf 84' lang='lat' dir='ltr'>et</span> <span class='ocrx_word' id='word_1_268' title='bbox 1049 2486 1231 2523; x_wconf 81' lang='lat' dir='ltr'>proventus</span> <span class='ocrx_word' id='word_1_269' title='bbox 1249 2486 1279 2514; x_wconf 88' lang='lat' dir='ltr'>et</span> 
     </span>
     <span class='ocr_line' id='line_1_41' title="bbox 263 2537 1280 2576; baseline -0.004 -5"><span class='ocrx_word' id='word_1_270' title='bbox 263 2541 500 2571; x_wconf 77' lang='lat' dir='ltr'>convertant-ur</span> <span class='ocrx_word' id='word_1_271' title='bbox 511 2539 544 2568; x_wconf 89' lang='lat' dir='ltr'>in</span> <span class='ocrx_word' id='word_1_272' title='bbox 561 2539 761 2569; x_wconf 87' lang='lat' dir='ltr'>solutionem</span> <span class='ocrx_word' id='word_1_273' title='bbox 775 2538 967 2576; x_wconf 88' lang='lat' dir='ltr'>hujusmodi</span> <span class='ocrx_word' id='word_1_274' title='bbox 981 2537 1181 2568; x_wconf 88' lang='lat' dir='ltr'>debitorum.</span> <span class='ocrx_word' id='word_1_275' title='bbox 1194 2537 1280 2573; x_wconf 83' lang='lat' dir='ltr'>Quia</span> 
     </span>
     <span class='ocr_line' id='line_1_42' title="bbox 266 2591 1279 2630; baseline -0.002 -8"><span class='ocrx_word' id='word_1_276' title='bbox 266 2602 343 2624; x_wconf 82' lang='lat' dir='ltr'>vero</span> <span class='ocrx_word' id='word_1_277' title='bbox 362 2593 471 2622; x_wconf 83' lang='lat' dir='ltr'>dictus</span> <span class='ocrx_word' id='word_1_278' title='bbox 487 2592 663 2630; x_wconf 87' lang='lat' dir='ltr'>episcopus</span> <span class='ocrx_word' id='word_1_279' title='bbox 673 2591 869 2629; x_wconf 87' lang='lat' dir='ltr'>jamdudum</span> <span class='ocrx_word' id='word_1_280' title='bbox 883 2599 1012 2620; x_wconf 88' lang='lat' dir='ltr'>camere</span> <span class='ocrx_word' id='word_1_281' title='bbox 1031 2592 1143 2620; x_wconf 87' lang='lat' dir='ltr'>nostre</span> <span class='ocrx_word' id='word_1_282' title='bbox 1157 2591 1192 2620; x_wconf 89' lang='lat' dir='ltr'>in</span> <span class='ocrx_word' id='word_1_283' title='bbox 1209 2599 1279 2620; x_wconf 89' lang='lat' dir='ltr'>cen-</span> 
     </span>
     <span class='ocr_line' id='line_1_43' title="bbox 265 2643 1280 2682; baseline -0.002 -7"><span class='ocrx_word' id='word_1_284' title='bbox 265 2649 335 2676; x_wconf 86' lang='lat' dir='ltr'>tum</span> <span class='ocrx_word' id='word_1_285' title='bbox 365 2645 487 2675; x_wconf 73' lang='lat' dir='ltr'>marcis</span> <span class='ocrx_word' id='word_1_286' title='bbox 514 2644 749 2682; x_wconf 81' lang='lat' dir='ltr'>sterlingorum</span> <span class='ocrx_word' id='word_1_287' title='bbox 778 2644 925 2673; x_wconf 87' lang='lat' dir='ltr'>noscitur</span> <span class='ocrx_word' id='word_1_288' title='bbox 947 2643 1123 2682; x_wconf 78' lang='lat' dir='ltr'>obligatus,</span> <span class='ocrx_word' id='word_1_289' title='bbox 1154 2652 1280 2681; x_wconf 78' lang='lat' dir='ltr'>nosque</span> 
     </span>
    </p>
   </div>
   <div class='ocr_carea' id='block_1_7' title="bbox 261 2685 1312 2738">
    <p class='ocr_par' dir='ltr' id='par_1_7' title="bbox 261 2685 1312 2738">
     <span class='ocr_line' id='line_1_44' title="bbox 261 2685 1312 2738; baseline -0.004 -9"><span class='ocrx_word' id='word_1_290' title='bbox 261 2701 319 2738; x_wconf 75' lang='lat' dir='ltr'>Jus</span> <span class='ocrx_word' id='word_1_291' title='bbox 337 2700 487 2729; x_wconf 78' lang='lat' dir='ltr'>nostrum</span> <span class='ocrx_word' id='word_1_292' title='bbox 508 2697 674 2735; x_wconf 78' lang='lat' dir='ltr'>negligere</span> <span class='ocrx_word' id='word_1_293' title='bbox 691 2705 756 2726; x_wconf 90' lang='lat' dir='ltr'>non</span> <span class='ocrx_word' id='word_1_294' title='bbox 774 2696 945 2731; x_wconf 89' lang='lat' dir='ltr'>debemus,</span> <span class='ocrx_word' id='word_1_295' title='bbox 965 2696 1021 2734; x_wconf 88' lang='lat' dir='ltr'>qui</span> <span class='ocrx_word' id='word_1_296' title='bbox 1039 2704 1157 2725; x_wconf 74' lang='lat' dir='ltr'>sumus</span> <span class='ocrx_word' id='word_1_297' title='bbox 1175 2695 1279 2725; x_wconf 89' lang='lat' dir='ltr'>omni-</span> <span class='ocrx_word' id='word_1_298' title='bbox 1310 2685 1312 2719; x_wconf 70' lang='grc' dir='ltr'>ἶ</span> 
     </span>
    </p>
   </div>
   <div class='ocr_carea' id='block_1_8' title="bbox 267 2748 1281 2790">
    <p class='ocr_par' dir='ltr' id='par_1_8' title="bbox 267 2748 1281 2790">
     <span class='ocr_line' id='line_1_45' title="bbox 267 2748 1281 2790; baseline -0.004 -8"><span class='ocrx_word' id='word_1_299' title='bbox 267 2753 329 2783; x_wconf 84' lang='lat' dir='ltr'>bus</span> <span class='ocrx_word' id='word_1_300' title='bbox 348 2752 381 2781; x_wconf 87' lang='grc'>111</span> <span class='ocrx_word' id='word_1_301' title='bbox 396 2751 526 2790; x_wconf 88' lang='lat' dir='ltr'>justitia</span> <span class='ocrx_word' id='word_1_302' title='bbox 542 2750 718 2785; x_wconf 59' lang='lat' dir='ltr'>debitores</span> <span class='ocrx_word' id='word_1_303' title='bbox 739 2749 937 2779; x_wconf 80' lang='lat' dir='ltr'>fraternitati</span> <span class='ocrx_word' id='word_1_304' title='bbox 955 2751 1009 2779; x_wconf 86' lang='lat' dir='ltr'>tue</span> <span class='ocrx_word' id='word_1_305' title='bbox 1026 2757 1086 2787; x_wconf 92' lang='lat' dir='ltr'>per</span> <span class='ocrx_word' id='word_1_306' title='bbox 1101 2748 1281 2787; x_wconf 85' lang='lat' dir='ltr'>apostolica</span> 
     </span>
    </p>
   </div>
   <div class='ocr_carea' id='block_1_9' title="bbox 267 2801 1311 2843">
    <p class='ocr_par' dir='ltr' id='par_1_9' title="bbox 267 2801 1311 2843">
     <span class='ocr_line' id='line_1_46' title="bbox 267 2801 1311 2843; baseline -0.005 -8"><span class='ocrx_word' id='word_1_307' title='bbox 267 2805 391 2843; x_wconf 86' lang='lat' dir='ltr'>scripta</span> <span class='ocrx_word' id='word_1_308' title='bbox 407 2803 607 2834; x_wconf 82' lang='lat' dir='ltr'>mandamus</span> <span class='ocrx_word' id='word_1_309' title='bbox 622 2803 796 2841; x_wconf 87' lang='lat' dir='ltr'>quatenus,</span> <span class='ocrx_word' id='word_1_310' title='bbox 813 2810 877 2831; x_wconf 91' lang='grc'>11011</span> <span class='ocrx_word' id='word_1_311' title='bbox 895 2801 1105 2831; x_wconf 84' lang='lat' dir='ltr'>obstantibus</span> <span class='ocrx_word' id='word_1_312' title='bbox 1119 2801 1280 2839; x_wconf 88' lang='lat' dir='ltr'>composi-</span> <span class='ocrx_word' id='word_1_313' title='bbox 1310 2814 1311 2822; x_wconf 61' lang='grc'>1</span> 
     </span>
    </p>
   </div>
   <div class='ocr_carea' id='block_1_10' title="bbox 266 2853 1282 2999">
    <p class='ocr_par' dir='ltr' id='par_1_10' title="bbox 266 2853 1282 2999">
     <span class='ocr_line' id='line_1_47' title="bbox 267 2853 1281 2896; baseline -0.005 -8"><span class='ocrx_word' id='word_1_314' title='bbox 267 2858 357 2888; x_wconf 83' lang='grc'>110110</span> <span class='ocrx_word' id='word_1_315' title='bbox 384 2857 550 2896; x_wconf 88' lang='lat' dir='ltr'>predicta,</span> <span class='ocrx_word' id='word_1_316' title='bbox 572 2856 757 2893; x_wconf 84' lang='lat' dir='ltr'>juramento</span> <span class='ocrx_word' id='word_1_317' title='bbox 780 2855 811 2884; x_wconf 89' lang='lat' dir='ltr'>et</span> <span class='ocrx_word' id='word_1_318' title='bbox 832 2854 1047 2893; x_wconf 87' lang='lat' dir='ltr'>fidejussione</span> <span class='ocrx_word' id='word_1_319' title='bbox 1076 2853 1281 2892; x_wconf 89' lang='lat' dir='ltr'>hujusmodi,</span> 
     </span>
     <span class='ocr_line' id='line_1_48' title="bbox 266 2905 1281 2946; baseline -0.005 -6"><span class='ocrx_word' id='word_1_320' title='bbox 266 2910 369 2940; x_wconf 84' lang='lat' dir='ltr'>etiam</span> <span class='ocrx_word' id='word_1_321' title='bbox 383 2909 413 2939; x_wconf 90' lang='lat' dir='ltr'>si</span> <span class='ocrx_word' id='word_1_322' title='bbox 428 2909 506 2938; x_wconf 89' lang='lat' dir='ltr'>dicti</span> <span class='ocrx_word' id='word_1_323' title='bbox 522 2907 735 2946; x_wconf 87' lang='lat' dir='ltr'>fidejussores</span> <span class='ocrx_word' id='word_1_324' title='bbox 751 2905 790 2935; x_wconf 90' lang='lat' dir='ltr'>de</span> <span class='ocrx_word' id='word_1_325' title='bbox 807 2905 1017 2935; x_wconf 79' lang='lat' dir='ltr'>observando</span> <span class='ocrx_word' id='word_1_326' title='bbox 1040 2906 1096 2935; x_wconf 87' lang='lat' dir='ltr'>aut</span> <span class='ocrx_word' id='word_1_327' title='bbox 1111 2905 1281 2935; x_wconf 80' lang='lat' dir='ltr'>observari</span> 
     </span>
     <span class='ocr_line' id='line_1_49' title="bbox 270 2956 1282 2999; baseline -0.007 -7"><span class='ocrx_word' id='word_1_328' title='bbox 270 2961 420 2992; x_wconf 85' lang='lat' dir='ltr'>faciendo</span> <span class='ocrx_word' id='word_1_329' title='bbox 437 2959 711 2999; x_wconf 87' lang='lat' dir='ltr'>compositionem</span> <span class='ocrx_word' id='word_1_330' title='bbox 727 2957 834 2996; x_wconf 81' lang='lat' dir='ltr'>ipsam</span> <span class='ocrx_word' id='word_1_331' title='bbox 848 2956 1053 2996; x_wconf 86' lang='lat' dir='ltr'>prestiterint</span> <span class='ocrx_word' id='word_1_332' title='bbox 1066 2956 1282 2994; x_wconf 81' lang='lat' dir='ltr'>corporaliter</span> 
     </span>
    </p>
   </div>
   <div class='ocr_carea' id='block_1_11' title="bbox 1301 375 1314 2988">
    <p class='ocr_par' dir='ltr' id='par_1_11' title="bbox 1301 375 1314 2988">
     <span class='ocr_line' id='line_1_50' title="bbox 1301 375 1314 2988; baseline 0 0"><span class='ocrx_word' id='word_1_333' title='bbox 1301 375 1314 2988; x_wconf 95' lang='lat' dir='ltr'> </span> 
     </span>
    </p>
   </div>
   <div class='ocr_carea' id='block_1_12' title="bbox 1327 364 2344 868">
    <p class='ocr_par' dir='ltr' id='par_1_12' title="bbox 1327 364 2344 868">
     <span class='ocr_line' id='line_1_51' title="bbox 1327 364 2344 404; baseline 0.003 -10"><span class='ocrx_word' id='word_1_334' title='bbox 1327 364 1563 402; x_wconf 84' lang='lat' dir='ltr'>juramentum,</span> <span class='ocrx_word' id='word_1_335' title='bbox 1576 374 1679 404; x_wconf 76' lang='lat' dir='ltr'>usque</span> <span class='ocrx_word' id='word_1_336' title='bbox 1694 365 1734 395; x_wconf 90' lang='lat' dir='ltr'>ad</span> <span class='ocrx_word' id='word_1_337' title='bbox 1750 365 1895 395; x_wconf 57' lang='lat' dir='ltr'>valorem</span> <span class='ocrx_word' id='word_1_338' title='bbox 1910 367 2040 395; x_wconf 84' lang='lat' dir='ltr'>centum</span> <span class='ocrx_word' id='word_1_339' title='bbox 2056 374 2241 396; x_wconf 74' lang='lat' dir='ltr'>marcarum</span> <span class='ocrx_word' id='word_1_340' title='bbox 2262 368 2344 397; x_wconf 78' lang='lat' dir='ltr'>ster-</span> 
     </span>
     <span class='ocr_line' id='line_1_52' title="bbox 1332 417 2343 458; baseline 0.004 -12"><span class='ocrx_word' id='word_1_341' title='bbox 1332 417 1498 455; x_wconf 78' lang='lat' dir='ltr'>lingorum</span> <span class='ocrx_word' id='word_1_342' title='bbox 1529 418 1703 456; x_wconf 87' lang='lat' dir='ltr'>deprimis</span> <span class='ocrx_word' id='word_1_343' title='bbox 1723 418 1912 456; x_wconf 84' lang='lat' dir='ltr'>hujusmodi</span> <span class='ocrx_word' id='word_1_344' title='bbox 1933 418 2115 448; x_wconf 76' lang='lat' dir='ltr'>redditibus</span> <span class='ocrx_word' id='word_1_345' title='bbox 2132 420 2343 458; x_wconf 64' lang='grc' dir='ltr'>01111·ονοηίί-</span> 
     </span>
     <span class='ocr_line' id='line_1_53' title="bbox 1332 468 2342 511; baseline 0.003 -12"><span class='ocrx_word' id='word_1_346' title='bbox 1332 468 1395 499; x_wconf 84' lang='lat' dir='ltr'>bus</span> <span class='ocrx_word' id='word_1_347' title='bbox 1414 470 1567 508; x_wconf 64' lang='lat' dir='ltr'>obligatis</span> <span class='ocrx_word' id='word_1_348' title='bbox 1589 471 1726 509; x_wconf 73' lang='lat' dir='ltr'>prefatis·</span> <span class='ocrx_word' id='word_1_349' title='bbox 1750 471 1987 502; x_wconf 67' lang='lat' dir='ltr'>mercatoribus</span> <span class='ocrx_word' id='word_1_350' title='bbox 2009 471 2145 510; x_wconf 72' lang='lat' dir='ltr'>colligas</span> <span class='ocrx_word' id='word_1_351' title='bbox 2162 472 2214 501; x_wconf 78' lang='lat' dir='ltr'>vel</span> <span class='ocrx_word' id='word_1_352' title='bbox 2231 472 2342 511; x_wconf 75' lang='lat' dir='ltr'>colligi</span> 
     </span>
     <span class='ocr_line' id='line_1_54' title="bbox 1332 522 2343 561; baseline 0.004 -10"><span class='ocrx_word' id='word_1_353' title='bbox 1332 522 1446 557; x_wconf 75' lang='lat' dir='ltr'>facias,</span> <span class='ocrx_word' id='word_1_354' title='bbox 1460 522 1651 561; x_wconf 85' lang='lat' dir='ltr'>hujusmodi</span> <span class='ocrx_word' id='word_1_355' title='bbox 1675 526 1805 553; x_wconf 86' lang='lat' dir='ltr'>centum</span> <span class='ocrx_word' id='word_1_356' title='bbox 1822 532 1949 554; x_wconf 86' lang='lat' dir='ltr'>marcas</span> <span class='ocrx_word' id='word_1_357' title='bbox 1966 526 1997 554; x_wconf 89' lang='lat' dir='ltr'>et</span> <span class='ocrx_word' id='word_1_358' title='bbox 2011 525 2164 555; x_wconf 71' lang='lat' dir='ltr'>collectas</span> <span class='ocrx_word' id='word_1_359' title='bbox 2181 526 2343 556; x_wconf 80' lang='lat' dir='ltr'>Montem-</span> 
     </span>
     <span class='ocr_line' id='line_1_55' title="bbox 1334 574 2342 617; baseline 0.006 -14"><span class='ocrx_word' id='word_1_360' title='bbox 1334 574 1539 604; x_wconf 88' lang='lat' dir='ltr'>Pesulanum</span> <span class='ocrx_word' id='word_1_361' title='bbox 1568 575 1638 605; x_wconf 83' lang='lat' dir='ltr'>sinc</span> <span class='ocrx_word' id='word_1_362' title='bbox 1667 576 1824 606; x_wconf 88' lang='lat' dir='ltr'>dilatione</span> <span class='ocrx_word' id='word_1_363' title='bbox 1851 577 2067 612; x_wconf 69' lang='lat' dir='ltr'>transmittas,</span> <span class='ocrx_word' id='word_1_364' title='bbox 2101 578 2222 608; x_wconf 82' lang='lat' dir='ltr'>ibidem</span> <span class='ocrx_word' id='word_1_365' title='bbox 2254 579 2342 617; x_wconf 81' lang='lat' dir='ltr'>apud</span> 
     </span>
     <span class='ocr_line' id='line_1_56' title="bbox 1334 628 2341 667; baseline 0.004 -10"><span class='ocrx_word' id='word_1_366' title='bbox 1334 628 1468 657; x_wconf 88' lang='lat' dir='ltr'>domum</span> <span class='ocrx_word' id='word_1_367' title='bbox 1494 628 1611 658; x_wconf 83' lang='lat' dir='ltr'>Militie</span> <span class='ocrx_word' id='word_1_368' title='bbox 1634 629 1765 667; x_wconf 73' lang='lat' dir='ltr'>Templi</span> <span class='ocrx_word' id='word_1_369' title='bbox 1788 629 2049 659; x_wconf 77' lang='lat' dir='ltr'>Jerosolimilaui</span> <span class='ocrx_word' id='word_1_370' title='bbox 2073 633 2183 660; x_wconf 60' lang='lat' dir='ltr'>nostro</span> <span class='ocrx_word' id='word_1_371' title='bbox 2208 631 2341 661; x_wconf 82' lang='lat' dir='ltr'>nomine</span> 
     </span>
     <span class='ocr_line' id='line_1_57' title="bbox 1334 680 2341 721; baseline 0.004 -12"><span class='ocrx_word' id='word_1_372' title='bbox 1334 680 1474 710; x_wconf 86' lang='lat' dir='ltr'>fideliter</span> <span class='ocrx_word' id='word_1_373' title='bbox 1503 681 1736 719; x_wconf 83' lang='lat' dir='ltr'>deponendas,</span> <span class='ocrx_word' id='word_1_374' title='bbox 1770 682 1858 711; x_wconf 82' lang='lat' dir='ltr'>diem</span> <span class='ocrx_word' id='word_1_375' title='bbox 1885 682 2102 720; x_wconf 75' lang='lat' dir='ltr'>depositionis</span> <span class='ocrx_word' id='word_1_376' title='bbox 2128 685 2158 712; x_wconf 77' lang='lat' dir='ltr'>ct</span> <span class='ocrx_word' id='word_1_377' title='bbox 2183 684 2341 721; x_wconf 68' lang='lat' dir='ltr'>quicquid</span> 
     </span>
     <span class='ocr_line' id='line_1_58' title="bbox 1334 733 2343 774; baseline 0.004 -12"><span class='ocrx_word' id='word_1_378' title='bbox 1334 733 1410 762; x_wconf 88' lang='lat' dir='ltr'>inde</span> <span class='ocrx_word' id='word_1_379' title='bbox 1425 733 1554 768; x_wconf 85' lang='lat' dir='ltr'>feceris,</span> <span class='ocrx_word' id='word_1_380' title='bbox 1574 742 1632 772; x_wconf 87' lang='lat' dir='ltr'>per</span> <span class='ocrx_word' id='word_1_381' title='bbox 1647 735 1720 763; x_wconf 86' lang='lat' dir='ltr'>tuas</span> <span class='ocrx_word' id='word_1_382' title='bbox 1739 733 1835 763; x_wconf 89' lang='lat' dir='ltr'>nobis</span> <span class='ocrx_word' id='word_1_383' title='bbox 1854 734 1979 764; x_wconf 72' lang='lat' dir='ltr'>litteras</span> <span class='ocrx_word' id='word_1_384' title='bbox 1995 735 2189 772; x_wconf 79' lang='lat' dir='ltr'>quantocius</span> <span class='ocrx_word' id='word_1_385' title='bbox 2206 736 2343 774; x_wconf 83' lang='lat' dir='ltr'>rescrip-</span> 
     </span>
     <span class='ocr_line' id='line_1_59' title="bbox 1333 786 2342 826; baseline 0.002 -10"><span class='ocrx_word' id='word_1_386' title='bbox 1333 788 1439 816; x_wconf 85' lang='lat' dir='ltr'>turus.</span> <span class='ocrx_word' id='word_1_387' title='bbox 1458 786 1582 816; x_wconf 90' lang='lat' dir='ltr'>Datum</span> <span class='ocrx_word' id='word_1_388' title='bbox 1610 786 1698 825; x_wconf 87' lang='lat' dir='ltr'>apud</span> <span class='ocrx_word' id='word_1_389' title='bbox 1720 786 2001 822; x_wconf 72' lang='lat' dir='ltr'>Urbemvcterem,</span> <span class='ocrx_word' id='word_1_390' title='bbox 2027 796 2069 816; x_wconf 72' lang='lat' dir='ltr'>xv</span> <span class='ocrx_word' id='word_1_391' title='bbox 2084 787 2342 826; x_wconf 78' lang='lat' dir='ltr'>kalendasjtllii,</span> 
     </span>
     <span class='ocr_line' id='line_1_60' title="bbox 1334 839 1627 868; baseline 0 0"><span class='ocrx_word' id='word_1_392' title='bbox 1334 847 1421 868; x_wconf 87' lang='lat' dir='ltr'>anno</span> <span class='ocrx_word' id='word_1_393' title='bbox 1437 839 1595 868; x_wconf 82' lang='lat' dir='ltr'>secundo.</span> <span class='ocrx_word' id='word_1_394' title='bbox 1613 851 1627 865; x_wconf 78' lang='grc' dir='ltr'><strong>υ</strong></span> 
     </span>
    </p>
   </div>
   <div class='ocr_carea' id='block_1_13' title="bbox 1404 1001 2274 1034">
    <p class='ocr_par' dir='ltr' id='par_1_13' title="bbox 1404 1001 2274 1034">
     <span class='ocr_line' id='line_1_61' title="bbox 1404 1001 2274 1034; baseline -0.008 0"><span class='ocrx_word' id='word_1_395' title='bbox 1404 1004 1474 1034; x_wconf 81' lang='lat'>157</span> <span class='ocrx_word' id='word_1_396' title='bbox 1921 1001 2045 1034; x_wconf 74' lang='lat' dir='ltr'>Orvieto,</span> <span class='ocrx_word' id='word_1_397' title='bbox 2063 1002 2095 1027; x_wconf 76' lang='lat'>29</span> <span class='ocrx_word' id='word_1_398' title='bbox 2113 1003 2177 1028; x_wconf 81' lang='lat' dir='ltr'>aout</span> <span class='ocrx_word' id='word_1_399' title='bbox 2199 1002 2274 1027; x_wconf 61' lang='lat'>1263.</span> 
     </span>
    </p>
   </div>
   <div class='ocr_carea' id='block_1_14' title="bbox 1335 1085 2347 1266">
    <p class='ocr_par' dir='ltr' id='par_1_14' title="bbox 1335 1085 2347 1266">
     <span class='ocr_line' id='line_1_62' title="bbox 1369 1085 2346 1121; baseline -0.001 -8"><span class='ocrx_word' id='word_1_400' title='bbox 1369 1086 1509 1121; x_wconf 85' lang='lat' dir='ltr'>Episcopo</span> <span class='ocrx_word' id='word_1_401' title='bbox 1525 1085 1734 1112; x_wconf 81' lang='lat' dir='ltr'>Cenomanensi</span> <span class='ocrx_word' id='word_1_402' title='bbox 1751 1085 1870 1111; x_wconf 73' lang='lat' dir='ltr'>mandat</span> <span class='ocrx_word' id='word_1_403' title='bbox 1887 1086 1917 1111; x_wconf 91' lang='lat' dir='ltr'>ut</span> <span class='ocrx_word' id='word_1_404' title='bbox 1929 1085 2062 1119; x_wconf 85' lang='lat' dir='ltr'>quicquid</span> <span class='ocrx_word' id='word_1_405' title='bbox 2078 1085 2111 1111; x_wconf 84' lang='lat' dir='ltr'>dc</span> <span class='ocrx_word' id='word_1_406' title='bbox 2128 1085 2207 1111; x_wconf 84' lang='lat' dir='ltr'>bonis</span> <span class='ocrx_word' id='word_1_407' title='bbox 2222 1085 2346 1119; x_wconf 71' lang='lat' dir='ltr'>episcopi</span> 
     </span>
     <span class='ocr_line' id='line_1_63' title="bbox 1335 1133 2346 1168; baseline -0.003 -6"><span class='ocrx_word' id='word_1_408' title='bbox 1335 1135 1511 1162; x_wconf 74' lang='lat' dir='ltr'>pictavensis</span> <span class='ocrx_word' id='word_1_409' title='bbox 1531 1135 1567 1161; x_wconf 82' lang='lat' dir='ltr'>ad</span> <span class='ocrx_word' id='word_1_410' title='bbox 1587 1134 1676 1168; x_wconf 80' lang='lat' dir='ltr'>ipsius</span> <span class='ocrx_word' id='word_1_411' title='bbox 1702 1141 1805 1160; x_wconf 81' lang='lat' dir='ltr'>manus</span> <span class='ocrx_word' id='word_1_412' title='bbox 1830 1133 2003 1167; x_wconf 68' lang='lat' dir='ltr'>pervenerit,</span> <span class='ocrx_word' id='word_1_413' title='bbox 2029 1133 2113 1159; x_wconf 68' lang='lat' dir='ltr'>certis</span> <span class='ocrx_word' id='word_1_414' title='bbox 2140 1134 2346 1160; x_wconf 76' lang='lat' dir='ltr'>mercatoribus</span> 
     </span>
     <span class='ocr_line' id='line_1_64' title="bbox 1336 1182 2347 1215; baseline -0.002 -5"><span class='ocrx_word' id='word_1_415' title='bbox 1336 1184 1520 1214; x_wconf 80' lang='lat' dir='ltr'>Senensibus,</span> <span class='ocrx_word' id='word_1_416' title='bbox 1534 1183 1659 1209; x_wconf 75' lang='lat' dir='ltr'>Parisius</span> <span class='ocrx_word' id='word_1_417' title='bbox 1672 1182 1932 1214; x_wconf 78' lang='lat' dir='ltr'>commorantibus,</span> <span class='ocrx_word' id='word_1_418' title='bbox 1944 1182 2081 1215; x_wconf 71' lang='lat' dir='ltr'>assignet.</span> <span class='ocrx_word' id='word_1_419' title='bbox 2095 1182 2174 1209; x_wconf 60' lang='lat' dir='ltr'>«lena.</span> <span class='ocrx_word' id='word_1_420' title='bbox 2190 1184 2234 1214; x_wconf 73' lang='lat'>⁴27,</span> <span class='ocrx_word' id='word_1_421' title='bbox 2252 1182 2300 1208; x_wconf 86' lang='lat' dir='ltr'>sol.</span> <span class='ocrx_word' id='word_1_422' title='bbox 2314 1184 2347 1208; x_wconf 77' lang='lat'>37</span> 
     </span>
     <span class='ocr_line' id='line_1_65' title="bbox 1335 1232 1477 1266; baseline 0 -8"><span class='ocrx_word' id='word_1_423' title='bbox 1335 1240 1375 1265; x_wconf 83' lang='lat' dir='ltr'>vo,</span> <span class='ocrx_word' id='word_1_424' title='bbox 1391 1241 1423 1258; x_wconf 79' lang='lat' dir='ltr'>no</span> <span class='ocrx_word' id='word_1_425' title='bbox 1439 1232 1477 1266; x_wconf 89' lang='grc'>3.)</span> 
     </span>
    </p>
   </div>
   <div class='ocr_carea' id='block_1_15' title="bbox 1336 1314 2353 2987">
    <p class='ocr_par' dir='ltr' id='par_1_15' title="bbox 1336 1314 2353 2987">
     <span class='ocr_line' id='line_1_66' title="bbox 1379 1314 2347 1356; baseline -0.002 -10"><span class='ocrx_word' id='word_1_426' title='bbox 1379 1329 1393 1343; x_wconf 88' lang='lat'>«</span> <span class='ocrx_word' id='word_1_427' title='bbox 1417 1316 1570 1356; x_wconf 77' lang='lat' dir='ltr'>Episcopo</span> <span class='ocrx_word' id='word_1_428' title='bbox 1587 1314 1815 1345; x_wconf 69' lang='lat' dir='ltr'>Cenmnanensi.</span> <span class='ocrx_word' id='word_1_429' title='bbox 1833 1314 1883 1344; x_wconf 74' lang='lat' dir='ltr'>De</span> <span class='ocrx_word' id='word_1_430' title='bbox 1897 1315 2001 1344; x_wconf 87' lang='lat' dir='ltr'>multa</span> <span class='ocrx_word' id='word_1_431' title='bbox 2016 1314 2139 1344; x_wconf 61' lang='lat' dir='ltr'>fidutia</span> <span class='ocrx_word' id='word_1_432' title='bbox 2151 1323 2251 1353; x_wconf 76' lang='lat' dir='ltr'>quam</span> <span class='ocrx_word' id='word_1_433' title='bbox 2263 1315 2301 1344; x_wconf 86' lang='lat' dir='ltr'>de</span> <span class='ocrx_word' id='word_1_434' title='bbox 2317 1316 2347 1344; x_wconf 89' lang='lat' dir='ltr'>te</span> 
     </span>
     <span class='ocr_line' id='line_1_67' title="bbox 1336 1367 2349 1408; baseline -0.003 -9"><span class='ocrx_word' id='word_1_435' title='bbox 1336 1369 1494 1408; x_wconf 86' lang='lat' dir='ltr'>gerimus,</span> <span class='ocrx_word' id='word_1_436' title='bbox 1508 1367 1643 1398; x_wconf 80' lang='lat' dir='ltr'>noveris</span> <span class='ocrx_word' id='word_1_437' title='bbox 1658 1367 1863 1406; x_wconf 58' lang='lat' dir='ltr'>processisse</span> <span class='ocrx_word' id='word_1_438' title='bbox 1875 1367 1963 1405; x_wconf 81' lang='lat' dir='ltr'>quod</span> <span class='ocrx_word' id='word_1_439' title='bbox 1980 1375 2040 1396; x_wconf 88' lang='lat' dir='ltr'>nos</span> <span class='ocrx_word' id='word_1_440' title='bbox 2053 1367 2131 1396; x_wconf 85' lang='lat' dir='ltr'>olim</span> <span class='ocrx_word' id='word_1_441' title='bbox 2149 1367 2207 1396; x_wconf 83' lang='lat' dir='ltr'>tibi</span> <span class='ocrx_word' id='word_1_442' title='bbox 2226 1367 2349 1396; x_wconf 80' lang='lat' dir='ltr'>nostris</span> 
     </span>
     <span class='ocr_line' id='line_1_68' title="bbox 1337 1419 2344 1454; baseline -0.003 -2"><span class='ocrx_word' id='word_1_443' title='bbox 1337 1422 1398 1452; x_wconf 87' lang='lat' dir='ltr'>sub</span> <span class='ocrx_word' id='word_1_444' title='bbox 1414 1423 1502 1452; x_wconf 85' lang='lat' dir='ltr'>certa</span> <span class='ocrx_word' id='word_1_445' title='bbox 1524 1421 1631 1451; x_wconf 86' lang='lat' dir='ltr'>forma</span> <span class='ocrx_word' id='word_1_446' title='bbox 1648 1420 1802 1450; x_wconf 87' lang='lat' dir='ltr'>dedimus</span> <span class='ocrx_word' id='word_1_447' title='bbox 1817 1419 1938 1449; x_wconf 88' lang='lat' dir='ltr'>litteris</span> <span class='ocrx_word' id='word_1_448' title='bbox 1954 1419 1989 1449; x_wconf 92' lang='lat' dir='ltr'>in</span> <span class='ocrx_word' id='word_1_449' title='bbox 2010 1419 2175 1449; x_wconf 82' lang='lat' dir='ltr'>mandatis</span> <span class='ocrx_word' id='word_1_450' title='bbox 2190 1422 2225 1449; x_wconf 91' lang='lat' dir='ltr'>ut</span> <span class='ocrx_word' id='word_1_451' title='bbox 2246 1419 2344 1454; x_wconf 88' lang='lat' dir='ltr'>bona,</span> 
     </span>
     <span class='ocr_line' id='line_1_69' title="bbox 1337 1472 2348 1514; baseline -0.003 -9"><span class='ocrx_word' id='word_1_452' title='bbox 1337 1484 1400 1514; x_wconf 86' lang='lat' dir='ltr'>que</span> <span class='ocrx_word' id='word_1_453' title='bbox 1422 1475 1557 1505; x_wconf 83' lang='lat' dir='ltr'>fuerunt</span> <span class='ocrx_word' id='word_1_454' title='bbox 1582 1473 1666 1503; x_wconf 88' lang='lat' dir='ltr'>bone</span> <span class='ocrx_word' id='word_1_455' title='bbox 1690 1473 1849 1503; x_wconf 88' lang='lat' dir='ltr'>memorie</span> <span class='ocrx_word' id='word_1_456' title='bbox 1871 1472 2046 1506; x_wconf 67' lang='grc' dir='ltr'>ι101111111115,</span> <span class='ocrx_word' id='word_1_457' title='bbox 2068 1472 2216 1510; x_wconf 64' lang='lat' dir='ltr'>episcopi</span> <span class='ocrx_word' id='word_1_458' title='bbox 2239 1472 2348 1502; x_wconf 82' lang='lat' dir='ltr'>Picta-</span> 
     </span>
     <span class='ocr_line' id='line_1_70' title="bbox 1338 1525 2350 1564; baseline -0.004 -6"><span class='ocrx_word' id='word_1_459' title='bbox 1338 1528 1462 1562; x_wconf 70' lang='lat' dir='ltr'>vensis,</span> <span class='ocrx_word' id='word_1_460' title='bbox 1481 1527 1522 1557; x_wconf 85' lang='lat' dir='ltr'>ad</span> <span class='ocrx_word' id='word_1_461' title='bbox 1538 1535 1658 1557; x_wconf 87' lang='lat' dir='ltr'>manus</span> <span class='ocrx_word' id='word_1_462' title='bbox 1674 1528 1748 1555; x_wconf 87' lang='lat' dir='ltr'>tuas</span> <span class='ocrx_word' id='word_1_463' title='bbox 1764 1525 1941 1564; x_wconf 77' lang='lat' dir='ltr'>reciperes,</span> <span class='ocrx_word' id='word_1_464' title='bbox 1960 1526 2148 1555; x_wconf 81' lang='lat' dir='ltr'>detentores</span> <span class='ocrx_word' id='word_1_465' title='bbox 2165 1526 2205 1555; x_wconf 86' lang='lat' dir='ltr'>ad</span> <span class='ocrx_word' id='word_1_466' title='bbox 2223 1525 2350 1554; x_wconf 79' lang='lat' dir='ltr'>exhibi-</span> 
     </span>
     <span class='ocr_line' id='line_1_71' title="bbox 1336 1578 2346 1617; baseline -0.003 -7"><span class='ocrx_word' id='word_1_467' title='bbox 1336 1581 1459 1611; x_wconf 88' lang='lat' dir='ltr'>tionem</span> <span class='ocrx_word' id='word_1_468' title='bbox 1471 1589 1597 1615; x_wconf 86' lang='lat' dir='ltr'>eorum,</span> <span class='ocrx_word' id='word_1_469' title='bbox 1615 1579 1643 1608; x_wconf 91' lang='lat' dir='ltr'>si</span> <span class='ocrx_word' id='word_1_470' title='bbox 1661 1587 1794 1608; x_wconf 87' lang='lat' dir='ltr'>necesse</span> <span class='ocrx_word' id='word_1_471' title='bbox 1809 1578 1903 1613; x_wconf 79' lang='lat' dir='ltr'>foret,</span> <span class='ocrx_word' id='word_1_472' title='bbox 1916 1587 1974 1617; x_wconf 86' lang='lat' dir='ltr'>per</span> <span class='ocrx_word' id='word_1_473' title='bbox 1987 1586 2162 1608; x_wconf 84' lang='lat' dir='ltr'>censuram</span> <span class='ocrx_word' id='word_1_474' title='bbox 2176 1578 2346 1607; x_wconf 85' lang='lat' dir='ltr'>ecclesias-</span> 
     </span>
     <span class='ocr_line' id='line_1_72' title="bbox 1336 1630 2347 1671; baseline -0.004 -7"><span class='ocrx_word' id='word_1_475' title='bbox 1336 1634 1447 1669; x_wconf 79' lang='lat' dir='ltr'>ticam,</span> <span class='ocrx_word' id='word_1_476' title='bbox 1464 1632 1684 1671; x_wconf 81' lang='lat' dir='ltr'>appellatione</span> <span class='ocrx_word' id='word_1_477' title='bbox 1700 1632 1893 1670; x_wconf 84' lang='lat' dir='ltr'>postposita,</span> <span class='ocrx_word' id='word_1_478' title='bbox 1908 1631 2146 1669; x_wconf 74' lang='lat' dir='ltr'>compellendo,</span> <span class='ocrx_word' id='word_1_479' title='bbox 2167 1631 2289 1668; x_wconf 71' lang='lat' dir='ltr'>illaque</span> <span class='ocrx_word' id='word_1_480' title='bbox 2306 1630 2347 1660; x_wconf 88' lang='lat' dir='ltr'>ad</span> 
     </span>
     <span class='ocr_line' id='line_1_73' title="bbox 1338 1683 2347 1725; baseline -0.004 -9"><span class='ocrx_word' id='word_1_481' title='bbox 1338 1695 1421 1725; x_wconf 89' lang='lat' dir='ltr'>opus</span> <span class='ocrx_word' id='word_1_482' title='bbox 1447 1687 1596 1715; x_wconf 89' lang='lat' dir='ltr'>nostrum</span> <span class='ocrx_word' id='word_1_483' title='bbox 1622 1686 1651 1715; x_wconf 88' lang='lat' dir='ltr'>et</span> <span class='ocrx_word' id='word_1_484' title='bbox 1677 1684 1828 1714; x_wconf 87' lang='lat' dir='ltr'>Romane</span> <span class='ocrx_word' id='word_1_485' title='bbox 1850 1683 1986 1713; x_wconf 87' lang='lat' dir='ltr'>ecclesie</span> <span class='ocrx_word' id='word_1_486' title='bbox 2008 1684 2149 1713; x_wconf 83' lang='lat' dir='ltr'>fideliter</span> <span class='ocrx_word' id='word_1_487' title='bbox 2171 1691 2347 1713; x_wconf 81' lang='lat' dir='ltr'>conserva-</span> 
     </span>
     <span class='ocr_line' id='line_1_74' title="bbox 1337 1735 2348 1776; baseline -0.004 -7"><span class='ocrx_word' id='word_1_488' title='bbox 1337 1748 1401 1769; x_wconf 86' lang='lat' dir='ltr'>res.</span> <span class='ocrx_word' id='word_1_489' title='bbox 1420 1739 1557 1773; x_wconf 68' lang='lat' dir='ltr'>Verum,</span> <span class='ocrx_word' id='word_1_490' title='bbox 1577 1737 1655 1776; x_wconf 86' lang='lat' dir='ltr'>quia</span> <span class='ocrx_word' id='word_1_491' title='bbox 1670 1745 1729 1776; x_wconf 93' lang='lat' dir='ltr'>per</span> <span class='ocrx_word' id='word_1_492' title='bbox 1748 1737 1899 1767; x_wconf 78' lang='lat' dir='ltr'>effectum</span> <span class='ocrx_word' id='word_1_493' title='bbox 1918 1738 2025 1774; x_wconf 84' lang='lat' dir='ltr'>operis</span> <span class='ocrx_word' id='word_1_494' title='bbox 2044 1736 2232 1766; x_wconf 82' lang='lat' dir='ltr'>evidentius</span> <span class='ocrx_word' id='word_1_495' title='bbox 2250 1735 2348 1765; x_wconf 89' lang='lat' dir='ltr'>nobis</span> 
     </span>
     <span class='ocr_line' id='line_1_75' title="bbox 1337 1788 2346 1830; baseline -0.005 -8"><span class='ocrx_word' id='word_1_496' title='bbox 1337 1793 1465 1823; x_wconf 88' lang='lat' dir='ltr'>constat</span> <span class='ocrx_word' id='word_1_497' title='bbox 1494 1791 1582 1830; x_wconf 83' lang='lat' dir='ltr'>quod</span> <span class='ocrx_word' id='word_1_498' title='bbox 1612 1792 1667 1820; x_wconf 85' lang='lat' dir='ltr'>tue</span> <span class='ocrx_word' id='word_1_499' title='bbox 1698 1789 1885 1820; x_wconf 77' lang='lat' dir='ltr'>devotionis</span> <span class='ocrx_word' id='word_1_500' title='bbox 1914 1789 2093 1818; x_wconf 85' lang='lat' dir='ltr'>laudabilis</span> <span class='ocrx_word' id='word_1_501' title='bbox 2120 1788 2346 1827; x_wconf 71' lang='lat' dir='ltr'>promptttudo</span> 
     </span>
     <span class='ocr_line' id='line_1_76' title="bbox 1338 1841 2346 1881; baseline -0.005 -6"><span class='ocrx_word' id='word_1_502' title='bbox 1338 1845 1531 1875; x_wconf 84' lang='lat' dir='ltr'>mandatum</span> <span class='ocrx_word' id='word_1_503' title='bbox 1553 1843 1746 1881; x_wconf 88' lang='lat' dir='ltr'>hujusmodi</span> <span class='ocrx_word' id='word_1_504' title='bbox 1767 1842 1886 1880; x_wconf 79' lang='lat' dir='ltr'>exequi</span> <span class='ocrx_word' id='word_1_505' title='bbox 1909 1842 2035 1871; x_wconf 86' lang='lat' dir='ltr'>studuit</span> <span class='ocrx_word' id='word_1_506' title='bbox 2060 1841 2231 1871; x_wconf 77' lang='lat' dir='ltr'>laboribus</span> <span class='ocrx_word' id='word_1_507' title='bbox 2253 1841 2346 1871; x_wconf 87' lang='lat' dir='ltr'>inde-</span> 
     </span>
     <span class='ocr_line' id='line_1_77' title="bbox 1336 1893 2348 1934; baseline -0.006 -6"><span class='ocrx_word' id='word_1_508' title='bbox 1336 1898 1449 1934; x_wconf 66' lang='lat' dir='ltr'>fessis7</span> <span class='ocrx_word' id='word_1_509' title='bbox 1467 1906 1526 1927; x_wconf 81' lang='lat' dir='ltr'>nos</span> <span class='ocrx_word' id='word_1_510' title='bbox 1545 1898 1636 1926; x_wconf 88' lang='lat' dir='ltr'>tuam</span> <span class='ocrx_word' id='word_1_511' title='bbox 1660 1904 1759 1934; x_wconf 91' lang='lat' dir='ltr'>super</span> <span class='ocrx_word' id='word_1_512' title='bbox 1780 1895 1840 1924; x_wconf 84' lang='lat' dir='ltr'>hoc</span> <span class='ocrx_word' id='word_1_513' title='bbox 1859 1894 2063 1933; x_wconf 84' lang='lat' dir='ltr'>diligentiam</span> <span class='ocrx_word' id='word_1_514' title='bbox 2081 1896 2237 1932; x_wconf 75' lang='lat' dir='ltr'>tuamque</span> <span class='ocrx_word' id='word_1_515' title='bbox 2256 1893 2348 1923; x_wconf 90' lang='lat' dir='ltr'>solli-</span> 
     </span>
     <span class='ocr_line' id='line_1_78' title="bbox 1338 1947 2348 1987; baseline -0.004 -7"><span class='ocrx_word' id='word_1_516' title='bbox 1338 1950 1517 1980; x_wconf 86' lang='lat' dir='ltr'>citudinem</span> <span class='ocrx_word' id='word_1_517' title='bbox 1535 1949 1645 1987; x_wconf 77' lang='lat' dir='ltr'>dignis</span> <span class='ocrx_word' id='word_1_518' title='bbox 1665 1948 1697 1977; x_wconf 91' lang='lat' dir='ltr'>in</span> <span class='ocrx_word' id='word_1_519' title='bbox 1716 1948 1861 1977; x_wconf 77' lang='lat' dir='ltr'>Domino</span> <span class='ocrx_word' id='word_1_520' title='bbox 1878 1947 2033 1976; x_wconf 88' lang='lat' dir='ltr'>laudibus</span> <span class='ocrx_word' id='word_1_521' title='bbox 2049 1947 2166 1976; x_wconf 80' lang='lat' dir='ltr'>merito</span> <span class='ocrx_word' id='word_1_522' title='bbox 2183 1954 2348 1976; x_wconf 82' lang='lat' dir='ltr'>commen-</span> 
     </span>
     <span class='ocr_line' id='line_1_79' title="bbox 1337 1999 2349 2038; baseline -0.005 -5"><span class='ocrx_word' id='word_1_523' title='bbox 1337 2004 1465 2037; x_wconf 83' lang='lat' dir='ltr'>dantes,</span> <span class='ocrx_word' id='word_1_524' title='bbox 1487 2011 1524 2032; x_wconf 83' lang='lat' dir='ltr'>ac</span> <span class='ocrx_word' id='word_1_525' title='bbox 1543 2001 1723 2032; x_wconf 67' lang='lat' dir='ltr'>reserentes·</span> <span class='ocrx_word' id='word_1_526' title='bbox 1742 2000 1929 2030; x_wconf 76' lang='lat' dir='ltr'>exindetibi</span> <span class='ocrx_word' id='word_1_527' title='bbox 1948 2000 2128 2038; x_wconf 78' lang='lat' dir='ltr'>gratiarum</span> <span class='ocrx_word' id='word_1_528' title='bbox 2148 1999 2349 2037; x_wconf 78' lang='lat' dir='ltr'>multiplices</span> 
     </span>
     <span class='ocr_line' id='line_1_80' title="bbox 1338 2052 2350 2090; baseline -0.005 -4"><span class='ocrx_word' id='word_1_529' title='bbox 1338 2056 1494 2089; x_wconf 87' lang='lat' dir='ltr'>actiones,</span> <span class='ocrx_word' id='word_1_530' title='bbox 1508 2054 1747 2085; x_wconf 83' lang='lat' dir='ltr'>fraternitatem</span> <span class='ocrx_word' id='word_1_531' title='bbox 1763 2055 1854 2083; x_wconf 86' lang='lat' dir='ltr'>tuam</span> <span class='ocrx_word' id='word_1_532' title='bbox 1865 2061 2052 2087; x_wconf 84' lang='lat' dir='ltr'>monemus,</span> <span class='ocrx_word' id='word_1_533' title='bbox 2066 2061 2221 2090; x_wconf 75' lang='lat' dir='ltr'>rogamus</span> <span class='ocrx_word' id='word_1_534' title='bbox 2233 2054 2263 2082; x_wconf 86' lang='lat' dir='ltr'>et</span> <span class='ocrx_word' id='word_1_535' title='bbox 2276 2052 2350 2081; x_wconf 85' lang='grc'>1101·-</span> 
     </span>
     <span class='ocr_line' id='line_1_81' title="bbox 1337 2105 2348 2146; baseline -0.005 -7"><span class='ocrx_word' id='word_1_536' title='bbox 1337 2111 1447 2139; x_wconf 86' lang='lat' dir='ltr'>tamur</span> <span class='ocrx_word' id='word_1_537' title='bbox 1474 2109 1596 2139; x_wconf 86' lang='lat' dir='ltr'>attente</span> <span class='ocrx_word' id='word_1_538' title='bbox 1620 2116 1679 2146; x_wconf 90' lang='lat' dir='ltr'>per</span> <span class='ocrx_word' id='word_1_539' title='bbox 1707 2106 1888 2145; x_wconf 86' lang='lat' dir='ltr'>apostolica</span> <span class='ocrx_word' id='word_1_540' title='bbox 1912 2106 1974 2135; x_wconf 87' lang='lat' dir='ltr'>tibi</span> <span class='ocrx_word' id='word_1_541' title='bbox 2003 2106 2125 2144; x_wconf 85' lang='lat' dir='ltr'>scripta</span> <span class='ocrx_word' id='word_1_542' title='bbox 2154 2105 2348 2135; x_wconf 85' lang='lat' dir='ltr'>mandantes</span> 
     </span>
     <span class='ocr_line' id='line_1_82' title="bbox 1338 2158 2350 2201; baseline -0.005 -9"><span class='ocrx_word' id='word_1_543' title='bbox 1338 2162 1497 2201; x_wconf 87' lang='lat' dir='ltr'>quatinus</span> <span class='ocrx_word' id='word_1_544' title='bbox 1510 2163 1613 2191; x_wconf 85' lang='lat' dir='ltr'>totam</span> <span class='ocrx_word' id='word_1_545' title='bbox 1629 2162 1816 2198; x_wconf 84' lang='lat' dir='ltr'>pecuniam,</span> <span class='ocrx_word' id='word_1_546' title='bbox 1833 2168 1896 2198; x_wconf 78' lang='lat' dir='ltr'>que</span> <span class='ocrx_word' id='word_1_547' title='bbox 1910 2159 1951 2188; x_wconf 91' lang='lat' dir='ltr'>ad</span> <span class='ocrx_word' id='word_1_548' title='bbox 1968 2167 2087 2188; x_wconf 79' lang='lat' dir='ltr'>manus</span> <span class='ocrx_word' id='word_1_549' title='bbox 2106 2160 2179 2188; x_wconf 80' lang='lat' dir='ltr'>tuas</span> <span class='ocrx_word' id='word_1_550' title='bbox 2198 2158 2237 2188; x_wconf 88' lang='lat' dir='ltr'>de</span> <span class='ocrx_word' id='word_1_551' title='bbox 2252 2158 2350 2187; x_wconf 66' lang='lat' dir='ltr'>bonis</span> 
     </span>
     <span class='ocr_line' id='line_1_83' title="bbox 1338 2210 2350 2254; baseline -0.005 -9"><span class='ocrx_word' id='word_1_552' title='bbox 1338 2214 1532 2254; x_wconf 79' lang='lat' dir='ltr'>liujusmodi</span> <span class='ocrx_word' id='word_1_553' title='bbox 1551 2214 1622 2252; x_wconf 75' lang='lat' dir='ltr'>Jam</span> <span class='ocrx_word' id='word_1_554' title='bbox 1645 2212 1848 2252; x_wconf 74' lang='lat' dir='ltr'>pervenit‚et</span> <span class='ocrx_word' id='word_1_555' title='bbox 1871 2220 1972 2250; x_wconf 77' lang='lat' dir='ltr'>quam</span> <span class='ocrx_word' id='word_1_556' title='bbox 1997 2212 2083 2250; x_wconf 77' lang='lat' dir='ltr'>apud</span> <span class='ocrx_word' id='word_1_557' title='bbox 2111 2210 2350 2240; x_wconf 73' lang='lat' dir='ltr'>monasterium</span> 
     </span>
     <span class='ocr_line' id='line_1_84' title="bbox 1339 2263 2350 2302; baseline -0.006 -4"><span class='ocrx_word' id='word_1_558' title='bbox 1339 2268 1612 2302; x_wconf 66' lang='lat' dir='ltr'>Windocffiense,</span> <span class='ocrx_word' id='word_1_559' title='bbox 1636 2266 1764 2296; x_wconf 89' lang='lat' dir='ltr'>ordinis</span> <span class='ocrx_word' id='word_1_560' title='bbox 1785 2274 1812 2295; x_wconf 92' lang='lat' dir='ltr'>s.</span> <span class='ocrx_word' id='word_1_561' title='bbox 1836 2264 2017 2298; x_wconf 83' lang='lat' dir='ltr'>Benedicti,</span> <span class='ocrx_word' id='word_1_562' title='bbox 2042 2264 2257 2294; x_wconf 80' lang='lat' dir='ltr'>Carnolensis</span> <span class='ocrx_word' id='word_1_563' title='bbox 2281 2263 2350 2293; x_wconf 88' lang='lat' dir='ltr'>dio-</span> 
     </span>
     <span class='ocr_line' id='line_1_85' title="bbox 1338 2315 2349 2357; baseline -0.006 -6"><span class='ocrx_word' id='word_1_564' title='bbox 1338 2321 1436 2357; x_wconf 88' lang='lat' dir='ltr'>cesis,</span> <span class='ocrx_word' id='word_1_565' title='bbox 1463 2322 1576 2350; x_wconf 90' lang='lat' dir='ltr'>nostro</span> <span class='ocrx_word' id='word_1_566' title='bbox 1604 2321 1635 2349; x_wconf 84' lang='lat' dir='ltr'>et</span> <span class='ocrx_word' id='word_1_567' title='bbox 1662 2319 1806 2356; x_wconf 78' lang='lat' dir='ltr'>predicte</span> <span class='ocrx_word' id='word_1_568' title='bbox 1831 2317 1967 2347; x_wconf 77' lang='lat' dir='ltr'>ecclesie</span> <span class='ocrx_word' id='word_1_569' title='bbox 1993 2317 2126 2346; x_wconf 83' lang='lat' dir='ltr'>nomine</span> <span class='ocrx_word' id='word_1_570' title='bbox 2153 2315 2349 2355; x_wconf 70' lang='lat' dir='ltr'>deposuisse</span> 
     </span>
     <span class='ocr_line' id='line_1_86' title="bbox 1338 2369 2350 2408; baseline -0.007 -4"><span class='ocrx_word' id='word_1_571' title='bbox 1338 2374 1471 2408; x_wconf 86' lang='lat' dir='ltr'>diceris,</span> <span class='ocrx_word' id='word_1_572' title='bbox 1488 2372 1618 2402; x_wconf 81' lang='lat' dir='ltr'>dilectis</span> <span class='ocrx_word' id='word_1_573' title='bbox 1642 2371 1722 2401; x_wconf 85' lang='lat' dir='ltr'>filiis</span> <span class='ocrx_word' id='word_1_574' title='bbox 1744 2370 1874 2400; x_wconf 68' lang='lat' dir='ltr'>Andrce</span> <span class='ocrx_word' id='word_1_575' title='bbox 1902 2369 2029 2403; x_wconf 56' lang='lat' dir='ltr'>Jacolm</span> <span class='ocrx_word' id='word_1_576' title='bbox 2052 2369 2251 2407; x_wconf 63' lang='lat' dir='ltr'>l‘xonsigmri</span> <span class='ocrx_word' id='word_1_577' title='bbox 2275 2369 2350 2398; x_wconf 82' lang='lat' dir='ltr'>Rai-</span> 
     </span>
     <span class='ocr_line' id='line_1_87' title="bbox 1339 2421 2348 2463; baseline -0.006 -6"><span class='ocrx_word' id='word_1_578' title='bbox 1339 2427 1433 2463; x_wconf 80' lang='lat' dir='ltr'>nerii,</span> <span class='ocrx_word' id='word_1_579' title='bbox 1456 2426 1637 2457; x_wconf 82' lang='lat' dir='ltr'>Tholomeo</span> <span class='ocrx_word' id='word_1_580' title='bbox 1657 2424 1801 2454; x_wconf 81' lang='lat' dir='ltr'>Manenti</span> <span class='ocrx_word' id='word_1_581' title='bbox 1823 2425 1854 2453; x_wconf 86' lang='lat' dir='ltr'>et</span> <span class='ocrx_word' id='word_1_582' title='bbox 1870 2423 1992 2453; x_wconf 83' lang='lat' dir='ltr'>Jacobo</span> <span class='ocrx_word' id='word_1_583' title='bbox 2015 2422 2107 2457; x_wconf 62' lang='lat' dir='ltr'>ffiilii,</span> <span class='ocrx_word' id='word_1_584' title='bbox 2130 2422 2229 2451; x_wconf 77' lang='lat' dir='ltr'>sociis</span> <span class='ocrx_word' id='word_1_585' title='bbox 2247 2421 2348 2452; x_wconf 85' lang='lat' dir='ltr'>dilec-</span> 
     </span>
     <span class='ocr_line' id='line_1_88' title="bbox 1338 2475 2349 2513; baseline -0.006 -3"><span class='ocrx_word' id='word_1_586' title='bbox 1338 2481 1449 2510; x_wconf 91' lang='lat' dir='ltr'>torum</span> <span class='ocrx_word' id='word_1_587' title='bbox 1474 2479 1622 2508; x_wconf 88' lang='lat' dir='ltr'>filiorum</span> <span class='ocrx_word' id='word_1_588' title='bbox 1649 2476 1788 2507; x_wconf 85' lang='lat' dir='ltr'>Orlandi</span> <span class='ocrx_word' id='word_1_589' title='bbox 1816 2475 2034 2513; x_wconf 72' lang='lat' dir='ltr'>Bonsignoris</span> <span class='ocrx_word' id='word_1_590' title='bbox 2061 2477 2091 2504; x_wconf 82' lang='lat' dir='ltr'>ct</span> <span class='ocrx_word' id='word_1_591' title='bbox 2115 2475 2349 2505; x_wconf 76' lang='lat' dir='ltr'>Bonaventure</span> 
     </span>
     <span class='ocr_line' id='line_1_89' title="bbox 1339 2526 2348 2565; baseline -0.007 -2"><span class='ocrx_word' id='word_1_592' title='bbox 1339 2531 1551 2565; x_wconf 84' lang='lat' dir='ltr'>Bernardini,</span> <span class='ocrx_word' id='word_1_593' title='bbox 1579 2530 1702 2560; x_wconf 76' lang='lat' dir='ltr'>civium</span> <span class='ocrx_word' id='word_1_594' title='bbox 1726 2531 1757 2559; x_wconf 87' lang='lat' dir='ltr'>et</span> <span class='ocrx_word' id='word_1_595' title='bbox 1779 2530 1998 2558; x_wconf 76' lang='lat' dir='ltr'>mercatorum</span> <span class='ocrx_word' id='word_1_596' title='bbox 2023 2527 2234 2560; x_wconf 79' lang='lat' dir='ltr'>Senensium,</span> <span class='ocrx_word' id='word_1_597' title='bbox 2258 2526 2348 2556; x_wconf 86' lang='lat' dir='ltr'>Pari·</span> 
     </span>
     <span class='ocr_line' id='line_1_90' title="bbox 1341 2579 2348 2618; baseline -0.008 -3"><span class='ocrx_word' id='word_1_598' title='bbox 1341 2585 1411 2615; x_wconf 87' lang='lat' dir='ltr'>sius</span> <span class='ocrx_word' id='word_1_599' title='bbox 1434 2583 1730 2617; x_wconf 77' lang='lat' dir='ltr'>commorantibus,</span> <span class='ocrx_word' id='word_1_600' title='bbox 1756 2582 1809 2612; x_wconf 75' lang='lat' dir='ltr'>vel</span> <span class='ocrx_word' id='word_1_601' title='bbox 1831 2590 1946 2611; x_wconf 74' lang='lat' dir='ltr'>eorum</span> <span class='ocrx_word' id='word_1_602' title='bbox 1969 2580 2066 2609; x_wconf 70' lang='lat' dir='ltr'>alicui</span> <span class='ocrx_word' id='word_1_603' title='bbox 2092 2580 2144 2609; x_wconf 70' lang='lat' dir='ltr'>vel</span> <span class='ocrx_word' id='word_1_604' title='bbox 2167 2579 2348 2618; x_wconf 73' lang='lat' dir='ltr'>aliquibus,</span> 
     </span>
     <span class='ocr_line' id='line_1_91' title="bbox 1341 2631 2351 2675; baseline -0.007 -7"><span class='ocrx_word' id='word_1_605' title='bbox 1341 2638 1470 2668; x_wconf 86' lang='lat' dir='ltr'>sublato</span> <span class='ocrx_word' id='word_1_606' title='bbox 1483 2636 1659 2675; x_wconf 86' lang='lat' dir='ltr'>cujuslibet</span> <span class='ocrx_word' id='word_1_607' title='bbox 1674 2634 1844 2665; x_wconf 80' lang='lat' dir='ltr'>obstaculo</span> <span class='ocrx_word' id='word_1_608' title='bbox 1857 2633 2075 2666; x_wconf 59' lang='lat' dir='ltr'>difficultatis,</span> <span class='ocrx_word' id='word_1_609' title='bbox 2090 2633 2239 2669; x_wconf 56' lang='lat' dir='ltr'>assignes</span> <span class='ocrx_word' id='word_1_610' title='bbox 2256 2631 2351 2661; x_wconf 87' lang='lat' dir='ltr'>nobis</span> 
     </span>
     <span class='ocr_line' id='line_1_92' title="bbox 1339 2685 2350 2730; baseline -0.008 -9"><span class='ocrx_word' id='word_1_611' title='bbox 1339 2700 1398 2730; x_wconf 90' lang='lat' dir='ltr'>per</span> <span class='ocrx_word' id='word_1_612' title='bbox 1413 2690 1504 2729; x_wconf 86' lang='lat' dir='ltr'>ipsos</span> <span class='ocrx_word' id='word_1_613' title='bbox 1519 2689 1572 2719; x_wconf 63' lang='lat' dir='ltr'>vel</span> <span class='ocrx_word' id='word_1_614' title='bbox 1587 2689 1639 2718; x_wconf 80' lang='lat' dir='ltr'>cui</span> <span class='ocrx_word' id='word_1_615' title='bbox 1658 2697 1717 2718; x_wconf 89' lang='lat' dir='ltr'>nos</span> <span class='ocrx_word' id='word_1_616' title='bbox 1730 2686 2012 2720; x_wconf 74' lang='lat' dir='ltr'>mandaverimus,</span> <span class='ocrx_word' id='word_1_617' title='bbox 2025 2685 2112 2723; x_wconf 84' lang='lat' dir='ltr'>apud</span> <span class='ocrx_word' id='word_1_618' title='bbox 2130 2685 2241 2714; x_wconf 75' lang='grc'>50-10111</span> <span class='ocrx_word' id='word_1_619' title='bbox 2259 2693 2350 2723; x_wconf 85' lang='lat' dir='ltr'>apos-</span> 
     </span>
     <span class='ocr_line' id='line_1_93' title="bbox 1339 2737 2351 2777; baseline -0.008 -3"><span class='ocrx_word' id='word_1_620' title='bbox 1339 2743 1473 2774; x_wconf 89' lang='lat' dir='ltr'>tolicam</span> <span class='ocrx_word' id='word_1_621' title='bbox 1502 2742 1554 2772; x_wconf 80' lang='lat' dir='ltr'>vel</span> <span class='ocrx_word' id='word_1_622' title='bbox 1582 2741 1662 2771; x_wconf 85' lang='lat' dir='ltr'>alibi</span> <span class='ocrx_word' id='word_1_623' title='bbox 1689 2740 1788 2770; x_wconf 82' lang='lat' dir='ltr'>etiam</span> <span class='ocrx_word' id='word_1_624' title='bbox 1813 2739 1906 2777; x_wconf 69' lang='lat' dir='ltr'>juxta</span> <span class='ocrx_word' id='word_1_625' title='bbox 1932 2739 2080 2767; x_wconf 87' lang='lat' dir='ltr'>nostrum</span> <span class='ocrx_word' id='word_1_626' title='bbox 2107 2737 2351 2775; x_wconf 62' lang='lat' dir='ltr'>beneplacitum</span> 
     </span>
     <span class='ocr_line' id='line_1_94' title="bbox 1339 2789 2351 2828; baseline -0.009 -1"><span class='ocrx_word' id='word_1_627' title='bbox 1339 2795 1572 2827; x_wconf 77' lang='lat' dir='ltr'>exhibendam.</span> <span class='ocrx_word' id='word_1_628' title='bbox 1591 2793 1755 2824; x_wconf 75' lang='lat' dir='ltr'>Volumus</span> <span class='ocrx_word' id='word_1_629' title='bbox 1773 2793 1882 2821; x_wconf 79' lang='lat' dir='ltr'>autem</span> <span class='ocrx_word' id='word_1_630' title='bbox 1901 2792 1935 2820; x_wconf 92' lang='lat' dir='ltr'>ut</span> <span class='ocrx_word' id='word_1_631' title='bbox 1953 2791 1992 2820; x_wconf 87' lang='lat' dir='ltr'>de</span> <span class='ocrx_word' id='word_1_632' title='bbox 2012 2790 2202 2828; x_wconf 65' lang='lat' dir='ltr'>hujusmoli</span> <span class='ocrx_word' id='word_1_633' title='bbox 2220 2789 2351 2828; x_wconf 86' lang='lat' dir='ltr'>quanti-</span> 
     </span>
     <span class='ocr_line' id='line_1_95' title="bbox 1340 2841 2351 2888; baseline -0.009 -8"><span class='ocrx_word' id='word_1_634' title='bbox 1340 2851 1404 2880; x_wconf 90' lang='lat' dir='ltr'>tate</span> <span class='ocrx_word' id='word_1_635' title='bbox 1421 2848 1573 2888; x_wconf 75' lang='lat' dir='ltr'>pecunic.</span> <span class='ocrx_word' id='word_1_636' title='bbox 1591 2854 1689 2885; x_wconf 85' lang='lat' dir='ltr'>quam</span> <span class='ocrx_word' id='word_1_637' title='bbox 1712 2845 1760 2875; x_wconf 89' lang='lat' dir='ltr'>cis</span> <span class='ocrx_word' id='word_1_638' title='bbox 1782 2843 2019 2882; x_wconf 83' lang='lat' dir='ltr'>assignaveris.</span> <span class='ocrx_word' id='word_1_639' title='bbox 2038 2845 2067 2873; x_wconf 87' lang='lat' dir='ltr'>et</span> <span class='ocrx_word' id='word_1_640' title='bbox 2087 2842 2219 2881; x_wconf 72' lang='lat' dir='ltr'>quando</span> <span class='ocrx_word' id='word_1_641' title='bbox 2241 2844 2272 2873; x_wconf 89' lang='lat' dir='ltr'>et</span> <span class='ocrx_word' id='word_1_642' title='bbox 2295 2841 2351 2872; x_wconf 92' lang='lat' dir='ltr'>ubi</span> 
     </span>
     <span class='ocr_line' id='line_1_96' title="bbox 1341 2895 2353 2939; baseline -0.006 -7"><span class='ocrx_word' id='word_1_643' title='bbox 1341 2904 1373 2932; x_wconf 91' lang='lat' dir='ltr'>et</span> <span class='ocrx_word' id='word_1_644' title='bbox 1387 2910 1498 2932; x_wconf 89' lang='lat' dir='ltr'>coram</span> <span class='ocrx_word' id='word_1_645' title='bbox 1513 2900 1634 2939; x_wconf 83' lang='lat' dir='ltr'>quibus</span> <span class='ocrx_word' id='word_1_646' title='bbox 1647 2899 1739 2928; x_wconf 85' lang='lat' dir='ltr'>illam</span> <span class='ocrx_word' id='word_1_647' title='bbox 1756 2897 1804 2927; x_wconf 87' lang='lat' dir='ltr'>eis</span> <span class='ocrx_word' id='word_1_648' title='bbox 1820 2896 2053 2935; x_wconf 81' lang='lat' dir='ltr'>assignandam</span> <span class='ocrx_word' id='word_1_649' title='bbox 2071 2895 2216 2931; x_wconf 80' lang='lat' dir='ltr'>duxeris,</span> <span class='ocrx_word' id='word_1_650' title='bbox 2227 2903 2286 2934; x_wconf 83' lang='lat' dir='ltr'>per</span> <span class='ocrx_word' id='word_1_651' title='bbox 2300 2903 2353 2934; x_wconf 84' lang='lat' dir='ltr'>pa-</span> 
     </span>
     <span class='ocr_line' id='line_1_97' title="bbox 1339 2947 2350 2987; baseline -0.007 -2"><span class='ocrx_word' id='word_1_652' title='bbox 1339 2956 1448 2985; x_wconf 74' lang='lat' dir='ltr'>tentes</span> <span class='ocrx_word' id='word_1_653' title='bbox 1472 2954 1635 2984; x_wconf 84' lang='lat' dir='ltr'>litteras...</span> <span class='ocrx_word' id='word_1_654' title='bbox 1655 2950 1808 2981; x_wconf 71' lang='lat' dir='ltr'>officialis</span> <span class='ocrx_word' id='word_1_655' title='bbox 1826 2949 2029 2979; x_wconf 81' lang='lat' dir='ltr'>Parisicnsis</span> <span class='ocrx_word' id='word_1_656' title='bbox 2048 2948 2099 2979; x_wconf 80' lang='lat' dir='ltr'>vel</span> <span class='ocrx_word' id='word_1_657' title='bbox 2117 2948 2258 2987; x_wconf 69' lang='lat' dir='ltr'>alicujus</span> <span class='ocrx_word' id='word_1_658' title='bbox 2274 2947 2350 2978; x_wconf 81' lang='lat' dir='ltr'>altc-</span> 
     </span>
    </p>
   </div>
  </div>
 </body>
</html>
