2547 3289
271 267 332 296 302

272 349 377 384 vasis,
404 348 535 377 sublata
559 346 708 385 qualibet
735 355 827 375 mora
853 347 883 375 ct
913 345 1122 379 disticultate,
1150 343 1280 373 recede-

274 404 358 437 rent,
377 402 579 439 eosdemque
601 400 799 437 principem⁷
820 399 985 428 vassallos
1003 400 1034 428 et
1054 398 1170 428 tidelcs
1193 397 1280 435 ipso-

273 463 415 493 rumque
445 456 550 483 terras
575 455 605 482 et
630 452 771 487 insulas,
796 454 825 481 et
850 452 1028 490 presertim
1059 451 1199 481 eandem
1224 451 1283 480 Ni-

273 508 523 547 gripontensem
543 505 686 535 insulam
707 514 771 534 non
791 504 1009 540 offenderent,
1031 513 1099 539 nec,
1119 505 1281 542 ‹piantum

273 561 308 591 in
334 560 382 589 eis
407 560 500 593 soret,
528 559 722 596 paterentur
740 557 874 593 offendi,
896 557 1098 595 nullumque
1119 557 1182 594 ipsi
1202 556 1284 585 scis-

274 613 395 643 matico
419 611 531 641 suisve
550 610 696 640 subditis
719 611 750 640 et
772 609 996 640 bellatoribus
1016 611 1047 639 et
1071 609 1172 639 etiam
1189 618 1284 647 guar-

272 665 445 699 minentis,
470 664 556 693 sicut
579 663 665 693 alias
696 663 853 696 fecerant.
884 663 924 692 ad
953 663 1089 692 easdem
1120 664 1229 692 terras
1252 663 1283 691 et
1314 680 1315 690 i

273 718 404 747 insulas
419 716 595 755 preberent
612 716 793 746 transitum
810 716 862 745 vel
877 715 1090 745 conductum.
1108 715 1176 753 Ipsi
1194 724 1282 750 vero,
1314 744 1315 747 ,

271 769 464 808 hujusmodi
486 769 610 798 nostris
636 768 780 806 receptis
805 768 930 798 litteris
953 769 984 798 et
1003 767 1174 806 perlectis,
1192 767 1283 797 audi-

272 823 323 857 tis
337 823 438 852 etiam
459 822 596 851 monitis
619 830 682 860 que
703 821 907 851 venerabilis
924 821 1027 851 frater
1048 822 1162 851 noster
1181 845 1208 850 ..
1231 830 1284 850 ar-

271 875 507 914 chiepiscopus
529 875 744 908 'rm-ritanus,
766 875 807 904 ad
828 883 885 904 eos
902 876 1041 913 propter
1057 874 1117 903 hoc
1137 873 1283 903 destina-

270 930 326 959 tus
351 938 368 958 a
393 928 501 963 nobis,
535 937 651 958 eorum
687 936 788 966 super
819 927 879 957 boc
902 927 1040 957 auribus
1073 927 1284 965 frequentius
1314 950 1315 959 ,

270 981 464 1015 inculcavit,
489 981 567 1011 licet
590 980 702 1011 verbis
723 990 789 1010 non
809 980 1020 1011 ostenderint
1043 989 1077 1009 se
1104 981 1232 1009 nostris
1249 979 1283 1009 in
1314 1015 1315 1019 Ἰ

270 1035 331 1065 hac
352 1035 446 1073 parte
468 1034 633 1072 preceptis
655 1036 685 1063 et
714 1033 855 1072 predicti
878 1033 1122 1071 archiepiscopi
1145 1033 1283 1063 monitis

270 1089 453 1127 parituros,
476 1087 570 1117 tat-tis
589 1089 699 1117 tamen
723 1087 948 1124 postmodum,
973 1088 1145 1125 tamquam
1173 1086 1223 1115 illi
1250 1086 1282 1115 in

269 1150 413 1181 quorum
432 1140 600 1170 mentibus
616 1140 755 1170 ecclesie
772 1140 923 1170 Romane
944 1140 1134 1169 reverentia
1150 1141 1283 1169 natura-

268 1195 347 1225 liter
368 1196 417 1224 est
438 1194 614 1232 impressa,
639 1196 802 1232 (plantum
828 1193 867 1223 ad
895 1192 1068 1231 galearum
1094 1195 1125 1222 ct
1145 1193 1282 1222 narium

269 1247 529 1281 revocationem,
564 1246 753 1276 evidentius
791 1246 1021 1281 ostenderunt,
1063 1254 1138 1275 cum
1165 1253 1281 1275 omnes

269 1300 384 1340 galeas
411 1302 442 1330 et
471 1308 572 1329 naves
598 1299 761 1337 ipsorum,
790 1308 855 1338 que
883 1299 914 1328 in
945 1299 1085 1337 predicti
1111 1298 1281 1337 tyrampni
1314 1308 1315 1316 ¹

270 1353 421 1384 servitiis
437 1352 666 1387 morafflntur,
684 1353 725 1382 ad
739 1352 904 1390 prefatam
919 1352 1089 1382 civitatem
1107 1360 1283 1381 revocasse
1313 1370 1314 1375 ,

269 1406 433 1436 dicantur.
455 1406 563 1443 Super
582 1414 647 1443 quo
663 1413 720 1434 eos
735 1413 922 1443 eorumque
949 1404 1150 1434 industriam
1173 1406 1204 1433 et
1225 1404 1283 1433 cir·
1314 1425 1315 1428 η

269 1458 554 1496 cumspectionem
566 1457 679 1495 ‹ilgnis
690 1458 722 1486 in
734 1458 878 1487 Domino
894 1457 1052 1486 laudibus
1065 1457 1283 1487 attollendam

269 1512 340 1542 fore
368 1511 579 1541 decrevimus
607 1512 639 1540 et
670 1510 845 1547 condignis
877 1510 1063 1548 gratiarum
1094 1509 1283 1540 actionibus

269 1564 552 1604 prosequendam.
584 1564 723 1599 Verum,
754 1563 832 1601 quia
859 1572 899 1593 ex
932 1566 1026 1601 parte
1044 1587 1049 1591 .
1067 1588 1071 1593 .
1091 1563 1281 1601 potestatis,

269 1617 404 1648 consilii
419 1619 451 1647 et
468 1617 657 1646 communis
674 1616 901 1655 predictorum
918 1616 981 1646 fuit
998 1616 1094 1647 nobis
1109 1616 1284 1647 humiliter

270 1670 497 1708 supplicatum
521 1671 567 1705 ut,
593 1678 668 1699 cum
687 1669 751 1707 ipsi
769 1669 927 1699 mandata
946 1669 1142 1708 apostolica,
1162 1677 1226 1707 quo
1243 1668 1283 1698 ad

270 1723 517 1753 revocationem
526 1723 674 1758 navium,
684 1723 856 1761 galearum
866 1723 896 1752 et
906 1731 1064 1752 vasorum
1076 1721 1281 1761 hujusmodi,

271 1777 430 1807 duxerint
455 1776 634 1806 efficaciter
660 1776 925 1814 adimplendum,
955 1776 1156 1806 sententiam
1184 1775 1283 1805 inter-

270 1829 351 1859 dicti
368 1829 400 1858 in
416 1829 600 1867 predictam
613 1828 795 1865 civitatem,
809 1829 983 1858 occasione
999 1828 1125 1858 favoris
1140 1827 1283 1858 exhibiti

271 1890 331 1921 per
351 1890 408 1911 eos
431 1881 623 1911 scismatico
649 1881 855 1919 supradicto,
879 1881 1065 1919 apostolica
1084 1881 1284 1911 auctoritate

272 1935 451 1974 prolatam,
477 1934 629 1963 relaxare
656 1934 695 1963 de
715 1933 923 1971 benignitate
950 1934 1051 1963 solita
1077 1943 1284 1970 curaremus,

274 1996 347 2022 nos,
377 1987 548 2025 cupientes
570 1987 663 2025 ipsos
681 1987 721 2016 ad
746 1988 919 2025 antiquam
945 1987 1054 2025 Ipsius
1075 1987 1165 2017 sedis
1189 1987 1286 2017 devo-

272 2040 397 2070 tioncm
418 2040 567 2069 totaliter
595 2040 754 2074 revocari,
780 2040 982 2069 fraternitati
1011 2042 1064 2069 tue
1086 2040 1286 2069 mandamus

274 2093 435 2132 quatinus
463 2093 570 2122 dictos
594 2094 806 2130 potestatem,
837 2093 1017 2122 consilium
1050 2094 1079 2122 ct
1109 2101 1286 2122 commune

274 2146 419 2176 sollicito
447 2146 599 2184 exparte
629 2147 744 2175 nostra
773 2145 938 2184 requiras,
958 2145 1075 2184 eisque
1101 2146 1285 2184 apostolica
1314 2165 1315 2187 1

275 2199 473 2229 auctoritate
503 2198 656 2228 districte
678 2199 858 2237 precipias,
887 2200 921 2228 ut
946 2201 1167 2228 memoratum
1193 2199 1284 2237 prin-
1314 2189 1315 2199 ¹

275 2252 383 2291 cipem
405 2252 543 2290 ejusque
564 2251 729 2281 vassallos
753 2253 783 2281 et
807 2251 933 2285 fideles,
959 2252 1110 2290 ipsorum
1127 2254 1234 2281 terras
1254 2253 1285 2282 et
1315 2264 1316 2267 ¹

275 2305 418 2340 insulas,
443 2306 474 2334 et
502 2304 679 2342 presertim
704 2305 888 2342 predictam
915 2304 1214 2343 Nigripontensem
1238 2305 1285 2334 in-
1315 2332 1316 2338 ,

275 2358 397 2393 sulam,
428 2366 493 2387 non
526 2357 695 2388 offendant
725 2367 784 2387 nec
812 2357 946 2393 offendi,
980 2359 1143 2396 quantum
1177 2358 1209 2387 in
1236 2358 1285 2388 eis

275 2410 388 2443 fuerit.
414 2410 596 2448 patiantur,
617 2410 816 2449 nullumque
842 2411 930 2441 dicto
956 2411 1149 2441 scismatico
1171 2412 1285 2441 suisve

275 2462 422 2493 subditis
447 2463 668 2494 bellatoribus
694 2465 724 2494 et
756 2464 859 2494 etiam
884 2464 1131 2503 guarnimentis
1154 2465 1193 2494 ad
1213 2473 1285 2495 eas-

275 2516 351 2546 dem
368 2518 476 2546 terras
493 2518 524 2546 et
542 2517 673 2547 insulas
692 2517 873 2548 transitum
892 2517 1054 2556 prebeant
1073 2517 1124 2548 vel
1144 2517 1284 2548 conduc-

273 2570 358 2604 tum,
389 2570 487 2608 prout
519 2570 677 2608 superius
702 2571 753 2600 est
781 2579 993 2609 expressum.
1021 2571 1116 2606 Quod
1147 2571 1175 2600 si
1204 2571 1284 2601 dicti

273 2622 436 2661 potestas,
466 2622 646 2653 consilium
672 2624 704 2653 et
727 2631 903 2654 commune
933 2623 1093 2663 requisiti
1118 2633 1137 2655 a
1158 2625 1201 2659 te,
1224 2623 1285 2655 hoc

273 2673 444 2706 voluerint
463 2675 643 2706 efficaciter
664 2676 861 2715 adimplere,
885 2678 917 2707 et
940 2685 1000 2716 pro
1021 2677 1088 2707 hiis
1110 2677 1197 2707 bona
1221 2676 1284 2708 fide

273 2728 457 2767 implendis
486 2730 516 2759 et
543 2729 775 2765 observandis,
800 2738 836 2760 se
864 2739 975 2760 coram
1005 2732 1036 2761 te
1063 2731 1284 2762 astrinxerint

271 2781 474 2820 juramento,
493 2784 524 2812 et
547 2782 770 2822 obligaverint
786 2791 821 2813 se
840 2783 901 2813 tibi
920 2783 1094 2822 recipienti
1118 2784 1190 2814 vice
1209 2793 1284 2815 nos-

273 2833 338 2868 tra,
359 2833 421 2863 sub
444 2834 586 2873 ydoneis
610 2835 641 2865 et
667 2834 915 2865 sufficientibus
942 2835 1148 2874 pecuniariis
1173 2837 1281 2875 penis,

273 2886 314 2934 de
332 2886 456 2925 quibus
473 2887 599 2917 videris
621 2888 792 2927 expedire,
809 2897 846 2918 ac
864 2896 899 2918 se
918 2890 950 2919 et
973 2888 1145 2920 civitatem
1165 2898 1282 2920 eorum

272 2939 370 2978 penis
387 2939 589 2978 privationis
609 2939 907 2980 archiepiscopalis
928 2941 1103 2980 dignitatis
1120 2951 1157 2973 ac
1178 2942 1281 2982 privi-

1030 261 1271 292 liifflits'rsssss
1293 260 1506 291 D'L'RssAlN
1533 260 1588 290 IV.

1344 343 1509 381 legiorum
1525 351 1762 373 concessorum
1773 343 1822 372 eis
1837 352 1855 372 a
1868 343 1946 372 sede
1961 343 2122 380 predicta,
2134 344 2353 383 omniumque

1343 395 1507 426 bonorum
1533 404 1671 425 suorum
1701 397 1820 434 sponte
1853 395 2070 434 subjecerint,
2097 397 2145 432 tu²
2176 399 2354 435 postquam

1345 449 1409 487 ipsi
1442 449 1636 487 hujusmodi
1659 448 1890 486 juramentum
1923 450 1955 478 et
1985 448 2227 487 obligationem
2256 449 2354 487 plene

1344 501 1565 541 prestiterint,
1586 510 1689 540 seque
1705 501 1899 540 hujusmodi
1917 501 2099 540 privationi
2119 501 2352 537 submiserint,

1345 557 1375 585 et
1401 555 1552 584 confecta
1580 554 1705 584 fuerint
1733 562 1835 593 super
1859 554 1926 584 hiis
1951 554 2087 592 publica
2115 555 2355 590 instrumenta,

1345 607 1547 637 sententiam
1561 607 1730 637 interdicti
1744 607 1776 636 in
1788 607 1972 644 predictam
1985 607 2168 643 civitatem,
2183 607 2356 637 occasione

1346 660 1472 690 favoris
1489 659 1630 690 exhibiti
1658 668 1717 698 per
1739 668 1796 689 eos
1818 659 2011 690 scismatico
2035 659 2241 698 supradicto,
2269 660 2356 690 dicte

1345 714 1436 744 sedis
1457 713 1654 743 auctoritate
1674 713 1850 752 prolatam,
1877 712 2011 742 sublata
2033 712 2182 751 qualibet
2211 713 2358 743 disticul-

1344 768 1423 801 tate,
1446 767 1588 801 relaxes,
1607 768 1637 796 et
1654 765 1895 796 nichilominus
1912 767 2006 804 ipsos
2024 766 2223 796 auctoritate
2241 768 2358 796 nostra

1346 819 1544 858 diligentius
1565 827 1702 849 moneas
1725 821 1756 849 et
1784 819 1924 848 inducas
1949 820 1996 852 ut,
2023 819 2110 848 infra
2137 827 2197 848 sex
2223 826 2358 848 menses

1314 875 1315 878 ’
1345 875 1419 912 post
1448 873 1641 912 hujusmodi
1666 872 1887 902 monitionem
1912 874 2015 908 tuam,
2045 882 2063 901 a
2081 871 2359 910 :confederatione

1345 926 1466 965 prefati
1489 926 1671 956 scismatici
1692 925 1826 955 omnino
1845 925 2012 961 recedant,
2033 934 2069 955 ac
2085 924 2275 955 dissolvant
2290 933 2360 955 om-

1344 988 1404 1009 nes
1422 979 1672 1014 conventiones,
1688 979 1871 1016 pactiones,
1891 978 2147 1016 promissiones,
2166 978 2358 1013 societates,

1345 1034 1375 1063 et
1394 1032 1628 1071 colligationes
1655 1040 1730 1061 cum
1747 1040 1785 1061 eo
1813 1031 1926 1065 initas,
1947 1031 2049 1061 etiam
2075 1032 2102 1061 si
2128 1031 2251 1061 suerint
2271 1031 2360 1069 jura-

1344 1087 1457 1116 mento
1472 1085 1607 1120 vallate,
1623 1094 1640 1114 a
1657 1094 1722 1123 quo
1739 1085 1855 1123 utique
1869 1084 2074 1121 juramento²
2087 1093 2162 1114 cum
2178 1084 2221 1114 sit
2237 1083 2359 1123 iniqui-

1314 1141 1316 1159 ¹=
1343 1139 1424 1170 tatis
1443 1138 1628 1174 vinculum,
1648 1138 1835 1176 apostolica
1852 1146 1909 1167 eos
1933 1137 2132 1167 auctoritate
2148 1137 2359 1167 absolvimus

1315 1206 1316 1212 ι
1344 1194 1376 1222 et
1395 1191 1608 1222 decernimus
1627 1191 1812 1221 absolutos.
1826 1191 1954 1220 Taliter
1972 1190 2074 1227 igitur
2092 1190 2288 1220 mandatum
2307 1198 2361 1220 su-

1315 1266 1316 1271 ,
1344 1254 1404 1284 per
1419 1245 1479 1274 hoc
1498 1244 1725 1282 apostolicum
1739 1252 1812 1273 cum
1824 1243 1916 1273 ‹nnni
1929 1243 2105 1282 diligentia
2119 1243 2311 1281 exequaris,
2324 1244 2360 1273 ut

1346 1298 1457 1336 possis
1467 1307 1484 1327 a
1498 1297 1595 1327 nobis
1608 1297 1647 1326 de
1661 1297 1731 1326 zelo
1743 1298 1897 1335 prompte
1908 1295 2099 1326 obedientie
2112 1305 2177 1325 non
2188 1296 2358 1326 immerito

1344 1350 1584 1380 commendari.
1612 1350 1737 1380 Datum
1770 1349 1858 1388 apud
1897 1349 2185 1385 L'rbemveterem,
2216 1359 2248 1378 ιιι
2280 1349 2357 1379 idus

1346 1403 1518 1438 seimuarti,
1539 1412 1625 1433 anno
1644 1403 1718 1433 111⁰.
1740 1413 1754 1431 n

1434 1560 1505 1591 757
1893 1557 2017 1587 Orvieto,
2033 1557 2067 1583 29
2087 1556 2192 1583 t'evrier
2209 1556 2285 1583 1264.

1380 1639 1591 1667 Iidebrandino,
1605 1638 1705 1665 comiti
1723 1638 1840 1664 Tusciae
1857 1637 1997 1672 palatino,
2013 1637 2131 1663 mandat
2151 1638 2181 1663 ut
2200 1636 2262 1671 capi
2277 1639 2305 1663 ct
2322 1637 2358 1664 ad

1314 1711 1315 1716 ,
1344 1696 1448 1722 papam
1470 1687 1629 1714 transmitti
1650 1686 1735 1713 saciat
1759 1687 1897 1713 Jacobum
1917 1689 1943 1712 et
1969 1686 2147 1712 'sanci-edum
2169 1685 2203 1712 de
2219 1685 2358 1717 Bismtio,

1343 1737 1489 1763 Guiscardi
1505 1738 1539 1763 de
1556 1736 1753 1767 l’etramncta,
1772 1735 1892 1762 rectoris
1912 1734 2094 1765 Patrimonii,
2111 1734 2263 1761 occisores.
2279 1734 2358 1767 (Rea.

1344 1786 1388 1819 28,
1407 1786 1454 1813 sol.
1476 1786 1507 1812 ol
1525 1790 1563 1817 r⁰‚
1584 1794 1643 1813 cnr.
1659 1794 1727 1812 ann.
1746 1785 1793 1815 111,
1814 1790 1843 1810 11⁰
1857 1785 1913 1817 43.)

1385 1889 1400 1908 c
1422 1877 1527 1908 Nobili
1545 1880 1610 1909 viro
1624 1878 1854 1914 llclcbrandino,
1873 1878 1976 1907 comici
1998 1877 2101 1907 Tuscie
2115 1877 2264 1918 palatino.
2279 1876 2359 1911 Fili,

1346 1933 1432 1964 scire
1449 1936 1479 1964 te
1498 1932 1667 1963 credimus
1687 1932 1833 1972 qualiter
1852 1931 1901 1961 illi
1916 1931 1980 1961 viri
1996 1931 2199 1970 sanguinum
2212 1930 2361 1962 Jacobus

1346 1988 1377 2017 et
1406 1986 1598 2017 Tancredus
1629 1988 1659 2016 et
1692 1985 1862 2024 quondam
1893 1985 2067 2020 Nicotaus,
2092 1985 2161 2015 nati
2189 1984 2359 2023 quondam

1345 2039 1457 2070 Guicti
1473 2039 1513 2069 de
1536 2039 1698 2074 Bisentio,
1719 2038 1892 2068 manifesti
1916 2039 2066 2068 Romane
2083 2037 2224 2068 ecclesie
2247 2037 2361 2076 prodi-

1346 2094 1447 2128 tores,
1468 2092 1653 2131 postposito
1674 2091 1847 2121 fidelitatis
1860 2090 1982 2126 debito,
2001 2100 2066 2130 qno
2085 2091 2182 2121 nobis
2200 2093 2231 2121 et
2248 2091 2360 2121 eidem

1346 2145 1546 2176 tenebantur
1556 2145 1708 2180 ecclesie,
1722 2145 1849 2174 crimen
1860 2144 1929 2174 lese
1944 2144 2134 2183 majestatis
2147 2144 2358 2175 committere

1346 2208 1412 2229 non
1426 2201 1593 2234 verentes,
1606 2199 1639 2228 in
1655 2198 1825 2236 quondam
1838 2197 2064 2227 (misem-dum
2076 2197 2115 2227 de
2128 2198 2358 2234 Petrasancta,

1347 2254 1510 2282 rectorem
1530 2251 1729 2281 Patrimonii
1755 2251 1845 2280 beati
1862 2251 1953 2280 Petri
1977 2251 2010 2280 in
2033 2250 2168 2286 Tuscia,
2191 2259 2266 2280 cuni
2286 2250 2358 2289 qui-

1347 2305 1487 2335 busdam
1512 2305 1584 2334 suis
1610 2303 1818 2333 satellitibus
1846 2303 2013 2333 hostiliter
2041 2303 2212 2333 irruerunt
2245 2305 2277 2333 et
2310 2303 2358 2342 ip-

1346 2367 1421 2388 sum
1440 2358 1524 2388 diris
1542 2357 1738 2387 lacessitum
1760 2356 1907 2395 injuriis,
1930 2356 2073 2386 effosum
2094 2356 2218 2395 gladiis
2236 2357 2269 2387 et
2291 2355 2361 2386 lan-

1345 2412 1413 2442 ceis
1444 2410 1646 2449 impetitum,
1677 2409 1904 2439 inhumaniter
1930 2410 2143 2447 prostrantes
2165 2409 2359 2446 interram,

1345 2466 1446 2495 exuta
1469 2472 1609 2503 prorsus
1634 2462 1855 2493 humanitatis
1882 2462 2154 2498 mansuetudine,
2179 2479 2218 2484 —
2245 2462 2361 2493 crude-

1346 2519 1423 2549 liter
1437 2517 1659 2551 trucidarunt,
1680 2525 1745 2546 non
1763 2515 1836 2554 ejus
1854 2516 1981 2554 generi,
1998 2524 2064 2545 non
2082 2515 2276 2552 virtutibus,
2293 2523 2360 2546 non

1346 2571 1477 2601 meritis
1502 2579 1609 2609 neque
1629 2569 1765 2608 proprio
1789 2569 1925 2599 domino
1952 2568 2145 2599 deferendo.
2171 2569 2241 2599 Nec
2266 2568 2361 2608 igno-

1345 2633 1416 2660 ras,
1448 2623 1594 2662 qualiter
1626 2622 1729 2653 iidem
1759 2622 1967 2661 proditores,
1999 2621 2066 2651 hiis
2099 2630 2165 2652 non
2197 2621 2357 2658 contenti,

1345 2678 1426 2709 dum
1448 2676 1540 2708 idem
1558 2675 1768 2707 Guiscardus
1788 2675 1916 2714 jaceret
1933 2674 1970 2705 in
1985 2675 2087 2711 terra,
2106 2674 2217 2714 plagis
2241 2682 2360 2714 super-

1346 2730 1528 2769 impositis,
1553 2728 1751 2766 semivivu's,
1773 2730 1883 2766 ipsum
1903 2727 2093 2766 reaggressi
2117 2728 2197 2758 sunt
2221 2726 2358 2762 iterum,

1345 2786 1377 2815 et
1397 2785 1494 2822 caput
1521 2792 1539 2813 a
1566 2790 1716 2821 corpore,
1740 2783 1775 2812 ut
1798 2789 1858 2811 sue
1887 2780 2023 2820 plenius
2046 2780 2197 2820 nequitie
2225 2780 2361 2811 satisfa-

1314 2827 1315 2838 ’
1344 2839 1468 2873 cei-ent,
1501 2835 1729 2872 abscidentes,
1763 2834 1867 2865 etiam
1900 2833 2001 2864 tertio
2033 2833 2066 2863 in
2095 2842 2173 2864 eum
2204 2832 2358 2864 insiliere

1339 2890 1409 2929 jam
1433 2891 1616 2925 mortuum,
1639 2890 1670 2919 et
1698 2896 1820 2926 corpus
1846 2886 2002 2917 exanime
2024 2886 2174 2916 cruentis
2199 2885 2359 2917 manibus

1342 2943 1521 2979 laniantes,
1543 2941 1679 2973 bestiali
1705 2940 1849 2975 feritate,
1872 2948 1928 2970 cor
1954 2948 1972 2969 a
1994 2947 2134 2978 corpore
2152 2941 2182 2970 et
2204 2939 2358 2979 linguam
