2547 3289
257 293 316 322 322

257 374 382 403 tionem
403 372 556 405 celest—111,
576 371 634 400 sed
657 369 806 407 prolixas
825 370 852 397 et
875 366 1111 404 dispendiosas
1129 364 1260 393 dilatio-

258 435 317 456 nes
333 425 444 464 potius
459 424 603 453 indicere
619 422 739 460 prefati
759 422 994 459 procuratores
1017 417 1263 456 conspicientes

258 481 287 509 et
302 479 410 516 ipsum
428 475 669 506 monasterium
685 483 726 503 ex
745 474 804 503 bot·
821 472 993 502 nonnullis
1007 469 1263 500 discriminibus

258 531 441 567 subjacere,
458 530 488 558 ct
509 528 720 558 intendentes
739 527 889 565 ejusdem
910 524 1120 559 monasterii,
1137 523 1189 553 cui
1210 523 1264 552 de·
1294 522 1295 555 Ῐ

257 586 332 614 voto
350 581 639 620 compatiebamini·
660 581 791 613 atl'ectu,
809 580 914 609 vitare
932 577 1119 616 dispendia,
1138 578 1265 606 nostro-

257 645 319 675 que
339 645 372 665 se
390 635 529 664 arbitrio
546 635 784 672 supponentes,
805 640 902 662 omne
915 631 970 669 jus
985 630 1103 669 siquod
1124 629 1264 668 pretatis

255 688 504 725 elemosinario,
526 687 630 726 priori
657 689 688 716 et
713 685 947 724 camberlengo
975 693 1015 714 ex
1042 681 1265 713 electionibus

255 745 287 773 et
299 742 490 781 provisione
504 740 694 777 hujusmodi
709 738 930 777 competebat,
947 738 1052 767 libere
1067 745 1103 766 ac
1116 736 1264 766 totaliter

255 796 288 825 in
308 795 432 825 nostris
459 794 615 824 manibus
643 793 836 831 posuerunt.
858 792 928 821 Nos
946 791 1057 820 autem
1083 789 1122 819 de
1142 788 1263 827 prefati

256 848 452 879 monasterii
470 855 631 886 prospero
648 847 737 875 statu
758 847 785 875 et
810 845 885 875 utili
903 843 1095 882 provisione
1112 841 1262 877 solliciti,

254 909 295 932 ne
312 901 488 939 dispendia
506 898 702 938 prolixioris
723 897 908 927 vacationis
929 897 1089 929 incurrat,
1110 903 1184 925 cum
1203 894 1264 924 fra-

254 954 364 984 tribus
377 953 502 983 nostris
516 951 759 982 deliberatione
772 949 955 989 prehabita‚
974 949 1041 988 ipsi
1058 947 1264 978 monasterio

255 1007 294 1037 de
320 1015 465 1045 persona
484 1006 613 1045 ydonea
632 1013 690 1044 per
714 1004 897 1043 apostolice
921 1001 1095 1041 diligentie
1113 1000 1264 1031 studium

255 1060 466 1090 decrevimus
484 1058 740 1097 providendum.
766 1056 986 1087 Attendentes
1007 1055 1120 1094 itaque
1140 1054 1264 1084 famam

254 1112 471 1149 laudabilem,
490 1111 665 1151 probatam
685 1110 883 1149 religionem
899 1111 930 1139 et
947 1108 1031 1139 alias
1052 1108 1087 1138 in
1106 1106 1266 1137 adminis-

254 1167 399 1197 tratione
418 1166 591 1205 expertam
606 1166 661 1195 tue
677 1163 867 1194 devotionis
881 1162 1096 1196 industriam,
1114 1161 1153 1190 de
1170 1159 1265 1198 cujus
1295 1191 1296 1194 Ἰ

254 1220 387 1251 meritis
406 1228 466 1249 nos
492 1220 524 1249 et
550 1218 672 1248 fratres
694 1217 830 1247 eosdem
852 1214 1062 1254 experientia
1083 1213 1265 1244 familiaris

255 1273 430 1309 instruxit,
462 1271 502 1302 ad
524 1279 703 1310 personam
726 1271 819 1300 tuam
852 1269 999 1299 mentem
1020 1268 1171 1298 nostram
1192 1274 1266 1296 con-

255 1326 431 1358 vertimus,
451 1326 482 1354 et
504 1323 643 1363 provida
663 1322 881 1353 meditatione
900 1322 1091 1360 pensantes,
1112 1318 1198 1357 quod
1217 1318 1265 1348 sic

257 1388 328 1410 eam
348 1386 494 1418 superna
511 1376 687 1407 clementia
705 1376 790 1405 dono
809 1375 959 1407 scientie,
978 1373 1172 1404 maturitate
1190 1380 1264 1401 ‹ron-

257 1432 327 1462 silii
356 1431 541 1469 multisque
564 1429 748 1460 virtutibus
766 1427 953 1467 insignivit,
972 1427 1059 1466 quod
1078 1434 1135 1464 per
1155 1425 1264 1463 ipsam

256 1485 382 1515 dictum
406 1483 649 1514 monasterium
668 1482 791 1521 poterit
816 1480 997 1510 salubriter
1017 1477 1209 1518 gubernari,
1234 1480 1264 1508 te

257 1547 275 1568 a
291 1537 425 1567 vinculo
442 1545 507 1575 quo
526 1535 696 1566 tenebaris
718 1533 923 1564 monasterio
934 1531 1123 1568 Lesatensi,
1136 1531 1266 1561 ordinis

257 1590 363 1621 sancti
387 1589 571 1624 Benedicti,
601 1589 696 1626 cuius
721 1587 877 1627 regimini
902 1585 1110 1625 presidebas,
1129 1585 1266 1624 penitus
1296 1610 1297 1613 ,

1296 1638 1297 1644 ’
1327 1634 1376 1664 sie
1393 1633 1581 1669 Pactensis,
1602 1634 1759 1672 recipias,
1778 1633 1918 1672 ipsaque
1948 1632 2065 1662 tandiu
2091 1633 2219 1666 teneas,
2235 1631 2339 1661 donec

257 1643 423 1677 absoluto,
452 1643 490 1672 ad
514 1641 681 1681 prefatum
711 1640 954 1671 monasterium
974 1638 1081 1669 sancti
1102 1637 1266 1668 Johannis

257 1696 512 1735 Angeliacensis
530 1695 714 1734 apostolica
733 1695 765 1723 te
788 1692 985 1723 auctoritate
1012 1690 1264 1727 transferimus,

257 1752 288 1781 et
313 1749 379 1789 ipsi
406 1748 611 1780 monasterio
638 1748 677 1777 de
703 1747 931 1786 predictorum
955 1744 1098 1775 consilio
1122 1744 1266 1774 fratrum

258 1810 294 1832 ac
309 1802 422 1832 nostre
439 1800 648 1840 plenitudine
668 1799 857 1838 potestatis,
883 1800 913 1829 te
932 1798 966 1828 in
984 1797 1138 1828 abbatem
1159 1796 1264 1836 prefe-

258 1855 366 1886 cimus
379 1856 410 1885 et
427 1855 608 1893 pastorem,
624 1854 801 1892 sperantes
816 1870 863 1880 —.
882 1852 1007 1882 Datum
1021 1850 1108 1889 apud
1128 1850 1266 1880 Urbem-

258 1911 416 1944 veterem,
437 1916 495 1937 vm
514 1907 590 1937 idus
605 1906 694 1945 julii,
713 1915 798 1935 anno
816 1905 927 1936 tertio.
947 1917 961 1932 n

298 2018 335 2048 In
368 2017 509 2047 eundem
549 2016 685 2046 modum
720 2015 897 2045 conventui
930 2014 1128 2044 monasterii
1161 2015 1267 2044 sancti

257 2070 420 2102 ,Iohannis
435 2069 700 2105 Angeliacensis,
713 2067 840 2097 ordinis
859 2067 962 2097 sancti
979 2066 1162 2097 Benedicti.
1178 2067 1267 2096 Xan-

257 2122 409 2154 tonensis
430 2122 585 2152 diocesis.

299 2175 336 2205 In
361 2175 504 2205 eundem
533 2174 666 2204 modum
695 2173 864 2203 univorsis
887 2172 1045 2202 vassallis
1070 2172 1266 2202 monasterii

260 2228 367 2258 sancti
392 2227 554 2257 Joliannis
580 2226 848 2264 Angeliacensis,
869 2225 998 2255 ordinis
1029 2225 1134 2254 sancti
1164 2226 1267 2255 Bene-

260 2280 352 2317 dicti,
368 2280 597 2310 Xantonensis
616 2279 772 2309 diocesis.

347 2467 418 2498 675
826 2463 951 2495 Orvieto,
971 2465 986 2490 ὃ
1002 2463 1098 2500 Juillet
1118 2463 1194 2490 izo-t.

290 2549 427 2576 l’otestati
452 2549 569 2575 lteatiim
589 2549 707 2575 mandat
725 2550 753 2574 ut
775 2548 872 2574 omnia
898 2548 980 2579 bona,
998 2555 1069 2582 quae
1087 2547 1114 2574 in
1133 2547 1266 2574 districtu

254 2597 373 2625 Reatino
391 2598 550 2624 Boncontus
568 2598 600 2624 de
617 2596 774 2623 Petulantia
788 2597 927 2631 possidet,
940 2597 973 2623 ad
991 2604 1093 2623 manus
1112 2604 1177 2622 suas
1195 2596 1264 2624 reci-

253 2645 323 2680 piat.
343 2646 420 2679 (lieu.
442 2646 485 2677 28,
508 2645 555 2672 sol.
575 2647 618 2675 71,
637 2653 703 2671 ann.
723 2645 766 2676 111,
786 2649 816 2671 n‘·
834 2645 909 2679 277.)

293 2759 307 2777 «
329 2747 431 2777 Nobili
445 2748 510 2776 viro
530 2772 534 2776 .
552 2770 557 2776 .
575 2747 719 2786 potestati
740 2746 876 2775 [teatino.
896 2746 946 2776 Ad
963 2746 1170 2776 audientiam
1189 2755 1263 2777 nos-

252 2803 337 2832 tram
356 2801 490 2830 noveris
507 2800 700 2838 pervenisse
712 2799 798 2837 quod
813 2800 1002 2829 Boncontus
1015 2799 1055 2829 de
1066 2800 1260 2837 Peudeutffl,

251 2907 326 2937 dam
355 2905 537 2944 principem
568 2905 802 2940 1[111-0011111110,
829 2907 1078 2943 persecutorem
1114 2906 1263 2936 Romane

250 2959 390 2989 ecclesie
421 2958 649 2988 manifestum.
683 2968 718 2987 se
749 2958 939 2995 procuravit
968 2958 1105 2993 intrudi,
1136 2958 1262 2989 detinet

1015 284 1256 314 tzsst‘jlsflffis
1279 283 1492 313 D’URBAIN
1518 283 1574 312 IV.

1324 365 1531 402 occupatam,
1553 363 1587 392 in
1602 363 1713 392 anime
1739 370 1798 392 sue
1825 361 2025 400 periculum.
2043 369 2142 400 grave
2161 361 2332 392 venerabi-

1324 416 1366 446 lis
1396 417 1511 446 fratris
1532 416 1637 446 nostri
1659 439 1664 444 .
1685 440 1690 446 .
1718 414 1895 444 Pactensis
1915 414 2076 452 episcopi,
2099 413 2332 452 prejudicium,

1325 472 1354 499 et
1384 469 1492 507 ipsius
1510 469 1660 499 Romane
1690 468 1832 498 ecclesie
1857 467 2015 505 injuriam
2036 469 2067 496 et
2093 468 2333 505 contemptum,

1325 531 1463 561 magnas
1481 523 1512 551 et
1530 521 1660 560 amplas
1679 520 1915 558 possessiones
1934 520 1966 549 in
1986 520 2170 549 tenimento
2188 519 2336 549 civitatis

1325 575 1466 605 Reatine
1477 583 1513 604 ac
1523 574 1596 612 ejus
1605 573 1764 603 districtu
1779 573 1861 603 emit
1875 573 1914 602 de
1929 571 2149 611 proventibus
2161 571 2337 602 Pactensis

1325 627 1465 657 ecclesie
1484 627 1688 665 supradicte,
1715 635 1752 656 ac
1772 626 1811 655 ad
1831 626 2002 656 civitatem
2021 625 2161 655 eandem
2181 624 2337 663 frequen-

1325 682 1375 710 ter
1400 680 1562 710 accedens
1583 679 1698 718 ibique
1719 687 1778 717 pro
1797 687 1857 709 sue
1877 678 2062 709 voluntatis
2082 677 2178 708 libito
2203 677 2336 716 publice

1325 741 1549 769 commorans,
1573 732 1756 762 nonnullos
1776 732 1808 761 in
1827 740 1865 761 ea
1880 739 2059 770 perversos
2077 731 2241 760 tractatus
2261 738 2337 760 cum

1325 785 1527 825 quibusdam
1554 785 1708 816 Reatinis
1731 785 1874 818 civibus,
1896 784 1985 814 velut
2003 783 2102 814 homo
2126 783 2290 822 pestilens
2306 784 2338 813 et

1324 838 1480 877 publicus
1496 839 1605 869 fautor
1617 837 1845 876 persecutoris
1863 837 2028 875 ejusdem,
2040 836 2155 867 haberi
2174 836 2339 875 presumit

1325 892 1459 927 cotidie,
1481 893 1512 921 et
1539 891 1605 921 alia
1626 891 1709 920 inibi
1735 890 1864 921 occulte
1892 899 1951 929 pro
1977 889 2108 919 viribus
2126 889 2337 919 committere

1326 953 1389 974 non
1408 947 1552 980 veretur,
1574 953 1638 983 que
1659 944 1849 974 redundare
1869 945 2006 982 possent
2029 943 2061 973 in
2079 942 2336 973 subversionem

1325 998 1472 1028 civitatis
1499 998 1650 1037 ersdem
1679 1006 1715 1027 ac
1741 998 1891 1027 Romane
1919 996 2060 1027 ecclesie
2083 1005 2148 1026 non
2167 995 2337 1026 modicum

1325 1050 1578 1081 detrimentum.
1597 1051 1682 1081 Cum
1699 1050 1802 1090 igitur
1819 1050 1977 1080 indecens
1996 1058 2137 1088 prorsus
2158 1049 2337 1079 existat⁶ut

1326 1104 1442 1134 eodem
1474 1105 1653 1140 Bonconto,
1688 1103 1866 1142 presertim
1897 1103 1984 1133 inter
2014 1102 2154 1133 ecclesie
2186 1102 2338 1132 Romane

1326 1157 1476 1193 devotos,
1490 1157 1635 1187 inbonis
1647 1156 1776 1195 prefate
1787 1156 1962 1186 Pac-tensis
1973 1156 2113 1186 ecclesie
2124 1154 2338 1189 debachante,

1326 1209 1478 1248 prefatus
1492 1210 1667 1239 Pactensis
1677 1209 1870 1247 episcopus,
1883 1207 1939 1246 qui
1956 1207 1996 1237 ob
2008 1207 2222 1237 devotionem
2238 1213 2340 1244 quam

1327 1263 1366 1292 ad
1392 1262 1531 1293 eandem
1550 1264 1737 1293 Romanam
1755 1260 1855 1291 habet
1871 1260 2062 1296 ecclesiam,
2085 1268 2102 1289 a
2120 1267 2180 1289 sua
2198 1257 2341 1289 ecclesia

1326 1316 1463 1345 exulare
1487 1315 1714 1354 compellitur,
1743 1323 1809 1344 11011
1827 1313 1947 1344 habeat
1966 1313 2054 1343 unde
2078 1313 2187 1343 valeat
2211 1313 2340 1342 susten-

1326 1369 1401 1403 tari,
1425 1368 1638 1399 nobilitatem
1659 1370 1751 1397 tuam
1782 1367 1965 1406 rogandam
1992 1366 2154 1396 duximus
2177 1364 2339 1396 attentius

1326 1423 1357 1452 et
1380 1421 1591 1457 hortandam,
1614 1421 1814 1451 mandantes
1837 1420 1994 1459 quatinus
2019 1419 2131 1449 omnia
2152 1418 2250 1453 bona,
2270 1419 2339 1448 tam

1326 1474 1466 1504 mobilia
1490 1483 1590 1513 quam
1609 1473 1809 1510 immobilia,
1831 1482 1895 1512 quc
1920 1473 2072 1512 prefatus
2090 1473 2127 1503 B.
2147 1472 2180 1502 in
2198 1471 2339 1510 prefatis

1325 1528 1511 1558 tenimento
1529 1536 1565 1557 ac
1589 1528 1744 1558 districtu
1763 1527 1878 1557 taliter
1894 1526 2118 1565 acquisivisse
2137 1525 2336 1562 dinoscitur,

1327 1581 1368 1610 ad
1384 1589 1505 1611 manus
1519 1582 1606 1615 tuas,
1619 1581 1754 1610 nomine
1773 1580 2001 1619 predictorum
2017 1579 2166 1618 episcopi
2186 1580 2217 1609 et
2235 1577 2338 1608 eccle-

1328 1687 1466 1725 deipsis
1485 1687 1583 1717 aliter
1601 1687 1800 1717 duxerimus
1817 1685 2076 1724 disponendum,
2096 1684 2209 1715 taliter
2226 1685 2339 1714 autem

1327 1748 1429 1779 super
1456 1740 1515 1770 hor
1540 1748 1656 1779 preces
1682 1742 1713 1770 et
1739 1740 1934 1770 mandatum
1958 1740 2112 1769 nostrum
2138 1737 2338 1776 adimpleas,

1328 1794 1417 1832 quod
1440 1802 1501 1824 nos
1526 1794 1739 1824 devotionem
1755 1795 1848 1823 tuam
1871 1792 1983 1832 dignis
2002 1791 2123 1822 exinde
2141 1791 2175 1821 in
2193 1791 2339 1822 Domino

1328 1847 1487 1877 laudibus
1504 1847 1624 1877 merito
1644 1847 1931 1877 commendemus.
1950 1846 2075 1876 Datum
2096 1845 2184 1883 apud
2200 1843 2341 1876 Urbem-

1328 1901 1487 1936 veterem,
1506 1909 1543 1930 111
1559 1908 1666 1930 nonas
1681 1899 1771 1938 julii,
1791 1908 1876 1929 anno
1891 1899 1962 1929 111⁰.
1984 1909 1998 1927 1)

1418 2047 1491 2077 676
1899 2044 2024 2074 Orvieto,
2046 2045 2062 2068 ι’»
2075 2042 2168 2078 juillet
2190 2043 2266 2070 mot.

1365 2129 1462 2155 Eidem
1489 2129 1606 2155 mandat
1632 2132 1771 2162 quatenus
1794 2131 1875 2155 caute
1900 2136 1932 2155 ac
1954 2128 2082 2154 studiose
2105 2130 2238 2162 procuret
2265 2128 2340 2162 quod

1328 2177 1486 2211 praefatum
1509 2178 1685 2203 Boncontum
1711 2177 1900 2211 personaliter
1928 2177 2020 2211 capiat
2047 2177 2198 2211 ipsumque
2228 2176 2341 2203 tamdiu

1327 2229 1442 2261 captum
1458 2226 1585 2253 detincat
1597 2227 1686 2252 donec
1705 2226 1872 2252 mandatum
1891 2225 1967 2251 aliud
1982 2224 2172 2258 apostolicum
2184 2224 2339 2258 acceperit.

1328 2276 1407 2309 (nac.
1423 2277 1466 2308 za,
1485 2275 1534 2301 tot.
1546 2276 1589 2305 71,
1605 2280 1634 2300 11⁰
1648 2274 1724 2301 2181

1369 2392 1383 2407 «
1402 2379 1523 2409 Eidem.
1543 2380 1595 2410 Ad
1619 2380 1827 2410 audientiam
1847 2381 1996 2410 nostram
2015 2397 2063 2407 —.
2087 2379 2210 2409 Datum
2228 2381 2263 2409 ut
2287 2387 2341 2409 su·

1327 2442 1398 2472 pl'tl.
1421 2446 1434 2460 »

1416 2580 1486 2611 (377
1900 2577 2025 2609 Orvieto,
2043 2579 2060 2604 5
2074 2576 2167 2612 ¹iuillct
2190 2576 2266 2604 1204.

1361 2662 1486 2690 Consilio
1504 2665 1527 2689 et
1548 2661 1694 2688 communi
1710 2661 1848 2691 Reatinis,
1866 2661 1916 2686 sub
1932 2661 2029 2687 debito
2050 2660 2196 2687 fidelitatis
2212 2664 2238 2687 et
2257 2667 2340 2695 poena

1294 2715 1295 2722 ¹
1324 2712 1546 2746 quingentarum
1563 2718 1725 2737 marcarum
1739 2710 1862 2744 argenti,
1874 2710 1989 2736 mandat
2001 2712 2143 2744 quatenus
2156 2709 2183 2735 iu
2195 2709 2339 2743 praedicto

1325 2761 1440 2795 negoti-i·
1466 2760 1601 2794 potestati
1628 2758 1748 2785 Reatino
1769 2758 1905 2785 auxilium
1931 2758 2108 2792 impendant.
2127 2757 2206 2792 (Rea.
2225 2758 2269 2790 28,
2290 2757 2338 2785 fol.

1325 2810 1367 2836 71.
1388 2815 1416 2835 nn
1434 2809 1508 2838 2721.)

252 2854 309 2893 qui
323 2855 518 2883 P’actensem
532 2853 721 2887 ecclesiam,
737 2852 768 2881 iu
781 2860 845 2890 qua
857 2861 913 2890 per
926 2852 1151 2890 Mant'redum,
1162 2861 1264 2891 quon-

1364 2916 1379 2934 ‹(
1411 2905 1544 2935 Consilio
1568 2910 1595 2934 et
1621 2905 1772 2934 conmzuni
1801 2903 1948 2936 Reatinis,
1974 2901 2112 2940 fidelibus
2140 2903 2261 2933 nostris,
2287 2903 2339 2933 Ad

1324 2958 1530 2989 audientiam
1548 2960 1698 2988 nostram
1717 2975 1766 2987 —.
1790 2957 1914 2987 Datum
1933 2957 1967 2985 ut
1986 2963 2099 2994 supra.
2122 2965 2136 2983 n
