2547 3289
1159 288 1374 320 D’URBAIN
1396 289 1454 319 IV.

261 371 452 407 tenebatur,
481 372 556 408 tibi,
586 373 702 402 nostro
728 373 759 402 et
784 371 924 402 ecclesie
947 372 1099 402 Romane
1127 372 1274 408 nomine,

261 425 462 464 assignaret.
489 425 655 460 Quocirca
683 425 841 455 volumus
868 426 899 455 et
922 434 982 464 per
1005 425 1191 463 apostolica
1215 425 1277 454 tibi

262 479 388 516 scripta
404 478 605 508 mandamus
634 478 806 516 quatinus,
829 478 858 507 si
875 478 1055 516 pecuniam
1081 477 1277 515 hujusmodi

261 533 319 561 aut
344 531 533 569 portionem
567 531 641 569 ejus
665 531 814 569 aliquam
839 530 998 568 recepisti
1026 530 1078 560 vel
1107 530 1277 568 quamcito

259 583 356 613 illam
374 584 408 613 in
433 585 543 614 totum
571 584 716 622 recipies
734 586 789 614 3111
814 584 848 613 in
870 585 1012 621 partein,
1045 591 1118 612 eam
1144 583 1278 612 dilectis

259 636 342 666 filiis
360 637 494 667 Andree
509 637 837 672 Jacobi‚'1'nolomeo
854 636 1023 666 Manentis
1036 637 1065 665 et
1076 635 1278 673 Bonsignori

259 690 436 728 Raynerii,
479 690 583 720 sociis
617 690 819 720 dilectorum
854 689 1002 718 filiorum
1042 689 1278 718 Bonaventure

260 743 504 773 Bernardiniet
516 743 686 773 Francisci
701 742 815 778 Guidi,
833 741 1053 771 familiarium
1070 743 1276 776 nostrorum,
1308 776 1309 787 ἵ

262 797 320 825 aut
338 796 478 826 illorum
497 796 611 832 3110111,
630 797 746 825 nostro
759 796 789 825 et
805 795 946 824 ecclesie
963 794 1113 832 predicte
1128 794 1276 830 nomine,

259 850 387 887 integre
411 850 444 879 et
461 849 534 878 sine
552 848 713 878 dilatione
732 848 906 886 assignare
927 856 1100 885 procures,
1128 849 1278 885 receptu-

260 910 319 931 rus
345 901 385 931 ab
409 902 458 931 eis
482 903 637 940 patentes
665 901 797 931 litteras
823 909 939 930 eorum
965 900 1090 939 sigillis
1113 901 1276 939 signatas,

258 955 316 984 3111
344 954 519 992 publicum
541 954 807 984 instrun‘ientnm
828 962 966 992 perque
993 962 1028 983 se
1055 954 1278 983 confiteantur

257 1015 319 1046 pro
337 1007 435 1037 nobis
452 1009 483 1037 et
503 1008 621 1037 eadem
639 1007 782 1037 ecclesia
801 1007 1009 1045 assignatam
1038 1016 1056 1036 a
1079 1008 1111 1036 te
1139 1006 1203 1036 sibi
1222 1015 1277 1045 pe-

259 1060 394 1090 cuniam
422 1061 604 1099 recepisse,
633 1069 700 1090 non
731 1060 886 1090 obstante
919 1060 1087 1090 sententia
1119 1068 1276 1090 excomu-

256 1113 438 1143 nicationis
464 1113 498 1143 in
524 1113 616 1144 cives
639 1114 807 1143 Senenses
828 1121 888 1151 per
913 1113 1027 1143 sedem
1052 1113 1276 1151 apostolicam

257 1166 474 1205 promulgata
490 1167 544 1196 vel
559 1166 762 1196 inhibitione
787 1166 876 1196 facta
895 1175 954 1196 seu
968 1166 1119 1195 facienda
1134 1174 1174 1195 ne
1196 1166 1275 1195 civi-

254 1218 322 1249 bus
337 1219 424 1257 ipsis
440 1219 479 1249 de
499 1219 673 1258 aliquibus
690 1219 814 1249 debitis
830 1219 883 1249 vel
903 1219 1058 1257 pecuniis
1075 1219 1192 1249 debeat
1209 1228 1276 1249 res-

256 1272 410 1311 ponderi,
435 1273 584 1303 maxime
606 1281 681 1303 cum
700 1273 809 1302 dictos
825 1273 1031 1302 mercatores
1060 1281 1078 1302 a
1108 1272 1277 1302 sententia

257 1326 289 1355 et
334 1325 534 1356 inhibitione
561 1326 756 1365 hujusmodi
794 1326 994 1356 duxerimus
1032 1325 1272 1356 excludendos.

255 1378 487 1414 Quantitatem
504 1388 584 1409 vero
604 1380 754 1418 pecunie,
774 1387 873 1418 (1113111
888 1378 929 1408 ab
947 1379 1106 1417 episcopo
1124 1379 1274 1417 predicto

255 1433 426 1470 receptam
453 1432 554 1462 dictis
582 1432 830 1462 mercatoribus
855 1431 1059 1470 assignabis,
1090 1440 1274 1470 eorumque

255 1485 394 1515 nomina
410 1486 441 1515 et
451 1485 754 1524 diemreceptionis
769 1494 806 1515 ac
819 1485 1063 1524 assignationis
1078 1485 1274 1523 hujusmodi

254 1537 354 1567 nobis
372 1537 519 1567 fideliter
532 1538 731 1575 rescribere,
745 1547 780 1568 ac
797 1538 932 1568 litteras
943 1538 996 1567 vel
1009 1538 1274 1568 instrumentum

254 1590 449 1624 huiusmodi
478 1590 577 1621 nobis
596 1591 810 1630 quamtocius
831 1591 967 1621 mittere
986 1600 1051 1621 non
1074 1592 1270 1630 postponas.

253 1643 379 1674 Datum
405 1644 494 1682 apud
516 1644 805 1681 Urbemveterem,
827 1654 884 1674 vm
910 1644 987 1674 idus
1007 1644 1165 1679 octobris,
1189 1652 1274 1673 anno

253 1697 367 1727 tertio.
388 1708 403 1724 »

343 1893 414 1924 481
760 1890 884 1923 Orvicto,
901 1893 915 1918 6
934 1892 1097 1926 septembre
1117 1894 1196 1919 1263,

288 1975 509 2010 Archiepiscopo
531 1975 739 2002 Panormitano
764 1976 883 2002 mandat
907 1978 1046 2010 quatenus
1064 1976 1188 2003 electum
1209 1976 1270 2003 Ole-

251 2033 372 2052 nenscm
391 2027 438 2051 aut
459 2032 524 2051 eum
549 2023 596 2058 qui
617 2023 748 2050 Olcnensi
772 2024 910 2051 ecclcsiae
931 2024 1098 2059 praefuerit,
1116 2025 1270 2060 compellat

251 2076 283 2101 ut
299 2074 375 2100 int'ra
397 2075 509 2100 certum
532 2073 692 2099 terminum
709 2073 847 2100 ccclesiae
870 2074 1014 2100 Romanae
1030 2075 1064 2100 de
1079 2075 1203 2109 quadam
1224 2083 1270 2109 pe-

253 2122 404 2149 cuniarum
421 2130 536 2148 summa
562 2121 734 2148 satisfaciat.
753 2122 830 2157 (Rea.
850 2125 893 2153 27,
912 2122 961 2150 sol.
986 2124 1045 2153 ¹43,
1063 2127 1095 2149 n0
1111 2124 1151 2158 2.)

293 2234 308 2249 «
338 2245 359 2253 ..
383 2223 615 2262 archiepiscopo
644 2223 879 2253 Panormitano,
908 2224 1000 2254 Bone
1022 2223 1186 2253 memorie
1207 2222 1270 2252 fra-

252 2277 304 2306 ter
318 2276 502 2311 Johannes,
520 2277 784 2307 Panormitanus
801 2276 1089 2315 a1·chie1:›iscopus‚
1112 2277 1192 2306 dum
1220 2284 1270 2306 es-

253 2330 304 2359 set
320 2329 501 2368 episcopus
518 2330 711 2364 Olenensis,
730 2338 861 2360 camere
889 2329 999 2359 felicis
1023 2329 1270 2359 recordationis

252 2381 440 2412 Alexandri
458 2391 554 2421 pape,
573 2383 826 2421 predecessoris
842 2383 961 2417 nostri,
974 2383 1136 2413 ducentas
1151 2383 1270 2412 uncias

253 2434 327 2464 31111
345 2443 380 2464 30
409 2435 567 2473 promisit
584 2437 674 2466 certo
699 2436 846 2466 termino
877 2436 1082 2471 soluturum,
1113 2436 1269 2474 idemque

251 2487 420 2517 Johannes
439 2496 499 2526 pro
511 2488 599 2518 dicta
617 2497 762 2524 summa,
782 2489 988 2520 Olenensem
1006 2489 1183 2519 ecclesiam
1202 2488 1269 2528 ipsi

253 2548 386 2570 camere
401 2539 574 2579 obligavit,
591 2542 692 2579 prout
710 2550 769 2579 per
785 2542 918 2572 litteras
937 2543 968 2572 et
987 2542 1054 2571 alia
1068 2541 1271 2571 documenta

253 2601 358 2632 super
380 2593 441 2623 hoc
460 2593 622 2629 confecta,
651 2593 825 2624 evidenter
849 2596 997 2633 apparet.
1015 2595 1080 2625 Sed
1103 2595 1182 2634 (11113
1203 2595 1270 2625 (110-

252 2647 309 2676 1113
326 2646 365 2676 G.
385 2646 424 2675 de
448 2646 523 2684 ipsa
541 2647 685 2684 pecunia
710 2647 907 2677 satisfacere
936 2656 1002 2677 non
1031 2648 1173 2683 curavit,
1192 2647 1270 2678 licet

253 2699 437 2729 solutionis
452 2699 619 2729 terminus
645 2699 848 2736 effluxisset,
878 2709 952 2734 nos,
980 2700 1135 2730 nolentes
1153 2702 1189 2730 ut
1211 2700 1271 2730 hu-

248 2752 400 2792 jusmodi
423 2753 644 2782 ducentarum
665 2752 842 2782 unciarum
868 2753 994 2783 solutio
1012 2753 1157 2783 ulterius
1177 2753 1270 2784 diffe-
1300 2755 1302 2777 ἵ

252 2806 358 2842 131111,
378 2805 584 2835 fraternitati
603 2806 660 2835 tue
676 2813 736 2844 per
752 2805 941 2843 apostolica
957 2806 1083 2844 scripta
1096 2806 1129 2835 in
1145 2806 1270 2836 virtute

252 2858 444 2889 obedientie
465 2858 619 2889 districte
645 2858 863 2897 precipiendo
881 2859 1083 2889 mandamns
1104 2861 1270 2898 quatenus

256 2936 276 2942 ..
302 2911 507 2942 Olenensem
527 2911 671 2942 electum
684 2911 736 2942 vel
754 2911 861 2941 alium
879 2911 937 2950 qui
953 2911 1094 2942 ecclesie
1112 2912 1178 2950 ipsi
1197 2920 1272 2950 pre-

253 2964 369 3002 fuerit,
388 2974 430 2995 ex
446 2966 542 3004 parte
560 2967 687 3002 nostra,
709 2964 890 3004 diligenter
913 2972 1050 2994 moneas
1075 2966 1107 2994 01
1130 2964 1271 2995 inducas

2294 291 2350 319 143

1308 388 1309 397 1
1338 373 1385 407 ut,
1411 372 1496 401 infra
1522 373 1765 410 competentem
1792 372 2103 410 101·1]]11]111]],(11101ι]
2128 372 2192 401 sibi
2211 374 2336 411 pretixe

1339 425 1398 457 ris,
1417 433 1548 454 camere
1568 426 1682 454 nostre
1703 425 1754 454 vel
1774 424 1847 459 tibi,
1866 425 1937 463 ejus
1953 425 2098 460 nomine,
2118 425 2157 454 (10
2176 425 2275 455 dictis
2293 426 2350 454 du-

1339 477 1446 507 centis
1475 477 1597 510 unciis,
1628 477 1823 507 satisfacere
1856 486 1930 507 011111
1960 478 2152 516 integritate
2182 481 2348 516 procuret.

1339 530 1435 564 Quod
1463 530 1491 559 si
1512 529 1652 559 monitis
1680 530 1748 560 tuis
1773 539 1872 568 super
1900 530 1960 560 hoc
1987 540 2104 569 parere
2128 531 2285 566 noluerit,
2316 534 2350 561 tu

1340 583 1453 620 ipsum
1471 591 1512 612 ex
1531 584 1609 612 tunc
1629 592 1646 612 a
1669 583 1900 620 spiritualium
1926 586 1955 613 et
1981 585 2218 621 temporalium
2235 585 2351 614 animi-

1341 635 1542 665 nistratione
1563 636 1765 674 suspendas,
1794 636 1900 665 citans
1929 644 2004 665 eum
2034 636 2274 666 nichilominus
2300 646 2350 675 po·

1340 689 1524 726 remptorie
1543 689 1740 719 auctoritate
1760 690 1873 718 nostra
1891 691 1937 724 ut,
1957 698 2143 727 suspensus
2164 690 2249 719 infra
2266 691 2350 719 duos

1340 750 1475 771 menses
1492 743 1567 780 post
1582 742 1775 772 citationem
1797 743 1901 772 tuam.
1922 744 2113 780 compareat
2128 743 2351 781 persfmalitcr

1340 803 1451 824 coram
1480 795 1589 828 nobis,
1607 804 1708 833 super
1738 795 1799 825 hoc
1817 795 1986 825 mandatis
2010 796 2206 834 apostolicis
2228 796 2352 834 11311111-

1340 856 1410 877 1113.
1430 848 1529 877 Diem
1548 857 1626 877 vero
1646 848 1816 878 citationis
1830 849 1862 877 et
1889 848 2030 877 formam
2048 850 2078 878 et
2099 848 2255 886 quicquid
2275 849 2350 878 inde.

1341 900 1472 936 feceris,
1489 900 1587 931 nobis
1602 910 1662 939 per
1673 902 1748 931 tuas
1762 901 1894 930 litteras
1912 900 2030 931 harum
2044 901 2165 931 seriem
2181 902 2351 931 continen-

1340 956 1402 989 tes,
1424 954 1569 984 fideliter
1596 955 1733 984 studeas
1759 954 1928 984 intimare.
1953 955 2077 984 Datum
2103 955 2191 993 apud
2213 954 2351 985 [rbem-

1338 1008 1500 1043 veterem,
1522 1017 1578 1036 vin
1596 1008 1671 1037 idus
1691 1006 1907 1045 septembris,
1928 1016 2014 1037 anno
2032 1007 2142 1037 tertio.
2168 1018 2182 1035 ))

1429 1207 1502 1237 432
1848 1205 1972 1235 orricio,
1991 1207 2005 1231 6
2021 1205 2182 1239 septembre
2201 1207 2276 1232 ¹263.

1372 1286 1449 1312 Ideni
1462 1287 1495 1313 de
1518 1286 1609 1313 electo
1627 1286 1865 1313 Lacedcmonensi
1879 1286 2012 1320 episcopo
2027 1286 2119 1312 cidem
2136 1285 2350 1320 archiepiscopo

1337 1334 1486 1369 negotium
1503 1335 1708 1362 committitur.
1727 1336 1806 1369 1Ιῖ10,
1823 1336 1867 1367 27,
1887 1335 1933 1362 t'ol.
1956 1337 2014 1368 ¹43,
2035 1341 2064 1362 n⁰
2080 1336 2120 1369 3.)

1377 1442 1392 1461 (t
1422 1432 1533 1462 Eidem
1566 1433 1805 1473 archiepiscopo.
1844 1434 1934 1463 Bone
1964 1433 2126 1463 memorie
2159 1434 2262 1464 frater
2294 1435 2349 1465 ,10-

1336 1486 1476 1522 hannes,
1493 1487 1800 1516 Lacedemonensis
1821 1487 2012 1525 episcopus,
2030 1495 2160 1517 camere
2179 1487 2287 1517 felicis
2303 1497 2350 1518 re-

1336 1539 1542 1569 cordationis
1568 1539 1753 1570 Alexandri
1779 1548 1875 1578 pape,
1898 1540 2148 1578 predecessoris
2175 1542 2293 1576 nostri,
2315 1541 2347 1570 in

1335 1594 1470 1622 centum
1489 1601 1621 1622 marcas
1646 1593 1886 1631 sterlingorum
1907 1601 1942 1622 se
1961 1593 2118 1631 promisit
2140 1595 2200 1624 etc.
2226 1595 2261 1624 ut
2294 1603 2349 1624 su-

1335 1654 1408 1684 pra,
1426 1647 1566 1677 mutatis
1587 1646 1760 1676 mutandis
1780 1655 1887 1684 usque
1905 1646 1938 1675 11]
1960 1646 2070 1676 tinem.

1424 1841 1496 1872 433
1869 1839 1993 1869 Orvieto,
2018 1841 2048 1866 ¹5
2065 1839 2179 1866 octobre
2199 1841 2275 1866 1263.

1367 1920 1563 1954 Infrascriptis
1583 1920 1702 1946 mandat
1728 1922 1866 1954 quatenus
1881 1919 2015 1954 pecunias
2035 1928 2050 1946 a
2070 1920 2210 1954 magistro
2231 1919 2346 1946 ‚ilberto

1333 1970 1366 1996 (10
1382 1969 1498 1996 Parma,
1509 1968 1624 1995 nomine
1642 1968 1780 1995 ecciesiae
1797 1969 1952 1999 Romanae,
1967 1971 2090 1998 exactas,
2108 1969 2234 2002 recipere
2249 1977 2281 1995 ac
2298 1969 2346 1994 de-

1301 2033 1302 2036 =
1332 2026 1437 2052 ponere
1455 2019 1529 2052 apud
1555 2025 1691 2052 personas
1713 2019 1741 2044 et
1757 2017 1819 2044 loca
1834 2025 1904 2051 quae
1923 2017 1998 2043 idcm
2012 2016 2144 2044 Albertus
2162 2017 2345 2051 expresserit,

1332 2067 1392 2094 sinc
1413 2066 1583 2094 difficultate
1601 2069 1764 2101 procurent.
1782 2066 1860 2101 (Rea.
1881 2067 1926 2097 (ΞΤ,
1950 2065 1999 2092 fol.
2019 2067 2067 2092 ¹43
2088 2070 2126 2099 v0,
2144 2072 2172 2091 11Ο
2192 2068 2218 2105 ¹1

1373 2176 1387 2193 (1
1409 2164 1538 2194 Dilectis
1561 2163 1635 2201 filiis
1654 2164 1823 2200 abbatibus,
1837 2163 1998 2204 prioribus
2023 2163 2231 2194 cisterciensis
2249 2169 2275 2192 e!
2297 2174 2346 2192 ca-

1326 2219 1508 2258 juscumquc
1530 2217 1658 2248 allerias
1683 2217 1810 2251 ordinis,
1828 2217 2008 2257 preposIIiS,
2033 2217 2166 2250 decanis,
2193 2217 2345 2246 archidia-

1332 2272 1414 2300 conis
1433 2281 1545 2300 necnon
1573 2270 1687 2300 Militie
1716 2269 1845 2310 Templi,
1868 2269 2042 2309 Hospitalis
2068 2270 2168 2299 suncti
2193 2269 2346 2299 Jolmnnis

1300 2328 1301 2338 ¹
1331 2324 1572 2354 Jerosolimitani
1589 2329 1617 2353 et
1636 2329 1738 2353 sancte
1755 2324 1854 2353 ,llario
1885 2323 2134 2352 leeatonicorum
2157 2323 2347 2362 preceptori-

1333 2377 1384 2407 bus
1399 2382 1426 2407 e!
1447 2377 1598 2416 fratribus
1609 2387 1668 2418 per
1686 2376 1879 2407 Alamaniam
1898 2377 2081 2406 constitutis,
2099 2375 2140 2405 ad
2156 2386 2228 2415 qnos
2245 2376 2346 2405 littere

1332 2432 1387 2461 isle
1397 2432 1607 2471 pervenerint.
1626 2431 1710 2462 Cum
1730 2431 1770 2461 de
1790 2431 1853 2461 tide
1873 2439 1908 2460 ac
1937 2431 2152 2460 discretionis
2177 2430 2347 2460 industria

1331 2485 1446 2515 dilecti
1463 2485 1525 2515 filii
1540 2484 1695 2524 magistri
1712 2484 1844 2514 Alberti
1861 2484 1901 2513 de
1919 2484 2053 2518 Parma,
2074 2483 2250 2521 scriptoris
2271 2492 2344 2512 nos-

1331 2538 1386 2571 tri,
1407 2539 1574 2568 sinceram
1602 2538 1635 2567 in
1660 2538 1805 2568 Domino
1832 2537 1990 2566 fiduciam
2016 2536 2219 2572 obtinentes,
2246 2535 2346 2566 nobis

1331 2593 1363 2622 et
1381 2591 1522 2621 ecclesie
1548 2591 1700 2621 Romane
1728 2589 1840 2620 debita
1857 2590 1890 2619 in
1917 2589 2095 2619 Alamani]
2121 2588 2345 2618 sollicitudini

1332 2653 1391 2674 sue
1422 2644 1698 2674 commiserimus
1719 2643 1895 2682 exigenda,
1915 2642 2171 2672 universitatem
2198 2644 2345 2672 vestram

1332 2706 1503 2737 rogamus,
1523 2705 1701 2728 monemus
1727 2698 1759 2726 01
1781 2696 1955 2725 hortamur
1981 2696 2118 2729 attente,
2138 2703 2199 2733 per
2214 2697 2345 2733 aposto-

1332 2751 1397 2781 lica
1420 2750 1517 2781 vobis
1542 2750 1667 2789 scripta
1691 2749 1902 2785 mandantes,
1923 2749 2090 2787 quatenus
2107 2748 2270 2786 pecunias
2286 2747 2344 2778 hu-

1329 2804 1482 2844 jusmodi
1504 2803 1590 2834 dicte
1621 2802 1773 2838 ecclesie,
1796 2810 1881 2840 quas
1912 2801 1986 2839 ipse
2006 2800 2104 2831 vobis
2135 2801 2345 2831 committere

1333 2857 1480 2888 voluerit
1515 2856 1783 2891 transferendas,
1815 2855 1888 2884 sine
1916 2854 2114 2884 difficultate
2140 2854 2288 2892 recipere
2313 2855 2346 2884 01

1332 2910 1464 2941 deferre
1488 2910 1523 2939 in
1542 2909 1703 2948 expensis
1720 2908 1882 2947 propriis,
1903 2916 1939 2937 ac
1953 2907 2120 2946 deponere
2137 2906 2235 2946 juxta
2254 2915 2348 2936 man—

1333 2965 1449 2994 datum
1467 2963 1578 3002 ipsius
1606 2962 1695 3001 apud
1719 2969 1884 3000 personas
1903 2962 1934 2991 et
1957 2960 2040 2997 loca,
2059 2968 2123 2999 que
2148 2960 2222 2999 ipse
2249 2959 2346 2990 vobis
