2547 3289
181 250 220 279 36

185 327 236 357 vel
251 327 398 357 savorem
426 340 475 352 -ψ,
512 322 633 351 Datum
662 318 817 353 Viterbit,
835 326 869 346 ιιι
900 324 1004 346 nonas
1016 315 1114 354 junii,
1129 322 1186 344 an-

187 388 227 410 no
245 379 284 410 1⁰.
300 390 314 404 n

1218 369 1221 381 t

251 532 321 563 ¹05
771 524 895 556 Viterbe,
917 525 944 550 18
961 523 1018 549 mai
1041 523 1116 548 ¹262.

221 615 313 644 Priori
328 616 356 641 et
376 613 513 641 frutribus
535 610 687 646 Hospitalis
706 619 728 637 s.
751 609 889 637 Johnnnis
906 606 1140 642 Jerosolymitani
1160 606 1189 632 in

186 664 309 692 Francia
329 662 458 697 indulget
494 663 524 688 ut
545 660 580 687 ad
598 659 792 694 parrochiales
825 657 959 684 ecclesias
980 657 1014 682 de
1038 655 1190 682 sncehiuco

185 716 214 741 et.
242 713 276 740 de
303 710 478 746 Anscyvillu,
509 707 749 736 Autisiodorensis
775 709 803 733 et
830 704 1067 733 Cathalaunensis
1096 704 1188 730 dioce-

184 760 390 793 sium,frutres
419 767 483 786 suos
502 757 683 792 presbyteros
705 754 894 783 instituendos
922 752 1080 780 diocesauis
1106 760 1189 786 prue-

183 812 297 837 sentare
310 809 432 835 valeant.
452 807 533 842 (ileo.
552 807 596 837 26,
613 803 660 832 sot.
679 805 712 831 24
729 812 770 836 vo,
785 812 818 830 no
841 804 910 837 103.)

222 916 237 930 α
263 926 283 932 ..
312 901 414 942 priori
445 905 471 929 ct
499 897 649 938 fratribus
669 896 839 935 Hospitalis
877 894 1121 924 lerosolimitmzi
1158 894 1188 922 in

181 955 326 986 Francia.
352 952 480 984 Meritis
506 952 614 982 vestre
644 948 817 988 religionis
847 966 896 978 —.
923 948 1053 978 Vestris
1079 947 1189 984 itaque

180 1007 482 1048 supplicationibus
495 1004 654 1039 inclinati,
668 1002 860 1033 auctoritate
873 1001 968 1031 vobis
985 999 1189 1039 presentium

180 1061 396 1100 indulgemus
411 1060 446 1089 ut
473 1058 513 1090 ad
529 1057 568 1087 do
590 1055 766 1088 Sacchiaco
786 1057 816 1086 et
834 1055 872 1084 de
895 1053 1093 1091 Anseyvilta
1118 1062 1189 1091 par-

182 1114 346 1146 rochiales
368 1111 536 1146 ecclesias,
557 1107 847 1140 Autisiodorensis
862 1109 893 1137 et
911 1106 1188 1137 Cathalaunensis

181 1167 376 1201 diocesium,
396 1166 436 1196 ad
452 1163 732 1204 presentationem
750 1162 893 1191 vestram
913 1161 1084 1190 dumtaxat
1099 1168 1187 1198 spec-

181 1222 301 1256 tantes,
322 1220 359 1251 in
375 1219 498 1258 quibus
511 1218 566 1257 jus
584 1217 777 1256 patronatus
794 1214 936 1250 habetis,
959 1223 1034 1243 cum
1052 1222 1107 1243 eas
1130 1222 1188 1252 pro

179 1277 327 1314 tempore
343 1281 460 1303 vacare
473 1270 657 1309 contigerit,
669 1268 804 1309 possitis
822 1268 938 1298 fratres
951 1267 1051 1297 vestri
1063 1267 1189 1297 ordinis

179 1326 386 1367 presbiteros
420 1324 643 1355 instituendos
670 1322 706 1353 in
731 1321 1013 1355 illis‚diocesanis
1042 1320 1189 1350 locorum

181 1378 339 1411 canonice
362 1378 552 1417 presentare
577 1384 614 1406 ac
639 1375 705 1414 ipsi
726 1374 893 1405 diocesani
918 1374 1092 1403 teneantur
1114 1373 1190 1402 illos

182 1432 357 1463 admittere
382 1430 423 1460 ad
447 1429 591 1463 easdem,
619 1427 798 1458 dummodo
823 1426 901 1456 dicti
927 1426 1045 1455 fratres
1066 1425 1106 1454 ad
1128 1424 1189 1454 hoc

181 1485 247 1515 sint
271 1483 381 1514 idonei
399 1483 430 1512 et
455 1482 562 1511 eidem
585 1481 735 1515 ecclesie,
750 1480 879 1509 nullum
908 1479 1072 1509 defectum
1094 1478 1127 1508 in
1144 1478 1190 1508 di-

181 1537 271 1567 vinis
288 1535 408 1567 officiis
424 1534 602 1573 patiantur,
617 1542 652 1563 ac
668 1533 794 1563 eisdem
810 1532 998 1563 diocesanis
1007 1532 1136 1562 faciatis
1150 1532 1189 1561 de

175 1589 309 1629 juribus
338 1587 583 1627 episcopalibus
598 1586 745 1626 plenarie
766 1586 970 1625 responderi,
987 1594 1070 1624 quos
1096 1585 1188 1615 illam
1219 1606 1221 1626 ι

180 1641 589 1681 omninojurisdietiouem
606 1640 640 1671 in
652 1640 767 1670 fratres
779 1639 870 1679 ipsos
882 1639 1003 1670 habere
1020 1639 1188 1671 volumus,
1219 1672 1221 1675 ⁸

181 1704 280 1736 quam
295 1695 454 1726 haberent
469 1696 502 1724 in
523 1694 607 1724 alios
623 1693 825 1732 presbiteros
840 1693 1017 1728 seculares,
1034 1692 1062 1723 si
1079 1694 1189 1723 essent
1219 1683 1220 1688 ¹

180 1750 215 1780 in
233 1748 330 1779 dictis
350 1748 500 1779 ecclesiis
522 1747 675 1777 instituti.
702 1746 795 1777 Nulli
821 1755 897 1785 ergo
923 1747 1032 1776 nostre
1060 1754 1188 1776 conces-

182 1802 290 1833 sionis
304 1802 363 1832 etc.
378 1801 501 1831 Datum
515 1800 668 1836 Viterbii,
682 1809 721 1829 xv
736 1799 1002 1838 kalendasjunii,
1015 1808 1101 1829 anno
1118 1799 1156 1829 1⁰.
1172 1811 1186 1825 υ

771 1948 894 1980 Viterbe,
912 1949 927 1974 6
943 1956 1020 1974 mars
1040 1949 1115 1975 ¹262.

250 1953 321 1983 106

218 2035 319 2063 Abbati
347 2044 369 2062 s.
400 2034 547 2061 Genovcsat
571 2034 740 2060 l’urisiensis
766 2033 886 2060 mandat
910 2036 1049 2067 quatenus
1079 2033 1189 2067 aliquos

181 2086 304 2112 decanos
333 2083 443 2110 rurales
475 2085 503 2109 et
522 2084 658 2114 rectores,
677 2082 879 2109 Ambiuuensis
896 2082 1015 2108 diocesis
1036 2082 1191 2116 compellat
1221 2108 1222 2117 ἵ

180 2132 418 2160 utarchidiacouo
431 2131 643 2166 procurationes
656 2139 725 2165 quae
738 2130 909 2157 visitationis
921 2130 1029 2157 ratione
1040 2131 1189 2163 debentur,

179 2181 343 2209 exhibeant.
360 2181 443 2214 (ltro.
460 2181 504 2212 26,
520 2179 568 2206 sol.
588 2180 621 2206 ’.ἶ-ἰ
639 2185 676 2211 v0,
697 2184 728 2205 n‘·
746 2180 817 2213 ⁴04.)

932 236 1021 266 REG
1029 235 1181 266 ISTRES
1205 233 1419 265 D'URBAIN
1442 233 1500 263 IV.

1218 329 1219 339 ι
1248 313 1438 343 eorumdem
1451 312 1526 342 dicti
1539 311 1838 344 archidiaconatus,
1852 309 2090 339 Ambianensis
2101 309 2257 342 diocesi&

1219 401 1221 409 Κ
1249 374 1439 404 quanquam
1457 365 1598 395 eundem
1624 363 1894 394 archidiaconum
1918 362 1959 393 ad
1984 361 2187 391 visitandum
2207 360 2260 390 ad-

1250 419 1393 453 mittant,
1410 417 1630 448 correctiones
1648 415 1808 454 recipiant
1823 418 1853 445 et
1865 415 2004 445 honesta
2019 414 2173 443 mandata
2189 412 2259 451 ejus

1251 471 1439 504 observent,
1456 469 1705 509 procurationes
1719 470 1830 499 tamen
1845 468 1971 498 ratione
1990 465 2192 497 visitationis
2208 465 2261 495 de-

1249 523 1337 554 bitas
1367 523 1474 553 eidem
1504 522 1737 553 archidiacono
1769 520 1924 551 exhibere
1958 519 2103 550 indebite
2135 520 2259 548 contra-

1250 576 1375 611 dicunt,
1407 575 1494 614 quod
1510 574 1761 614 procurationes
1790 572 1921 603 easdem
1943 581 2007 603 non
2026 571 2260 602 consueverint

1251 629 1411 659 hactenus
1436 628 1564 658 solvere
1591 626 1826 666 pretendendo.
1849 626 1958 661 Quare
1987 625 2074 655 idem
2101 624 2261 655 archidia-

1250 690 1354 712 conus
1381 681 1478 711 nobis
1501 680 1674 710 humiliter
1702 678 1904 718 supplicavit
1925 679 1960 707 ut
1990 677 2164 716 providere
2197 676 2259 707 sibi

1251 743 1351 773 super
1369 734 1430 764 hoc
1446 735 1581 773 paterna
1599 731 1823 763 sollicitudine
1839 738 2043 761 curaremus
2061 730 2146 766 Quia
2163 730 2261 767 igitur

1251 787 1437 818 visitationi
1462 786 1650 826 procuratio
1673 786 1722 815 cst
1746 793 1887 818 annexa,
1904 786 1933 813 et
1953 792 2019 813 non
2042 784 2172 813 tenetur
2187 783 2262 822 quis

1250 840 1394 880 propriis
1416 839 1593 878 stipendiis
1615 838 1772 872 militare,
1797 836 1991 867 discretioni
2012 835 2065 866 tu'e
2094 845 2152 874 per
2171 844 2262 875 apos—

1249 893 1348 924 tolica
1363 893 1485 931 scripta
1500 892 1698 921 mandamus
1714 892 1889 929 quatenus,
1907 890 1936 919 si
1952 889 2011 919 tibi
2024 889 2207 919 constiterit
2222 889 2261 918 de

1249 946 1435 986 premissis,
1473 946 1616 975 decanos
1646 953 1681 973 ac
1714 944 1797 974 alios
1834 943 2000 982 predictos
2033 942 2122 981 quod
2154 942 2259 972 eidem

1250 999 1492 1032 archidiacono,
1521 1006 1595 1028 cum
1627 997 1796 1030 ecclesias,
1822 996 1988 1035 prioratus
2028 996 2058 1025 et
2089 995 2160 1025 loca
2188 1003 2260 1032 pre-

1250 1052 1337 1082 dicta
1370 1051 1567 1086 visitaverit,
1599 1049 1850 1089 procurationes
1888 1057 1951 1087 que
1996 1048 2199 1078 viSitationis
2216 1056 2261 1077 ra-

1250 1105 1337 1136 tione
1361 1104 1532 1139 debentur,
1566 1103 1756 1137 exhibeant,
1791 1102 1973 1132 monitione
1998 1101 2173 1140 premissa,
2205 1109 2263 1139 per

1249 1165 1423 1189 censuram
1449 1156 1720 1190 ecclesiasticam,
1745 1155 1965 1194 appellatione
1992 1155 2127 1189 remota,
2147 1153 2261 1192 previa

1250 1209 1376 1240 ratione
1391 1209 1582 1248 compellas.
1596 1209 1712 1239 Testes
1725 1210 1834 1238 autem
1852 1209 1911 1238 etc.
1931 1207 2054 1237 Datum
2071 1206 2224 1241 viterbii,
2240 1216 2259 1235 ιι

1251 1271 1355 1294 nonas
1374 1262 1495 1299 martii,
1517 1270 1603 1292 anno
1625 1262 1662 1292 1⁰.
1683 1273 1696 1288 n

1320 1424 1390 1454 107
1798 1421 1924 1452 Viterbe,
1944 1421 1972 1446 13
1990 1419 2096 1446 seri-ier
2115 1420 2190 1446 ¹262.

1287 1512 1324 1537 De
1342 1511 1442 1537 eodem
1459 1509 1572 1543 negotio
1589 1517 1621 1536 ac
1640 1509 1668 1535 in
1687 1509 1819 1543 proxima
1837 1508 1979 1542 superiori
1996 1509 2102 1543 agitur.
2122 1508 2201 1542 (Rea.
2217 1508 2262 1539 26,

1250 1559 1300 1587 fol.
1318 1559 1354 1586 24
1370 1565 1410 1591 v0,
1428 1565 1459 1585 n⁰
1478 1558 1552 1589 105.)

1293 1647 1420 1678 «Eidem
1447 1646 1560 1677 abbati.
1589 1646 1740 1677 Dilectus
1768 1646 1882 1676 filius..
1911 1645 2166 1676 archidiaconus
2186 1646 2262 1675 Am-

1249 1701 1422 1732 bianensis
1443 1700 1450 1718 ¹
1474 1717 1523 1735 —‚
1538 1699 1691 1730 nonnulli
1713 1701 1824 1730 tamen
1848 1699 1887 1728 de
1916 1699 2036 1733 Encra,
2055 1698 2094 1728 de
2111 1698 2262 1732 Lehuno,

1250 1756 1289 1786 de
1316 1754 1479 1788 Parviler,
1515 1754 1554 1783 de
1588 1752 1878 1786 Montedesiderio,
1908 1752 1948 1782 de
1980 1751 2120 1782 MoroliO
2149 1753 2180 1781 et
2223 1752 2262 1780 de

1249 1807 1410 1838 Foilliaco
1425 1806 1543 1837 decani
1567 1805 1694 1836 rurales
1712 1806 1742 1835 et
1760 1813 1875 1835 eorum
1892 1804 2028 1839 subditi,
2045 1804 2261 1834 ecclesiarum

1249 1859 1508 1900 parrochialium
1528 1859 1748 1897 rectores‚‹1ui
1774 1858 1871 1888 certis
1898 1857 2100 1896 temporibus
2122 1859 2262 1895 quatuor

1250 1914 1374 1944 solidos
1393 1912 1521 1943 usualis
1547 1913 1676 1942 monete
1695 1920 1809 1942 eorum
1826 1911 1979 1941 videlicet
1995 1910 2119 1949 singuli
2137 1919 2263 1941 annua-

1249 1967 1309 1996 tim
1333 1965 1541 2005 persotvunt,
1568 1965 1607 1994 de
1634 1964 1756 2003 quibus
1774 1965 1976 1994 memoratus
2007 1963 2262 1993 archidiaconus

1250 2018 1419 2049 sexdecim
1438 2017 1604 2052 denarios,
1631 2026 1694 2047 non
1725 2017 1850 2046 ratione
1878 2016 2079 2046 visitationis
2106 2024 2163 2046 seu
2190 2024 2263 2054 pro-

1220 2077 1221 2090 *
1251 2070 1432 2100 curationis
1452 2071 1600 2108 pretextu
1632 2069 1835 2099 visitationis
1864 2068 1929 2098 sibi
1959 2068 2080 2104 debite,
2110 2068 2262 2107 percipit.

1251 2132 1325 2154 cum
1345 2125 1411 2153 tam
1427 2123 1496 2161 ipse
1513 2132 1612 2162 quam
1628 2122 1880 2161 predecessores
1896 2122 1968 2160 ejus
1988 2122 2087 2151 etiam
2105 2130 2170 2151 non
2188 2122 2264 2151 visi-

1251 2179 1359 2208 tantes
1375 2177 1532 2207 ecclesias
1551 2177 1579 2206 et
1596 2176 1667 2206 loca
1682 2176 1841 2214 predicta,
1858 2175 2012 2205 denarios
2028 2175 2120 2214 ipsos
2136 2175 2175 2205 de
2192 2183 2265 2213 pre·

1221 2251 1222 2266 ι
1251 2230 1350 2260 dictis
1373 2229 1502 2264 solidis,
1522 2229 1698 2267 episcopus
1725 2237 1803 2258 vero
1828 2228 2067 2258 Ambianensis
2095 2227 2259 2266 reliquum

222 2283 236 2298 «
257 2294 274 2300 ..
299 2269 400 2299 abbati
418 2279 441 2299 s.
474 2268 648 2307 Genoveplze
674 2267 863 2298 Parisiensis.
896 2268 1046 2299 Dilectus
1074 2268 1189 2298 filius..
1221 2278 1222 2289 ¹

179 2323 437 2354 archidiaconus
455 2321 701 2357 Ambianensis,
720 2322 753 2351 in
777 2323 889 2352 nostra
907 2323 939 2352 et
956 2322 1093 2352 fratrum
1119 2331 1191 2352 nos-

179 2377 307 2408 trornm
324 2375 493 2414 proposuit
513 2375 682 2414 presentia
698 2375 899 2405 constitutus
914 2375 1013 2414 quod,
1030 2384 1105 2405 cnm
1122 2376 1191 2414 ipse

179 2437 216 2459 ac
249 2429 498 2468 predecessores
520 2428 583 2462 sui,
611 2427 833 2458 archidiaconi
848 2427 1101 2461 Ambianenses,
1135 2428 1191 2466 qui

180 2481 316 2512 fuerunt
339 2490 395 2521 pro
422 2483 582 2520 tempore,
602 2481 640 2511 de
665 2481 799 2519 antiqua
823 2482 854 2511 et
871 2481 1051 2520 approbata
1067 2483 1098 2511 et
1118 2481 1191 2511 hac-
1220 2483 1222 2520 !

180 2537 277 2566 tenus
307 2535 481 2566 observata
508 2534 748 2565 consuetudine
774 2534 944 2569 ccclesias,
975 2535 1188 2570 monasteria,

179 2588 346 2627 prioratus
362 2589 393 2618 et
409 2587 473 2618 alia
499 2587 570 2617 loca
588 2587 743 2626 religiosa
761 2588 809 2617 sni
834 2587 1123 2618 archidiaconatus
1143 2588 1190 2618 vi-

177 2640 355 2670 sitaverint
372 2641 403 2670 et
418 2640 669 2679 procurationes
686 2641 812 2670 rat1one
843 2640 1044 2671 visitationis
1061 2640 1189 2671 debitas

179 2693 365 2732 receperint
380 2693 411 2723 in
431 2693 599 2731 aliquibus
611 2701 651 2723 ex
661 2693 798 2730 eisdem,
814 2693 966 2723 nonnulli
979 2693 1018 2723 (le
1033 2693 1188 2729 Cuntoio,

179 2745 219 2776 de
237 2745 385 2782 Picheio,
402 2746 441 2776 de
458 2745 654 2780 PinchoniO,
672 2746 712 2776 de
730 2746 922 2780 Dullandio.
939 2746 978 2776 de
996 2746 1188 2777 Viviacnrte

179 2799 211 2829 et
234 2798 273 2829 de
289 2798 498 2837 Montegneio
521 2799 636 2829 ‹lecani
655 2799 782 2829 rurales
804 2801 964 2829 eteorum
985 2799 1120 2835 subditi,
1140 2809 1188 2830 ec-

177 2850 356 2881 clesiarum
402 2851 660 2889 parrochialium
694 2853 847 2886 rectores,
864 2852 1057 2890 prioresque
1095 2853 1185 2891 prio-

178 2905 311 2934 ratuum
327 2905 358 2934 et
381 2904 443 2934 alie
470 2912 610 2942 persone
636 2904 787 2943 religiose
807 2906 838 2936 et
854 2905 1019 2936 seculares
1038 2905 1184 2936 locorum

1251 2283 1420 2322 percipere
1439 2282 1684 2317 consueverint.
1707 2290 1834 2312 necnon
1854 2281 1980 2319 priores
2003 2281 2212 2319 prioratuum
2232 2284 2261 2310 et

1251 2336 1316 2368 alie
1334 2344 1474 2375 persone
1495 2335 1649 2374 religiose
1666 2336 1697 2365 et
1715 2334 1882 2364 seculares
1904 2334 2051 2364 locorum
2068 2334 2259 2364 eorumdem

1251 2389 1331 2419 dicti
1343 2389 1643 2422 archidiaconatus,
1657 2387 1895 2418 Ambianensis
1905 2387 2060 2421 diocesis,
2072 2395 2261 2426 quanquam

1251 2442 1392 2473 eundem
1412 2441 1682 2472 archidiaconum
1706 2441 1745 2471 ad
1763 2440 1967 2470 visitandum
1989 2440 2175 2474 admittant,
2192 2448 2262 2470 cor-

1251 2495 1414 2525 rectiones
1430 2494 1592 2533 recipiant
1607 2496 1637 2524 et
1653 2494 1791 2524 honesta
1814 2493 1969 2523 mandata
1985 2493 2057 2531 ejus
2073 2493 2262 2527 observent,

1251 2548 1501 2586 procurationes
1520 2549 1630 2578 tamen
1649 2547 1775 2577 ratione
1793 2547 1994 2577 visitationis
2011 2546 2138 2577 debitas
2153 2546 2261 2577 eidem

1251 2601 1482 2632 archidiacono
1506 2601 1664 2631 exhibere
1683 2600 1829 2630 indebite
1851 2600 2093 2635 contradicunt,
2106 2608 2141 2629 se
2157 2599 2198 2630 ad
2214 2608 2264 2630 ea.

1250 2667 1322 2688 rum
1347 2658 1583 2697 prestationem
1614 2667 1672 2697 pro
1696 2666 1733 2688 eo
1761 2667 1826 2688 non
1857 2657 1961 2687 teneri
1992 2657 2110 2687 frivole
2141 2665 2259 2696 propo·

1250 2713 1380 2745 nentes,
1401 2711 1490 2750 quod
1518 2711 1618 2741 iidem
1641 2710 1867 2741 archidiaconi
1890 2709 2083 2748 hujusmodi
2106 2717 2260 2748 procura·

1247 2764 1355 2795 tiones
1370 2765 1540 2803 percipere
1555 2764 1682 2794 minine
1697 2763 1931 2794 consueverint
1944 2762 1984 2793 ab
1997 2762 2133 2792 eisdem.
2151 2761 2259 2797 Quare

1247 2834 1284 2839 —
1303 2817 1496 2856 compellas.
1514 2817 1590 2849 Non
1615 2817 1765 2847 obstante
1784 2816 1872 2856 quod
1890 2816 2063 2846 memorati
2091 2813 2255 2845 archidia-

1278 2917 1297 2939 t.
1312 2915 1401 2940 Meme
1417 2915 1534 2939 termule
1549 2921 1601 2945 que
1617 2915 1687 2938 dans
1700 2914 1726 2937 la
1742 2914 1821 2938 lettre
1835 2913 2005 2945 precedente.
