2547 3289
288 231 325 259 64
1127 214 1352 246 REGISTRE
1376 206 1589 244 CAMERAL

876 298 1000 330 Orvieto,
1019 298 1049 323 ¹5
1066 296 1123 322 mai
1141 296 1219 321 1263.

354 308 424 338 227

323 388 438 415 liudolfo
455 388 487 414 de
510 384 681 413 Batzendors
694 384 821 418 indulget
841 386 871 409 ut
891 383 919 409 jn
936 383 1083 409 contracto
1103 379 1291 406 matrimonio

286 437 361 463 licite
378 442 526 462 remanere
545 433 645 460 valeat.
663 434 742 467 (lieo.
759 434 802 464 27,
819 431 868 458 sol.
886 431 930 462 58,
948 434 979 456 n⁰
996 430 1035 464 ²2.)

326 543 339 557 «
368 529 498 567 liudulfo
520 528 555 558 de
578 526 770 565 Balzendors
781 524 884 561 militi,
905 522 1135 563 Aryenlinensis
1153 520 1289 550 diocesis.

286 584 333 613 Ex
349 583 434 613 serie
455 584 507 612 tue
530 580 700 620 petitionis
717 579 908 618 accepimus
925 577 1010 616 quod
1028 577 1180 615 parentes·
1196 575 1291 604 Lore-

284 637 347 672 ttie,
375 635 525 665 mulier1s
541 634 580 665 de
604 635 713 664 Parva
731 633 839 667 Petra,
862 629 1118 670 Argentinensis
1136 627 1291 661 diocesis,

285 690 391 728 ipsam
422 689 500 718 tunc
537 687 743 725 impuberem
774 685 991 720 existentem,
1023 681 1223 713 monasterio
1253 680 1292 709 de

284 741 445 775 Estheim‚
471 740 619 779 ejusdem
644 739 798 773 diocesis,
821 737 1025 768 tradiderunt
1044 736 1078 766 in
1096 743 1161 774 quo
1177 733 1293 764 eadem

284 795 333 829 L„
349 795 523 832 postquam
537 793 769 823 duodecimum
787 790 1110 830 ‹:01nplevitannum‚
1124 798 1182 827 per
1197 789 1294 826 quin-

284 855 347 885 que
368 855 473 876 anuos
491 846 544 876 vel
560 846 690 876 cin-iter
712 852 839 874 moram
854 843 953 873 traxit
976 845 1005 873 et
1025 843 1058 872 in
1076 851 1140 880 quo
1166 842 1292 872 nullam

285 899 525 939 professionem
556 899 678 933 emisit,
708 907 745 927 ac
777 897 935 927 mulieres
958 904 1021 934 que
1049 896 1127 925 sunt
1156 895 1292 930 ibidem,

286 953 360 983 licet
386 952 419 981 in
442 952 567 981 divinis
586 951 706 982 officiis
728 951 889 980 duntaxat
907 949 1056 987 regulam
1075 948 1106 977 b.
1124 948 1295 977 Benedicti

286 1005 474 1040 observent,
496 1005 608 1034 tamen
628 1003 801 1042 proprium
818 1002 940 1032 habent
961 1003 990 1031 et
1011 1001 1131 1031 vivunt
1147 1002 1182 1030 ut
1197 1009 1293 1031 cano-

287 1057 358 1087 nice
368 1057 534 1087 semlai-es
545 1057 576 1086 et
587 1056 687 1086 etiam
700 1055 866 1094 prebende
878 1055 1026 1085 districte
1041 1054 1074 1083 in
1090 1062 1186 1092 pane,
1202 1054 1292 1090 vino,

286 1110 440 1141 carnibus
458 1110 489 1140 et
500 1109 576 1139 aliis
588 1109 786 1139 necessariis
800 1109 1032 1138 ministrantur
1044 1108 1181 1142 eisdem,
1201 1107 1296 1137 vesti·
1325 1116 1326 1121 ¹

287 1164 349 1193 bus
367 1164 504 1193 utuntur
527 1163 565 1192 de
584 1162 733 1198 bruneto,
753 1162 857 1200 pelles
873 1162 1043 1191 silvestres
1058 1163 1087 1191 et
1107 1161 1190 1190 alias
1205 1160 1294 1190 defe-

288 1218 407 1249 rentes,
433 1224 491 1246 nec
514 1215 702 1254 astringunt
722 1223 757 1245 se
778 1215 876 1244 alicui
904 1214 1113 1244 observantie
1134 1214 1294 1252 1¹11¹gular13

287 1269 502 1307 quamplures
518 1277 649 1307 quoque
663 1277 704 1298 ex
718 1268 833 1298 eodem
846 1267 1046 1297 monasterio
1061 1276 1080 1297 a
1095 1267 1166 1297 suis
1180 1275 1294 1305 paren-

288 1321 377 1352 tibus
403 1322 480 1351 sunt
508 1321 634 1355 educte,
665 1329 727 1359 que
756 1320 968 1350 matriinonia
989 1321 1235 1355 contraxerunt,
1262 1319 1296 1350 in

287 1374 410 1413 quibus
425 1375 657 1404 remanserunt
671 1373 784 1409 libere,
799 1373 890 1403 nullo
907 1381 1006 1412 super
1019 1372 1211 1411 hujusmodi
1229 1381 1295 1401 ma-

289 1427 457 1457 trimoniis
488 1427 622 1465 aliquod
659 1426 868 1456 obstaculum
897 1427 1093 1464 opponente.
1127 1426 1232 1455 Porro
1261 1426 1295 1454 tu

287 1480 425 1510 eandem
444 1480 479 1509 L.
504 1479 543 1509 de
568 1479 769 1509 monasterio
792 1479 876 1518 ipso,
895 1479 929 1508 in
947 1487 1012 1517 quo
1030 1478 1157 1508 nullam
1172 1478 1296 1516 profes-

287 1533 415 1563 sionem
445 1533 612 1568 emiserat,
645 1533 801 1567 educens,
831 1540 916 1566 eam,
948 1531 1080 1561 vivente
1112 1540 1213 1561 uxore
1241 1533 1296 1561 tua

288 1585 447 1623 legitima,
461 1585 637 1615 carnaliter
648 1584 846 1623 cognovisti,
862 1586 891 1614 et
904 1585 979 1622 post
994 1585 1133 1614 mortem
1151 1584 1295 1622 predicte

288 1638 420 1673 uxoris,
453 1638 575 1667 dictam
603 1638 639 1667 L.
672 1637 733 1667 tibi
762 1637 924 1676 copulasti
949 1637 1240 1667 inatriinonialiter
1263 1637 1297 1667 in

289 1700 425 1721 uxorem
443 1700 480 1721 ac
495 1699 535 1721 ex
557 1699 594 1721 ea
610 1691 699 1720 filios
712 1691 866 1729 genuisti.
884 1690 966 1721 Cum
982 1691 1091 1720 autem
1107 1699 1148 1720 ex
1165 1699 1295 1729 separa-

287 1745 374 1775 tione
401 1745 475 1774 talis
496 1744 700 1775 matrimonii
718 1745 860 1782 possint,
881 1745 915 1773 ut
931 1744 1062 1778 dicitur,
1087 1744 1120 1773 in
1140 1744 1208 1773 illis
1223 1752 1295 1782 par-

287 1798 375 1828 tibus
392 1805 509 1836 graves
528 1797 703 1827 inimicitie
719 1797 884 1832 suscitari,
902 1805 943 1826 ex
958 1797 1081 1835 quibus
1096 1796 1200 1826 multa
1212 1797 1297 1835 peri-

287 1850 361 1881 cula
383 1852 414 1880 et
431 1850 610 1880 homicidia
630 1851 785 1888 poterunt
806 1850 994 1888 provenire,
1014 1850 1111 1880 nobis
1128 1849 1298 1880 humiliter

288 1903 482 1943 supplicasti
506 1904 541 1933 ut
558 1903 617 1933 tibi
634 1912 734 1941 super
749 1903 809 1933 hoc
827 1903 1002 1941 providere
1018 1904 1155 1941 paterna
1177 1903 1298 1933 solliei-

290 1957 402 1987 tudine
433 1964 637 1986 vuraremus.
669 1956 738 1986 Nos
767 1956 876 1994 itaque
905 1956 970 1985 tuis
997 1956 1298 1994 supplicationibus

291 2009 452 2044 inclinati,
482 2009 570 2038 veris
598 2008 819 2038 existentibus
848 2009 1059 2047 supradictis.
1093 2009 1299 2047 presentium

292 2062 349 2092 tibi
376 2061 568 2091 auctoritate
593 2062 805 2091 concedimus
829 2063 863 2091 ut
885 2062 918 2091 in
941 2062 988 2091 sivv
1006 2063 1170 2092 contracto
1189 2063 1298 2092 matri-

292 2115 402 2144 monio
420 2114 507 2144 licite
526 2114 638 2144 valeas
650 2123 832 2150 reilianere,
849 2114 1015 2153 predictos
1031 2115 1119 2145 filios
1132 2115 1298 2154 legitimos

292 2168 515 2197 decernentes.
533 2167 637 2203 Nulli,
655 2169 704 2197 etc
717 2185 765 2198 —.
782 2168 816 2198 Si
834 2169 920 2206 quis,
940 2169 988 2198 etc
1004 2186 1053 2198 —.
1074 2169 1195 2198 Datum
1211 2169 1298 2207 apud

294 2220 573 2254 Urbemveterem,
592 2220 666 2250 idus
681 2221 771 2256 maii,
792 2230 879 2251 anno
895 2222 1051 2251 secundo.
1067 2232 1083 2249 »

361 2389 432 2418 22ss
865 2388 989 2422 Viterbe,
1009 2390 1041 2413 20
1057 2388 1128 2415 avril
1152 2390 1227 2415 1262».

323 2471 389 2497 ltuto
401 2471 496 2497 babilo
506 2471 627 2498 divortio
638 2471 1102 2507 macari,1·cgis1=00111iao,atque
1113 2474 1299 2507 Mai-garciae,

295 2526 359 2545 curn
380 2519 480 2545 eodem
505 2527 570 2553 rege
593 2519 709 2555 ejusque
731 2528 803 2546 nova
822 2521 942 2556 conjuge
964 2522 1132 2555 lirinis-{unda
1154 2523 1299 2556 dispensat

296 2569 338 2598 ut,
355 2568 601 2601 consanguinitate
620 2571 648 2595 et
669 2568 808 2595 affinitate
829 2577 928 2596 eornm
952 2578 1007 2597 nou
1028 2571 1169 2601 obstante,
1190 2572 1217 2598 in
1239 2580 1302 2598 eou-

295 2618 388 2642 tracto
402 2617 587 2644 matrimonio
599 2617 677 2644 licite
689 2626 839 2645 remanere
852 2619 974 2645 valeant.
991 2620 1069 2653 (Iti-zo.
1087 2621 1131 2652 ΞΤ,
1148 2620 1195 2647 sol.
1214 2622 1246 2647 58
1262 2624 1302 2653 νυ,

299 2672 328 2690 ιιι·
349 2666 373 2697 ij.
391 2665 528 2692 l’orrussr
549 2666 653 2699 18277.)

343 2792 355 2804 u
374 2780 536 2809 Car-[ssime
554 2781 582 2809 in
601 2780 719 2811 Christo
736 2781 813 2819 filie,
834 2782 986 2817 OllorarO,
1004 2784 1067 2822 regyi
1083 2784 1201 2814 liaemie
1224 2785 1304 2815 illus-

304 2884 416 2914 lendas
430 2885 520 2919 maii,
536 2895 622 2916 anno
638 2886 756 2925 primo.
776 2899 789 2914 »

1420 295 1492 326 229

1923 291 2047 325 Orvieto,
2065 294 2096 319 15
2114 301 2193 320 mars
2213 294 2290 321 1263.

1388 378 1539 405 Proeessus
1565 377 1593 404 in
1616 377 1788 403 Ricearduin
1813 376 1956 410 quondam
1982 376 2059 403 Petri
2083 377 2247 410 Annibalffl,
2269 378 2361 404 civem

1353 426 1524 453 Romanum.
1544 426 1623 460 (itae.
1641 426 1686 457 27,
1702 425 1750 454 sol.
1769 426 1813 456 59,
1830 433 1861 450 no
1879 425 1914 458 1.)

1393 526 1407 541 «
1432 514 1609 544 [tectoribus
1627 514 1760 542 Romane
1783 513 2006 551 fraternitatis.
2027 513 2135 544 Habet
2150 514 2237 544 unde
2256 515 2362 553 gravi-

1352 568 1402 597 ter
1417 568 1520 597 mater
1537 566 1811 601 eeclesiadoleat3
1829 565 1927 596 babet
1943 565 2032 595 unde
2049 566 2195 596 dolorem
2212 566 2362 597 clamori·

1353 619 1416 649 bus
1441 619 1605 658 exprimat
1620 619 1719 657 plena
1743 618 1902 656 quen-lis,
1924 619 2034 656 utpote
2056 619 2215 656 gravibus
2232 619 2365 657 injuriis

1354 671 1505 702 lacessita
1520 672 1725 706 medullitus,
1737 672 1767 701 et
1779 670 1972 701 enormibus
1988 670 2366 710 eollisajactu1·is;d01et

1355 724 1502 763 inquam,
1521 733 1580 755 nee
1605 724 1835 759 lniruin,du1n
1853 723 1988 762 inspicit
2005 723 2093 762 quod
2118 723 2184 753 cari
2209 724 2262 754 sui
2286 724 2365 754 facti

1354 779 1431 807 sunt
1446 778 1558 807 hostes
1574 778 1645 816 ejus
1663 779 1693 807 et
1709 778 1765 816 qui
1786 780 1948 807 suxerunt
1966 777 2073 815 ipsius
2091 777 2205 812 ubera,
2224 777 2365 807 materni

1355 830 1448 860 lactis
1463 830 1576 861 refecti
1593 830 1781 866 dammae,
1797 830 2031 860 amaritudinis
2048 830 2185 860 calicem
2201 829 2292 859 illam
2306 839 2365 868 pro

1355 883 1462 913 dolor!
1472 884 1646 922 degustare
1657 884 1870 922 compellunt,
1879 884 2002 922 quique
2012 883 2179 913 fecundati
2189 892 2248 922 per
2260 883 2366 922 ipsam

1355 935 1532 974 grandium
1551 935 1699 966 ubertate
1709 936 1884 972 bonorum,
1903 935 2082 966 hostilibus
2097 944 2169 971 eain
2185 944 2366 974 provocare

1356 989 1528 1019 conatibus
1544 990 1575 1019 et
1590 989 1776 1019 libertatem
1797 989 1869 1028 ejus
1891 990 2051 1027 quantum
2072 990 2105 1019 in
2123 989 2172 1019 eis
2187 990 2248 1024 est,
2266 989 2368 1028 repri-

1356 1051 1444 1072 mere
1456 1051 1522 1072 non
1533 1044 1699 1072 verentur.
1714 1042 1740 1071 O
1753 1042 2226 1081 ingratitudinisdampnabile
2235 1042 2366 1077 vinum,

1357 1104 1408 1125 res
1428 1095 1555 1134 ingrata
1578 1096 1709 1134 superis
1733 1097 1763 1125 et
1778 1096 1920 1125 terrenis
1941 1095 2073 1130 infesta,
2089 1104 2141 1125 res
2157 1104 2222 1133 qua
2239 1095 2291 1125 lex
2307 1095 2366 1125 hu-

1357 1157 1453 1178 mane
1479 1150 1594 1178 nature
1625 1148 1852 1182 confunditur,
1868 1148 1946 1178 dum
1977 1149 2024 1178 sit¹
2055 1148 2146 1178 lilius
2171 1149 2204 1178 in
2227 1150 2367 1178 matrem

1357 1202 1441 1231 sevit
1471 1201 1662 1231 immaniter
1691 1202 1779 1240 quod
1810 1201 1901 1231 illius
1929 1201 2059 1239 gladius
2093 1201 2192 1231 istius
2219 1201 2367 1231 animam

1357 1255 1500 1293 relegata
1518 1254 1611 1284 filiali
1632 1254 1808 1285 devotione
1828 1255 2023 1293 pertransit!
2042 1255 2111 1284 Hei·
2127 1254 2274 1293 profecto
2292 1262 2369 1292 que·

1357 1307 1425 1337 reia
1444 1308 1483 1337 de
1504 1307 1575 1337 viro
1599 1307 1703 1337 nobili
1718 1307 1891 1341 Riccardo,
1915 1307 2082 1346 quondam
2102 1307 2191 1337 Petri
2212 1305 2366 1337 Anibaldi

1357 1361 1427 1390 cive
1445 1361 1608 1396 Romano,
1625 1369 1666 1390 ex
1689 1369 1789 1390 eausa
1813 1369 1876 1398 que
1907 1362 2022 1390 nostra
2046 1360 2218 1399 precordia
2240 1359 2367 1390 sauciat

1357 1413 1454 1443 nobis
1486 1415 1516 1443 et
1548 1414 1726 1452 apostolice
1751 1413 1822 1443 sedi
1852 1413 2023 1451 consurgit
2045 1414 2076 1443 et
2113 1415 2235 1451 quanto
2257 1413 2369 1452 potius

1357 1465 1444 1495 clrca
1473 1465 1565 1494 illam
1594 1467 1707 1495 nostra
1738 1467 1891 1495 versatur
1913 1465 2063 1499 intentio,
2096 1466 2186 1495 tanto
2216 1465 2368 1496 dolemus

1357 1518 1510 1547 acerbius
1526 1519 1555 1548 et
1564 1518 1736 1556 graviores
1751 1518 1915 1548 sentimus
1931 1518 1965 1547 in
1977 1517 2074 1547 corde
2085 1520 2281 1556 puncturas}
2294 1518 2369 1557 Ipse

1358 1570 1491 1609 quidem
1511 1579 1576 1600 non
1592 1570 1742 1600 recolens
1764 1570 1818 1600 vel
1840 1570 1956 1600 forsan
1972 1570 2131 1600 memorie
2151 1572 2263 1600 tenere
2282 1570 2370 1600 dedi-

1358 1631 1476 1661 gnans,
1499 1623 1662 1653 sublimes
1679 1623 1802 1661 gratias
1820 1624 1850 1653 et
1868 1623 2012 1653 honores
2031 1623 2227 1662 magnificos
2251 1623 2316 1653 sibi
2333 1632 2370 1653 ac

1357 1676 1429 1705 suis
1451 1685 1469 1705 a
1488 1675 1597 1714 longis
1619 1677 1705 1706 retro
1723 1675 1930 1714 temporibus
1950 1676 2035 1706 dicte
2057 1676 2147 1706 sedis
2172 1675 2371 1706 liberalitate

1360 1729 1579 1763 collatosmon
1591 1729 1768 1759 advertens
1775 1729 1863 1767 quod
1872 1729 1968 1759 multi
1979 1729 2115 1759 honoris
2126 1729 2370 1767 prerogativam

1357 1782 1590 1821 precipuisque
1621 1782 1746 1812 favoris
1773 1782 1862 1820 apud
1890 1790 1950 1812 nos
1976 1785 2007 1812 et
2029 1782 2168 1812 eandem
2194 1781 2370 1812 ecclesiam

1358 1844 1414 1874 pre
1443 1835 1520 1865 aliis
1549 1835 1712 1866 Romanis
1739 1835 1908 1865 nobilibus
1936 1835 2116 1870 obtinebat,
2134 1844 2199 1865 non
2216 1838 2368 1865 metuens

1359 1897 1452 1918 suam
1478 1897 1552 1918 cuni
1577 1888 1813 1926 spoliatoribus
1831 1888 1981 1927 ejusdem
2000 1888 2138 1918 ecclesie
2157 1896 2280 1926 ponere
2295 1896 2369 1926 por-

1358 1940 1481 1970 tionem
1500 1949 1559 1970 nec
1579 1940 1738 1970 offensam
1757 1940 1869 1970 divine
1899 1940 2083 1977 majestatis
2107 1940 2251 1975 evitans,
2273 1940 2372 1970 eccle-

1359 1993 1455 2026 siam,
1477 1993 1593 2023 domos
1623 1993 1830 2032 episcopales
1861 1995 1892 2023 et
1918 1993 2084 2023 civitatem
2114 1993 2303 2024 Ostiensem
2336 1993 2370 2023 in

1358 2046 1481 2084 prefate
1493 2046 1581 2075 sedis
1591 2046 1776 2076 visceribus
1789 2047 1998 2081 constitutas,
2011 2046 2268 2085 dampnabiliter
2281 2054 2373 2077 occu-

1359 2099 1450 2137 pavit
1472 2099 1503 2128 et
1519 2099 1643 2128 detinet
1662 2099 1695 2128 iu
1715 2102 1865 2129 nostrum
1890 2101 1921 2130 et
1942 2100 2026 2130 dicte
2043 2100 2133 2130 sedis
2151 2099 2371 2139 prejudicium

1359 2152 1389 2180 et
1412 2151 1636 2188 contemptum
1661 2159 1783 2188 sueque
1804 2151 1922 2180 salutis
1945 2151 2159 2189 dispendium
2184 2153 2371 2190 occupatas.

1360 2204 1463 2233 Porro
1486 2203 1550 2233 tale
1568 2203 1665 2233 nobis
1681 2204 1711 2233 et
1727 2202 1835 2233 eidem
1859 2204 1930 2233 sedi
1947 2204 1988 2234 ab
2008 2204 2078 2242 ipso
2102 2212 2167 2234 non
2186 2206 2255 2234 erat
2279 2203 2371 2234 obse-

1359 2256 1475 2293 quium
1487 2255 1758 2294 impendemlum,
1774 2265 1848 2286 eum
1858 2256 1949 2286 nulla
1960 2265 2002 2286 ex
2016 2258 2106 2294 parte
2121 2259 2233 2287 nostra
2244 2266 2374 2295 proces-

1360 2309 1460 2339 sisset
1475 2309 1604 2339 occasio
1622 2309 1709 2347 quod
1726 2309 1759 2338 in
1778 2309 1856 2338 talis
1876 2309 2106 2339 enormitatem
2125 2310 2249 2340 oss‘ense
2265 2309 2372 2348 prosi-

1360 2362 1421 2392 lire
1448 2362 1539 2392 omni
1563 2371 1580 2391 a
1605 2361 1800 2401 seiprorsus
1824 2361 1952 2400 abjevta
1979 2363 2162 2393 reverentia
2189 2362 2371 2393 debuisset.

1363 2415 1468 2450 Unde,
1480 2423 1555 2444 cum
1566 2423 1624 2453 per
1638 2414 1698 2444 hoc
1711 2415 1786 2444 tacti
1799 2414 1906 2444 simus
1917 2423 1965 2444 en*
1974 2414 2215 2454 miniter-:usque
2233 2415 2374 2446 interius

1362 2468 1402 2498 ad
1427 2468 1604 2502 medullas,
1619 2476 1677 2498 uec
1701 2477 1928 2507 proponamus
1953 2470 2078 2498 tantum
2106 2477 2282 2499 excessum
2305 2470 2374 2499 tan·

1362 2523 1497 2559 tumque
1511 2523 1689 2552 memorate
1704 2521 1793 2551 sedis
1803 2521 2018 2560 obprobrium
2035 2522 2096 2552 sub
2107 2521 2375 2552 dissimulatione

1363 2574 1515 2608 transire,
1533 2574 1725 2604 discretioni
1741 2576 1850 2604 vestre
1866 2583 1923 2612 per
1945 2575 2125 2613 apostolica
2144 2576 2265 2614 scripta
2282 2582 2374 2604 man—

1364 2627 1482 2657 damus
1504 2627 1662 2665 quatinus
1683 2627 1825 2657 eundem
1851 2627 1995 2657 nobilem
2013 2628 2178 2657 moneatis
2196 2627 2375 2657 efficaciter

1364 2683 1395 2709 et
1412 2679 1568 2709 indm-ere
1582 2680 1820 2718 p1·ocur0tis‚oi
1835 2680 2072 2710 nichilominus
2089 2680 2150 2710 sub
2166 2680 2262 2719 penis
2279 2687 2373 2710 exco-

1366 2732 1602 2762 municatiouis
1615 2734 1643 2762 et
1660 2733 1857 2771 privationis
1876 2733 1967 2763 illius
1985 2733 2088 2763 ostii-ii
2101 2733 2178 2766 sibi,
2193 2734 2226 2762 ut
2244 2732 2373 2765 asserit,

1365 2787 1593 2824 competentis,
1608 2795 1672 2824 quo
1685 2786 1836 2816 Romano
1849 2786 1999 2825 pontifici
2012 2795 2084 2816 euni
2095 2785 2277 2824 pontificali
2291 2793 2375 2824 cupa

303 2832 350 2861 (ri.
371 2835 453 2863 (lum
474 2843 625 2864 suminus
640 2834 787 2873 pontifex
802 2853 849 2866 —.
866 2836 987 2866 Datum
1007 2837 1158 2873 viterbii,
1178 2849 1221 2868 x11
1249 2841 1305 2870 lia-
1335 2827 1337 2844 Ἀ

1367 2838 1399 2868 in
1426 2847 1505 2869 rena
1532 2839 1666 2869 Domini
1690 2840 1890 2875 deservitur,
1907 2839 2123 2877 omniumque
2149 2838 2323 2868 feudorum
2344 2841 2373 2868 et

1365 2894 1546 2932 gratiarum
1564 2903 1626 2933 que
1650 2904 1667 2924 a
1685 2895 1761 2925 sede
1778 2894 1903 2933 prefata
1920 2894 1972 2924 vel
1989 2893 2253 2932 quibuscumque
2272 2892 2372 2924 eccle-
