<?xml version="1.0" encoding="UTF-8"?>
<!DOCTYPE html PUBLIC "-//W3C//DTD XHTML 1.0 Transitional//EN"
    "http://www.w3.org/TR/xhtml1/DTD/xhtml1-transitional.dtd">
<html xmlns="http://www.w3.org/1999/xhtml" xml:lang="en" lang="en">
 <head>
  <title>
</title>
<meta http-equiv="Content-Type" content="text/html;charset=utf-8" />
  <meta name='ocr-system' content='tesseract 3.04.00' />
  <meta name='ocr-capabilities' content='ocr_page ocr_carea ocr_par ocr_line ocrx_word'/>
</head>
<body>
  <div class='ocr_page' id='page_1' title='image "./lesregistresdurb12cath/lesregistresdurb12cath_0549.png"; bbox 0 0 2547 3289; ppageno 0'>
   <div class='ocr_carea' id='block_1_1' title="bbox 1053 224 1478 263">
    <p class='ocr_par' dir='ltr' id='par_1_1' title="bbox 1053 224 1478 263">
     <span class='ocr_line' id='line_1_1' title="bbox 1053 224 1478 263; baseline -0.002 -1"><span class='ocrx_word' id='word_1_1' title='bbox 1053 224 1293 263; x_wconf 77' lang='lat' dir='ltr'>TROISIEME</span> <span class='ocrx_word' id='word_1_2' title='bbox 1314 224 1478 262; x_wconf 75' lang='lat' dir='ltr'>ANNEE.</span> 
     </span>
    </p>
   </div>
   <div class='ocr_carea' id='block_1_2' title="bbox 204 314 1230 2474">
    <p class='ocr_par' dir='ltr' id='par_1_2' title="bbox 204 314 1230 2474">
     <span class='ocr_line' id='line_1_2' title="bbox 216 314 1230 355; baseline 0 -11"><span class='ocrx_word' id='word_1_3' title='bbox 216 314 357 345; x_wconf 86' lang='lat' dir='ltr'><strong>milibus</strong></span> <span class='ocrx_word' id='word_1_4' title='bbox 386 323 577 345; x_wconf 84' lang='lat' dir='ltr'><strong>marcarum</strong></span> <span class='ocrx_word' id='word_1_5' title='bbox 603 316 856 355; x_wconf 76' lang='lat' dir='ltr'>sterlingorum,</span> <span class='ocrx_word' id='word_1_6' title='bbox 879 324 938 354; x_wconf 88' lang='lat' dir='ltr'><strong>pro</strong></span> <span class='ocrx_word' id='word_1_7' title='bbox 964 318 1108 354; x_wconf 79' lang='lat' dir='ltr'><strong>quatuor</strong></span> <span class='ocrx_word' id='word_1_8' title='bbox 1133 317 1230 346; x_wconf 71' lang='lat' dir='ltr'><strong>annis</strong></span> 
     </span>
     <span class='ocr_line' id='line_1_3' title="bbox 213 367 1229 406; baseline 0.001 -10"><span class='ocrx_word' id='word_1_9' title='bbox 213 367 399 405; x_wconf 76' lang='lat' dir='ltr'><strong>preteritis,</strong></span> <span class='ocrx_word' id='word_1_10' title='bbox 419 376 546 397; x_wconf 78' lang='lat' dir='ltr'>necnon</span> <span class='ocrx_word' id='word_1_11' title='bbox 564 370 596 398; x_wconf 89' lang='lat' dir='ltr'><strong>et</strong></span> <span class='ocrx_word' id='word_1_12' title='bbox 610 368 768 406; x_wconf 76' lang='lat' dir='ltr'>dampnis</span> <span class='ocrx_word' id='word_1_13' title='bbox 784 369 816 398; x_wconf 85' lang='lat' dir='ltr'><strong>et</strong></span> <span class='ocrx_word' id='word_1_14' title='bbox 833 368 993 406; x_wconf 82' lang='lat' dir='ltr'><strong>expensis</strong></span> <span class='ocrx_word' id='word_1_15' title='bbox 1011 376 1048 397; x_wconf 83' lang='lat' dir='ltr'><strong>ac</strong></span> <span class='ocrx_word' id='word_1_16' title='bbox 1064 368 1229 398; x_wconf 87' lang='lat' dir='ltr'><strong>interesse</strong></span> 
     </span>
     <span class='ocr_line' id='line_1_4' title="bbox 213 420 1229 459; baseline 0.002 -11"><span class='ocrx_word' id='word_1_17' title='bbox 213 420 310 449; x_wconf 80' lang='lat' dir='ltr'><strong>vobis</strong></span> <span class='ocrx_word' id='word_1_18' title='bbox 334 420 494 450; x_wconf 86' lang='lat' dir='ltr'><strong>satisfieri</strong></span> <span class='ocrx_word' id='word_1_19' title='bbox 518 421 730 459; x_wconf 83' lang='lat' dir='ltr'><strong>postulastis.</strong></span> <span class='ocrx_word' id='word_1_20' title='bbox 751 421 791 451; x_wconf 86' lang='lat' dir='ltr'><strong>Et</strong></span> <span class='ocrx_word' id='word_1_21' title='bbox 815 421 903 457; x_wconf 70' lang='lat' dir='ltr'><strong>licet‚</strong></span> <span class='ocrx_word' id='word_1_22' title='bbox 925 430 984 459; x_wconf 85' lang='lat' dir='ltr'><strong>pro</strong></span> <span class='ocrx_word' id='word_1_23' title='bbox 1004 422 1097 459; x_wconf 87' lang='lat' dir='ltr'><strong>parte</strong></span> <span class='ocrx_word' id='word_1_24' title='bbox 1120 421 1229 459; x_wconf 84' lang='lat' dir='ltr'><strong>ipsius</strong></span> 
     </span>
     <span class='ocr_line' id='line_1_5' title="bbox 213 473 1227 512; baseline 0.001 -10"><span class='ocrx_word' id='word_1_25' title='bbox 213 473 322 507; x_wconf 79' lang='lat' dir='ltr'><strong>electi,</strong></span> <span class='ocrx_word' id='word_1_26' title='bbox 342 473 580 503; x_wconf 78' lang='lat' dir='ltr'><strong>excusationes</strong></span> <span class='ocrx_word' id='word_1_27' title='bbox 597 474 688 503; x_wconf 82' lang='lat' dir='ltr'><strong>varie</strong></span> <span class='ocrx_word' id='word_1_28' title='bbox 708 473 853 503; x_wconf 85' lang='lat' dir='ltr'><strong>fuissent</strong></span> <span class='ocrx_word' id='word_1_29' title='bbox 872 473 1044 512; x_wconf 80' lang='lat' dir='ltr'><strong>proposite</strong></span> <span class='ocrx_word' id='word_1_30' title='bbox 1063 483 1166 512; x_wconf 78' lang='lat' dir='ltr'><strong>quare</strong></span> <span class='ocrx_word' id='word_1_31' title='bbox 1187 474 1227 503; x_wconf 86' lang='lat' dir='ltr'><strong>ad</strong></span> 
     </span>
     <span class='ocr_line' id='line_1_6' title="bbox 212 525 1226 564; baseline 0.001 -10"><span class='ocrx_word' id='word_1_32' title='bbox 212 525 245 555; x_wconf 89' lang='lat' dir='ltr'><strong>id</strong></span> <span class='ocrx_word' id='word_1_33' title='bbox 259 534 324 555; x_wconf 88' lang='lat' dir='ltr'><strong>non</strong></span> <span class='ocrx_word' id='word_1_34' title='bbox 338 527 428 555; x_wconf 81' lang='lat' dir='ltr'><strong>esset</strong></span> <span class='ocrx_word' id='word_1_35' title='bbox 438 526 611 555; x_wconf 84' lang='lat' dir='ltr'><strong>artaudus.</strong></span> <span class='ocrx_word' id='word_1_36' title='bbox 625 527 750 561; x_wconf 87' lang='lat' dir='ltr'><strong>tamen,</strong></span> <span class='ocrx_word' id='word_1_37' title='bbox 764 526 880 556; x_wconf 91' lang='lat' dir='ltr'><strong>eodem</strong></span> <span class='ocrx_word' id='word_1_38' title='bbox 894 526 999 556; x_wconf 83' lang='lat' dir='ltr'><strong>electo</strong></span> <span class='ocrx_word' id='word_1_39' title='bbox 1014 526 1102 564; x_wconf 89' lang='lat' dir='ltr'><strong>apud</strong></span> <span class='ocrx_word' id='word_1_40' title='bbox 1113 527 1226 556; x_wconf 88' lang='lat' dir='ltr'><strong>sedem</strong></span> 
     </span>
     <span class='ocr_line' id='line_1_7' title="bbox 212 578 1226 617; baseline 0.001 -9"><span class='ocrx_word' id='word_1_41' title='bbox 212 578 379 609; x_wconf 77' lang='lat' dir='ltr'><strong>existente</strong></span> <span class='ocrx_word' id='word_1_42' title='bbox 404 579 601 616; x_wconf 74' lang='lat' dir='ltr'><strong>predictam,</strong></span> <span class='ocrx_word' id='word_1_43' title='bbox 621 579 707 609; x_wconf 87' lang='lat' dir='ltr'><strong>inter</strong></span> <span class='ocrx_word' id='word_1_44' title='bbox 732 588 791 609; x_wconf 90' lang='lat' dir='ltr'><strong>vos</strong></span> <span class='ocrx_word' id='word_1_45' title='bbox 816 581 847 608; x_wconf 87' lang='lat' dir='ltr'><strong>et</strong></span> <span class='ocrx_word' id='word_1_46' title='bbox 866 579 989 617; x_wconf 79' lang='lat' dir='ltr'><strong>ipsum.</strong></span> <span class='ocrx_word' id='word_1_47' title='bbox 1013 579 1135 609; x_wconf 87' lang='lat' dir='ltr'><strong>dilecto</strong></span> <span class='ocrx_word' id='word_1_48' title='bbox 1158 579 1226 609; x_wconf 82' lang='lat' dir='ltr'><strong>filio</strong></span> 
     </span>
     <span class='ocr_line' id='line_1_8' title="bbox 210 631 1226 670; baseline 0.001 -9"><span class='ocrx_word' id='word_1_49' title='bbox 210 633 327 661; x_wconf 87' lang='lat' dir='ltr'><strong>nostro</strong></span> <span class='ocrx_word' id='word_1_50' title='bbox 352 631 403 661; x_wconf 82' lang='lat' dir='ltr'><strong>G..</strong></span> <span class='ocrx_word' id='word_1_51' title='bbox 434 631 525 661; x_wconf 91' lang='lat' dir='ltr'><strong>tituli</strong></span> <span class='ocrx_word' id='word_1_52' title='bbox 553 640 579 661; x_wconf 88' lang='lat' dir='ltr'><strong>s.</strong></span> <span class='ocrx_word' id='word_1_53' title='bbox 608 631 713 661; x_wconf 87' lang='lat' dir='ltr'><strong>Marci</strong></span> <span class='ocrx_word' id='word_1_54' title='bbox 743 631 944 670; x_wconf 76' lang='lat' dir='ltr'><strong>presbytero</strong></span> <span class='ocrx_word' id='word_1_55' title='bbox 977 632 1153 662; x_wconf 84' lang='lat' dir='ltr'><strong>cardinali.</strong></span> <span class='ocrx_word' id='word_1_56' title='bbox 1187 633 1226 662; x_wconf 86' lang='lat' dir='ltr'><strong>de</strong></span> 
     </span>
     <span class='ocr_line' id='line_1_9' title="bbox 212 683 1225 722; baseline 0.001 -9"><span class='ocrx_word' id='word_1_57' title='bbox 212 684 371 714; x_wconf 88' lang='lat' dir='ltr'><strong>mandato</strong></span> <span class='ocrx_word' id='word_1_58' title='bbox 384 685 512 719; x_wconf 89' lang='lat' dir='ltr'><strong>nostro,</strong></span> <span class='ocrx_word' id='word_1_59' title='bbox 525 684 563 713; x_wconf 88' lang='lat' dir='ltr'><strong>ad</strong></span> <span class='ocrx_word' id='word_1_60' title='bbox 576 683 636 713; x_wconf 90' lang='lat' dir='ltr'><strong>hoc</strong></span> <span class='ocrx_word' id='word_1_61' title='bbox 651 683 809 722; x_wconf 82' lang='lat' dir='ltr'><strong>prebente</strong></span> <span class='ocrx_word' id='word_1_62' title='bbox 821 693 969 722; x_wconf 79' lang='lat' dir='ltr'><strong>operam,</strong></span> <span class='ocrx_word' id='word_1_63' title='bbox 980 684 1106 714; x_wconf 77' lang='lat' dir='ltr'><strong>diversi</strong></span> <span class='ocrx_word' id='word_1_64' title='bbox 1120 685 1225 715; x_wconf 83' lang='lat' dir='ltr'><strong>habiti</strong></span> 
     </span>
     <span class='ocr_line' id='line_1_10' title="bbox 211 736 1225 774; baseline 0.001 -8"><span class='ocrx_word' id='word_1_65' title='bbox 211 738 290 767; x_wconf 92' lang='lat' dir='ltr'><strong>sunt</strong></span> <span class='ocrx_word' id='word_1_66' title='bbox 312 738 476 766; x_wconf 84' lang='lat' dir='ltr'><strong>tractatus</strong></span> <span class='ocrx_word' id='word_1_67' title='bbox 501 737 540 766; x_wconf 90' lang='lat' dir='ltr'><strong>de</strong></span> <span class='ocrx_word' id='word_1_68' title='bbox 564 736 716 766; x_wconf 84' lang='lat' dir='ltr'><strong>facienda</strong></span> <span class='ocrx_word' id='word_1_69' title='bbox 737 745 839 774; x_wconf 91' lang='lat' dir='ltr'><strong>super</strong></span> <span class='ocrx_word' id='word_1_70' title='bbox 863 737 1023 774; x_wconf 81' lang='lat' dir='ltr'><strong>predictis</strong></span> <span class='ocrx_word' id='word_1_71' title='bbox 1048 738 1225 767; x_wconf 84' lang='lat' dir='ltr'><strong>concordia</strong></span> 
     </span>
     <span class='ocr_line' id='line_1_11' title="bbox 210 789 1224 828; baseline 0.001 -9"><span class='ocrx_word' id='word_1_72' title='bbox 210 790 298 820; x_wconf 89' lang='lat' dir='ltr'><strong>inter</strong></span> <span class='ocrx_word' id='word_1_73' title='bbox 315 791 440 827; x_wconf 87' lang='lat' dir='ltr'><strong>partes.</strong></span> <span class='ocrx_word' id='word_1_74' title='bbox 459 797 523 827; x_wconf 81' lang='lat' dir='ltr'><strong>que</strong></span> <span class='ocrx_word' id='word_1_75' title='bbox 544 789 577 818; x_wconf 92' lang='lat' dir='ltr'><strong>in</strong></span> <span class='ocrx_word' id='word_1_76' title='bbox 597 789 707 826; x_wconf 89' lang='lat' dir='ltr'><strong>ipsius</strong></span> <span class='ocrx_word' id='word_1_77' title='bbox 726 789 823 819; x_wconf 87' lang='lat' dir='ltr'><strong>electi</strong></span> <span class='ocrx_word' id='word_1_78' title='bbox 842 789 1012 827; x_wconf 81' lang='lat' dir='ltr'><strong>presentia</strong></span> <span class='ocrx_word' id='word_1_79' title='bbox 1034 798 1100 819; x_wconf 88' lang='lat' dir='ltr'><strong>non</strong></span> <span class='ocrx_word' id='word_1_80' title='bbox 1117 791 1224 828; x_wconf 86' lang='lat' dir='ltr'><strong>potuit</strong></span> 
     </span>
     <span class='ocr_line' id='line_1_12' title="bbox 209 842 1223 881; baseline 0 -9"><span class='ocrx_word' id='word_1_81' title='bbox 209 842 399 881; x_wconf 88' lang='lat' dir='ltr'><strong>provenire.</strong></span> <span class='ocrx_word' id='word_1_82' title='bbox 421 842 492 872; x_wconf 91' lang='lat' dir='ltr'><strong>Nos</strong></span> <span class='ocrx_word' id='word_1_83' title='bbox 509 844 634 877; x_wconf 85' lang='lat' dir='ltr'><strong>autem,</strong></span> <span class='ocrx_word' id='word_1_84' title='bbox 656 843 732 879; x_wconf 89' lang='lat' dir='ltr'><strong>post</strong></span> <span class='ocrx_word' id='word_1_85' title='bbox 751 850 923 871; x_wconf 75' lang='lat' dir='ltr'><strong>recessum</strong></span> <span class='ocrx_word' id='word_1_86' title='bbox 942 842 1094 880; x_wconf 85' lang='lat' dir='ltr'><strong>ejusdem</strong></span> <span class='ocrx_word' id='word_1_87' title='bbox 1115 843 1223 877; x_wconf 73' lang='lat' dir='ltr'><strong>electi,</strong></span> 
     </span>
     <span class='ocr_line' id='line_1_13' title="bbox 209 894 1224 932; baseline 0.001 -8"><span class='ocrx_word' id='word_1_88' title='bbox 209 895 360 925; x_wconf 86' lang='lat' dir='ltr'><strong>volentes</strong></span> <span class='ocrx_word' id='word_1_89' title='bbox 373 897 441 925; x_wconf 89' lang='lat' dir='ltr'><strong>tam</strong></span> <span class='ocrx_word' id='word_1_90' title='bbox 458 894 569 932; x_wconf 87' lang='lat' dir='ltr'><strong>ipsius</strong></span> <span class='ocrx_word' id='word_1_91' title='bbox 586 894 685 924; x_wconf 85' lang='lat' dir='ltr'><strong>electi</strong></span> <span class='ocrx_word' id='word_1_92' title='bbox 704 896 735 924; x_wconf 92' lang='lat' dir='ltr'><strong>et</strong></span> <span class='ocrx_word' id='word_1_93' title='bbox 752 894 880 932; x_wconf 82' lang='lat' dir='ltr'><strong>prefate</strong></span> <span class='ocrx_word' id='word_1_94' title='bbox 898 894 1060 924; x_wconf 85' lang='lat' dir='ltr'><strong>Metensis</strong></span> <span class='ocrx_word' id='word_1_95' title='bbox 1083 895 1224 925; x_wconf 85' lang='lat' dir='ltr'><strong>ecclesie</strong></span> 
     </span>
     <span class='ocr_line' id='line_1_14' title="bbox 209 946 1223 986; baseline 0.001 -9"><span class='ocrx_word' id='word_1_96' title='bbox 209 955 308 986; x_wconf 86' lang='lat' dir='ltr'><strong>quam</strong></span> <span class='ocrx_word' id='word_1_97' title='bbox 333 949 444 976; x_wconf 71' lang='lat' dir='ltr'><strong>vestre</strong></span> <span class='ocrx_word' id='word_1_98' title='bbox 472 947 711 985; x_wconf 87' lang='lat' dir='ltr'><strong>indempnitati</strong></span> <span class='ocrx_word' id='word_1_99' title='bbox 738 946 926 979; x_wconf 82' lang='lat' dir='ltr'><strong>consulere,</strong></span> <span class='ocrx_word' id='word_1_100' title='bbox 956 956 993 976; x_wconf 85' lang='lat' dir='ltr'><strong>ac</strong></span> <span class='ocrx_word' id='word_1_101' title='bbox 1021 947 1173 985; x_wconf 88' lang='lat' dir='ltr'><strong>ipsorum</strong></span> <span class='ocrx_word' id='word_1_102' title='bbox 1193 950 1223 978; x_wconf 90' lang='lat' dir='ltr'><strong>et</strong></span> 
     </span>
     <span class='ocr_line' id='line_1_15' title="bbox 207 999 1224 1039; baseline 0.002 -11"><span class='ocrx_word' id='word_1_103' title='bbox 207 1000 332 1030; x_wconf 89' lang='lat' dir='ltr'><strong>vestris</strong></span> <span class='ocrx_word' id='word_1_104' title='bbox 358 999 547 1038; x_wconf 71' lang='lat' dir='ltr'><strong>dispendiis</strong></span> <span class='ocrx_word' id='word_1_105' title='bbox 571 1001 602 1030; x_wconf 91' lang='lat' dir='ltr'><strong>et</strong></span> <span class='ocrx_word' id='word_1_106' title='bbox 627 999 884 1038; x_wconf 83' lang='lat' dir='ltr'><strong>gravaminibus</strong></span> <span class='ocrx_word' id='word_1_107' title='bbox 910 1000 942 1029; x_wconf 91' lang='lat' dir='ltr'><strong>in</strong></span> <span class='ocrx_word' id='word_1_108' title='bbox 965 999 1024 1029; x_wconf 79' lang='lat' dir='ltr'><strong>hac</strong></span> <span class='ocrx_word' id='word_1_109' title='bbox 1051 1003 1144 1037; x_wconf 85' lang='lat' dir='ltr'><strong>parte</strong></span> <span class='ocrx_word' id='word_1_110' title='bbox 1170 1009 1224 1039; x_wconf 90' lang='lat' dir='ltr'><strong>pa-</strong></span> 
     </span>
     <span class='ocr_line' id='line_1_16' title="bbox 206 1052 1223 1085; baseline 0.001 -3"><span class='ocrx_word' id='word_1_111' title='bbox 206 1054 303 1083; x_wconf 86' lang='lat' dir='ltr'><strong>terna</strong></span> <span class='ocrx_word' id='word_1_112' title='bbox 319 1052 547 1082; x_wconf 87' lang='lat' dir='ltr'><strong>sollicitudine</strong></span> <span class='ocrx_word' id='word_1_113' title='bbox 565 1052 830 1083; x_wconf 80' lang='lat' dir='ltr'><strong>obviare.eidem</strong></span> <span class='ocrx_word' id='word_1_114' title='bbox 844 1053 1019 1085; x_wconf 73' lang='lat' dir='ltr'><strong>cardinali,</strong></span> <span class='ocrx_word' id='word_1_115' title='bbox 1032 1053 1065 1082; x_wconf 92' lang='lat' dir='ltr'><strong>in</strong></span> <span class='ocrx_word' id='word_1_116' title='bbox 1082 1053 1223 1083; x_wconf 86' lang='lat' dir='ltr'><strong>t&#39;ratrum</strong></span> 
     </span>
     <span class='ocr_line' id='line_1_17' title="bbox 206 1105 1221 1144; baseline 0 -8"><span class='ocrx_word' id='word_1_117' title='bbox 206 1107 403 1136; x_wconf 89' lang='lat' dir='ltr'><strong>nostrorum</strong></span> <span class='ocrx_word' id='word_1_118' title='bbox 417 1105 602 1144; x_wconf 75' lang='lat' dir='ltr'><strong>presentia,</strong></span> <span class='ocrx_word' id='word_1_119' title='bbox 619 1106 854 1136; x_wconf 77' lang='lat' dir='ltr'><strong>commisimus</strong></span> <span class='ocrx_word' id='word_1_120' title='bbox 871 1106 1006 1136; x_wconf 80' lang='lat' dir='ltr'><strong>oraculo</strong></span> <span class='ocrx_word' id='word_1_121' title='bbox 1024 1106 1098 1135; x_wconf 79' lang='lat' dir='ltr'><strong>vive</strong></span> <span class='ocrx_word' id='word_1_122' title='bbox 1117 1107 1221 1142; x_wconf 74' lang='lat' dir='ltr'><strong>vocis,</strong></span> 
     </span>
     <span class='ocr_line' id='line_1_18' title="bbox 207 1158 1223 1198; baseline 0.001 -10"><span class='ocrx_word' id='word_1_123' title='bbox 207 1161 244 1189; x_wconf 92' lang='lat' dir='ltr'><strong>ut</strong></span> <span class='ocrx_word' id='word_1_124' title='bbox 261 1167 363 1197; x_wconf 89' lang='lat' dir='ltr'><strong>super</strong></span> <span class='ocrx_word' id='word_1_125' title='bbox 380 1158 441 1189; x_wconf 89' lang='lat' dir='ltr'><strong>hoc</strong></span> <span class='ocrx_word' id='word_1_126' title='bbox 459 1159 642 1190; x_wconf 86' lang='lat' dir='ltr'><strong>ordinaret.</strong></span> <span class='ocrx_word' id='word_1_127' title='bbox 663 1159 868 1198; x_wconf 82' lang='lat' dir='ltr'><strong>provideret,</strong></span> <span class='ocrx_word' id='word_1_128' title='bbox 889 1159 1083 1189; x_wconf 83' lang='lat' dir='ltr'><strong>decerneret</strong></span> <span class='ocrx_word' id='word_1_129' title='bbox 1102 1168 1139 1189; x_wconf 87' lang='lat' dir='ltr'><strong>ac</strong></span> <span class='ocrx_word' id='word_1_130' title='bbox 1157 1162 1223 1189; x_wconf 86' lang='lat' dir='ltr'><strong>sta-</strong></span> 
     </span>
     <span class='ocr_line' id='line_1_19' title="bbox 206 1212 1222 1251; baseline 0 -9"><span class='ocrx_word' id='word_1_131' title='bbox 206 1213 327 1242; x_wconf 85' lang='lat' dir='ltr'><strong>tueret.</strong></span> <span class='ocrx_word' id='word_1_132' title='bbox 350 1214 448 1250; x_wconf 89' lang='lat' dir='ltr'><strong>prout</strong></span> <span class='ocrx_word' id='word_1_133' title='bbox 468 1212 609 1242; x_wconf 78' lang='lat' dir='ltr'><strong>utilitati</strong></span> <span class='ocrx_word' id='word_1_134' title='bbox 633 1213 665 1242; x_wconf 91' lang='lat' dir='ltr'><strong>et</strong></span> <span class='ocrx_word' id='word_1_135' title='bbox 688 1212 763 1250; x_wconf 86' lang='lat' dir='ltr'><strong>paci</strong></span> <span class='ocrx_word' id='word_1_136' title='bbox 786 1212 931 1251; x_wconf 88' lang='lat' dir='ltr'><strong>partium</strong></span> <span class='ocrx_word' id='word_1_137' title='bbox 946 1212 1076 1242; x_wconf 75' lang='lat' dir='ltr'><strong>videret</strong></span> <span class='ocrx_word' id='word_1_138' title='bbox 1098 1213 1222 1242; x_wconf 88' lang='lat' dir='ltr'><strong>melius</strong></span> 
     </span>
     <span class='ocr_line' id='line_1_20' title="bbox 206 1265 1222 1304; baseline 0.001 -10"><span class='ocrx_word' id='word_1_139' title='bbox 206 1265 377 1303; x_wconf 77' lang='lat' dir='ltr'><strong>expedire.</strong></span> <span class='ocrx_word' id='word_1_140' title='bbox 407 1265 500 1295; x_wconf 86' lang='lat' dir='ltr'><strong>Idem</strong></span> <span class='ocrx_word' id='word_1_141' title='bbox 530 1274 610 1295; x_wconf 88' lang='lat' dir='ltr'><strong>vero</strong></span> <span class='ocrx_word' id='word_1_142' title='bbox 634 1265 829 1300; x_wconf 70' lang='lat' dir='ltr'><strong>cardinalis,</strong></span> <span class='ocrx_word' id='word_1_143' title='bbox 856 1266 1081 1296; x_wconf 73' lang='lat' dir='ltr'><strong>consideratis</strong></span> <span class='ocrx_word' id='word_1_144' title='bbox 1106 1266 1222 1304; x_wconf 85' lang='lat' dir='ltr'><strong>hujus-</strong></span> 
     </span>
     <span class='ocr_line' id='line_1_21' title="bbox 207 1318 1222 1357; baseline 0.002 -10"><span class='ocrx_word' id='word_1_145' title='bbox 207 1318 297 1348; x_wconf 85' lang='lat' dir='ltr'><strong>modi</strong></span> <span class='ocrx_word' id='word_1_146' title='bbox 326 1318 528 1348; x_wconf 84' lang='lat' dir='ltr'><strong>tractatibus</strong></span> <span class='ocrx_word' id='word_1_147' title='bbox 546 1321 577 1349; x_wconf 89' lang='lat' dir='ltr'><strong>et</strong></span> <span class='ocrx_word' id='word_1_148' title='bbox 604 1319 757 1357; x_wconf 86' lang='lat' dir='ltr'><strong>inspecta</strong></span> <span class='ocrx_word' id='word_1_149' title='bbox 782 1319 1024 1349; x_wconf 86' lang='lat' dir='ltr'><strong>nichilominus</strong></span> <span class='ocrx_word' id='word_1_150' title='bbox 1049 1319 1222 1349; x_wconf 87' lang='lat' dir='ltr'><strong>voluntate</strong></span> 
     </span>
     <span class='ocr_line' id='line_1_22' title="bbox 205 1371 1222 1410; baseline 0.002 -10"><span class='ocrx_word' id='word_1_151' title='bbox 205 1371 349 1410; x_wconf 84' lang='lat' dir='ltr'><strong>predicti</strong></span> <span class='ocrx_word' id='word_1_152' title='bbox 382 1371 491 1401; x_wconf 88' lang='lat' dir='ltr'><strong>electi.</strong></span> <span class='ocrx_word' id='word_1_153' title='bbox 524 1380 624 1410; x_wconf 88' lang='lat' dir='ltr'><strong>quam</strong></span> <span class='ocrx_word' id='word_1_154' title='bbox 653 1372 692 1402; x_wconf 92' lang='lat' dir='ltr'><strong>de</strong></span> <span class='ocrx_word' id='word_1_155' title='bbox 725 1372 904 1402; x_wconf 86' lang='lat' dir='ltr'><strong>concordia</strong></span> <span class='ocrx_word' id='word_1_156' title='bbox 932 1372 1105 1402; x_wconf 86' lang='lat' dir='ltr'><strong>tractando</strong></span> <span class='ocrx_word' id='word_1_157' title='bbox 1134 1373 1222 1402; x_wconf 85' lang='lat' dir='ltr'><strong>inter</strong></span> 
     </span>
     <span class='ocr_line' id='line_1_23' title="bbox 205 1425 1221 1463; baseline 0.002 -10"><span class='ocrx_word' id='word_1_158' title='bbox 205 1426 319 1463; x_wconf 88' lang='lat' dir='ltr'><strong>partes</strong></span> <span class='ocrx_word' id='word_1_159' title='bbox 337 1425 526 1463; x_wconf 72' lang='lat' dir='ltr'><strong>perpendit,</strong></span> <span class='ocrx_word' id='word_1_160' title='bbox 552 1425 751 1455; x_wconf 87' lang='lat' dir='ltr'><strong>auctoritate</strong></span> <span class='ocrx_word' id='word_1_161' title='bbox 769 1426 885 1455; x_wconf 88' lang='lat' dir='ltr'><strong>nostra</strong></span> <span class='ocrx_word' id='word_1_162' title='bbox 901 1425 1069 1463; x_wconf 80' lang='lat' dir='ltr'><strong>quandam</strong></span> <span class='ocrx_word' id='word_1_163' title='bbox 1089 1426 1221 1455; x_wconf 86' lang='lat' dir='ltr'><strong>ordina-</strong></span> 
     </span>
     <span class='ocr_line' id='line_1_24' title="bbox 204 1477 1221 1516; baseline 0.001 -9"><span class='ocrx_word' id='word_1_164' title='bbox 204 1477 345 1514; x_wconf 75' lang='lat' dir='ltr'><strong>tionem,</strong></span> <span class='ocrx_word' id='word_1_165' title='bbox 362 1478 593 1516; x_wconf 78' lang='lat' dir='ltr'><strong>provisionem</strong></span> <span class='ocrx_word' id='word_1_166' title='bbox 606 1480 637 1508; x_wconf 90' lang='lat' dir='ltr'><strong>et</strong></span> <span class='ocrx_word' id='word_1_167' title='bbox 651 1480 817 1509; x_wconf 85' lang='lat' dir='ltr'><strong>statutum</strong></span> <span class='ocrx_word' id='word_1_168' title='bbox 832 1479 919 1508; x_wconf 90' lang='lat' dir='ltr'><strong>inter</strong></span> <span class='ocrx_word' id='word_1_169' title='bbox 933 1480 1046 1516; x_wconf 87' lang='lat' dir='ltr'><strong>partes</strong></span> <span class='ocrx_word' id='word_1_170' title='bbox 1060 1478 1137 1509; x_wconf 78' lang='lat' dir='ltr'><strong>t&#39;ecit</strong></span> <span class='ocrx_word' id='word_1_171' title='bbox 1152 1488 1221 1509; x_wconf 83' lang='lat' dir='ltr'><strong>eas-</strong></span> 
     </span>
     <span class='ocr_line' id='line_1_25' title="bbox 206 1530 1222 1570; baseline 0.001 -10"><span class='ocrx_word' id='word_1_172' title='bbox 206 1530 293 1566; x_wconf 86' lang='lat' dir='ltr'><strong>dem,</strong></span> <span class='ocrx_word' id='word_1_173' title='bbox 314 1531 347 1560; x_wconf 88' lang='lat' dir='ltr'><strong>in</strong></span> <span class='ocrx_word' id='word_1_174' title='bbox 366 1540 432 1569; x_wconf 86' lang='lat' dir='ltr'><strong>qua</strong></span> <span class='ocrx_word' id='word_1_175' title='bbox 450 1531 587 1570; x_wconf 81' lang='lat' dir='ltr'><strong>quidem</strong></span> <span class='ocrx_word' id='word_1_176' title='bbox 607 1531 820 1561; x_wconf 87' lang='lat' dir='ltr'><strong>ordinatione</strong></span> <span class='ocrx_word' id='word_1_177' title='bbox 842 1531 929 1561; x_wconf 91' lang='lat' dir='ltr'><strong>inter</strong></span> <span class='ocrx_word' id='word_1_178' title='bbox 945 1532 1010 1561; x_wconf 87' lang='lat' dir='ltr'><strong>alia</strong></span> <span class='ocrx_word' id='word_1_179' title='bbox 1031 1532 1222 1562; x_wconf 84' lang='lat' dir='ltr'><strong>continetur</strong></span> 
     </span>
     <span class='ocr_line' id='line_1_26' title="bbox 206 1584 1221 1623; baseline 0.001 -10"><span class='ocrx_word' id='word_1_180' title='bbox 206 1584 306 1622; x_wconf 88' lang='lat' dir='ltr'><strong>quod,</strong></span> <span class='ocrx_word' id='word_1_181' title='bbox 332 1584 360 1613; x_wconf 91' lang='lat' dir='ltr'><strong>si</strong></span> <span class='ocrx_word' id='word_1_182' title='bbox 388 1584 561 1622; x_wconf 82' lang='lat' dir='ltr'><strong>predictus</strong></span> <span class='ocrx_word' id='word_1_183' title='bbox 587 1584 714 1614; x_wconf 84' lang='lat' dir='ltr'><strong>electus</strong></span> <span class='ocrx_word' id='word_1_184' title='bbox 740 1585 773 1614; x_wconf 90' lang='lat' dir='ltr'><strong>in</strong></span> <span class='ocrx_word' id='word_1_185' title='bbox 798 1585 912 1623; x_wconf 72' lang='lat' dir='ltr'><strong>aliquo</strong></span> <span class='ocrx_word' id='word_1_186' title='bbox 938 1585 1161 1615; x_wconf 89' lang='lat' dir='ltr'><strong>terminorum</strong></span> <span class='ocrx_word' id='word_1_187' title='bbox 1180 1586 1221 1615; x_wconf 88' lang='lat' dir='ltr'><strong>ad</strong></span> 
     </span>
     <span class='ocr_line' id='line_1_27' title="bbox 206 1637 1219 1676; baseline 0.002 -10"><span class='ocrx_word' id='word_1_188' title='bbox 206 1637 267 1667; x_wconf 82' lang='lat' dir='ltr'><strong>hoo</strong></span> <span class='ocrx_word' id='word_1_189' title='bbox 281 1639 499 1667; x_wconf 84' lang='lat' dir='ltr'><strong>statutorum.</strong></span> <span class='ocrx_word' id='word_1_190' title='bbox 511 1638 696 1667; x_wconf 78' lang='lat' dir='ltr'><strong>cessaverit</strong></span> <span class='ocrx_word' id='word_1_191' title='bbox 712 1638 745 1667; x_wconf 92' lang='lat' dir='ltr'><strong>in</strong></span> <span class='ocrx_word' id='word_1_192' title='bbox 762 1639 830 1668; x_wconf 87' lang='lat' dir='ltr'><strong>toto</strong></span> <span class='ocrx_word' id='word_1_193' title='bbox 846 1638 897 1668; x_wconf 78' lang='lat' dir='ltr'><strong>vel</strong></span> <span class='ocrx_word' id='word_1_194' title='bbox 918 1638 951 1667; x_wconf 90' lang='lat' dir='ltr'><strong>in</strong></span> <span class='ocrx_word' id='word_1_195' title='bbox 970 1640 1063 1676; x_wconf 87' lang='lat' dir='ltr'><strong>parte</strong></span> <span class='ocrx_word' id='word_1_196' title='bbox 1082 1638 1114 1668; x_wconf 91' lang='lat' dir='ltr'><strong>in</strong></span> <span class='ocrx_word' id='word_1_197' title='bbox 1132 1638 1219 1668; x_wconf 89' lang='lat' dir='ltr'><strong>solu-</strong></span> 
     </span>
     <span class='ocr_line' id='line_1_28' title="bbox 204 1691 1221 1730; baseline 0 -9"><span class='ocrx_word' id='word_1_198' title='bbox 204 1691 294 1721; x_wconf 80' lang='lat' dir='ltr'><strong>tione</strong></span> <span class='ocrx_word' id='word_1_199' title='bbox 319 1691 472 1729; x_wconf 83' lang='lat' dir='ltr'><strong>pecunie,</strong></span> <span class='ocrx_word' id='word_1_200' title='bbox 493 1700 593 1729; x_wconf 88' lang='lat' dir='ltr'><strong>quam</strong></span> <span class='ocrx_word' id='word_1_201' title='bbox 613 1691 646 1720; x_wconf 91' lang='lat' dir='ltr'><strong>in</strong></span> <span class='ocrx_word' id='word_1_202' title='bbox 665 1700 714 1725; x_wconf 84' lang='lat' dir='ltr'><strong>eo,</strong></span> <span class='ocrx_word' id='word_1_203' title='bbox 731 1691 827 1729; x_wconf 82' lang='lat' dir='ltr'><strong>juxta</strong></span> <span class='ocrx_word' id='word_1_204' title='bbox 854 1692 997 1721; x_wconf 52' lang='lat' dir='ltr'><strong>lerinam</strong></span> <span class='ocrx_word' id='word_1_205' title='bbox 1026 1691 1221 1730; x_wconf 87' lang='lat' dir='ltr'><strong>hujusmodi</strong></span> 
     </span>
     <span class='ocr_line' id='line_1_29' title="bbox 206 1744 1221 1783; baseline 0.001 -10"><span class='ocrx_word' id='word_1_206' title='bbox 206 1744 443 1779; x_wconf 73' lang='lat' dir='ltr'><strong>ordinationis,</strong></span> <span class='ocrx_word' id='word_1_207' title='bbox 466 1746 598 1774; x_wconf 88' lang='lat' dir='ltr'><strong>tenetur</strong></span> <span class='ocrx_word' id='word_1_208' title='bbox 623 1744 766 1779; x_wconf 69' lang='lat' dir='ltr'><strong>solvere,</strong></span> <span class='ocrx_word' id='word_1_209' title='bbox 785 1744 873 1774; x_wconf 85' lang='lat' dir='ltr'><strong>idem</strong></span> <span class='ocrx_word' id='word_1_210' title='bbox 890 1745 928 1775; x_wconf 75' lang='lat' dir='ltr'><strong>G.</strong></span> <span class='ocrx_word' id='word_1_211' title='bbox 948 1744 1130 1774; x_wconf 84' lang='lat' dir='ltr'><strong>cardinalis</strong></span> <span class='ocrx_word' id='word_1_212' title='bbox 1148 1753 1221 1783; x_wconf 89' lang='lat' dir='ltr'><strong>pre-</strong></span> 
     </span>
     <span class='ocr_line' id='line_1_30' title="bbox 205 1797 1221 1828; baseline 0.001 -2"><span class='ocrx_word' id='word_1_213' title='bbox 205 1797 330 1827; x_wconf 87' lang='lat' dir='ltr'><strong>dictum</strong></span> <span class='ocrx_word' id='word_1_214' title='bbox 352 1797 497 1827; x_wconf 86' lang='lat' dir='ltr'><strong>electum</strong></span> <span class='ocrx_word' id='word_1_215' title='bbox 522 1798 884 1828; x_wconf 83' lang='lat' dir='ltr'><strong>excommunicationis</strong></span> <span class='ocrx_word' id='word_1_216' title='bbox 907 1798 1072 1828; x_wconf 86' lang='lat' dir='ltr'><strong>sententie</strong></span> <span class='ocrx_word' id='word_1_217' title='bbox 1100 1807 1135 1828; x_wconf 87' lang='lat' dir='ltr'><strong>ac</strong></span> <span class='ocrx_word' id='word_1_218' title='bbox 1153 1807 1221 1828; x_wconf 87' lang='lat' dir='ltr'><strong>om-</strong></span> 
     </span>
     <span class='ocr_line' id='line_1_31' title="bbox 206 1849 1221 1889; baseline 0.002 -10"><span class='ocrx_word' id='word_1_219' title='bbox 206 1849 307 1880; x_wconf 91' lang='lat' dir='ltr'><strong>nibus</strong></span> <span class='ocrx_word' id='word_1_220' title='bbox 325 1851 423 1889; x_wconf 87' lang='lat' dir='ltr'><strong>penis</strong></span> <span class='ocrx_word' id='word_1_221' title='bbox 442 1852 473 1880; x_wconf 91' lang='lat' dir='ltr'><strong>et</strong></span> <span class='ocrx_word' id='word_1_222' title='bbox 490 1850 754 1889; x_wconf 74' lang='lat' dir='ltr'><strong>obligationibus</strong></span> <span class='ocrx_word' id='word_1_223' title='bbox 774 1850 1058 1889; x_wconf 71' lang='lat' dir='ltr'><strong>quibuscumque,</strong></span> <span class='ocrx_word' id='word_1_224' title='bbox 1085 1851 1118 1880; x_wconf 94' lang='lat' dir='ltr'><strong>in</strong></span> <span class='ocrx_word' id='word_1_225' title='bbox 1137 1860 1221 1889; x_wconf 81' lang='lat' dir='ltr'><strong>quas</strong></span> 
     </span>
     <span class='ocr_line' id='line_1_32' title="bbox 205 1903 1222 1942; baseline 0.002 -10"><span class='ocrx_word' id='word_1_226' title='bbox 205 1903 379 1933; x_wconf 71' lang='lat' dir='ltr'><strong>denuisset</strong></span> <span class='ocrx_word' id='word_1_227' title='bbox 407 1904 555 1933; x_wconf 84' lang='lat' dir='ltr'><strong>incidere</strong></span> <span class='ocrx_word' id='word_1_228' title='bbox 585 1904 737 1942; x_wconf 85' lang='lat' dir='ltr'><strong>prefatus</strong></span> <span class='ocrx_word' id='word_1_229' title='bbox 767 1905 960 1942; x_wconf 75' lang='lat' dir='ltr'><strong>episcopus,</strong></span> <span class='ocrx_word' id='word_1_230' title='bbox 990 1904 1017 1933; x_wconf 91' lang='lat' dir='ltr'><strong>si</strong></span> <span class='ocrx_word' id='word_1_231' title='bbox 1039 1905 1166 1934; x_wconf 70' lang='lat' dir='ltr'><strong>vireret</strong></span> <span class='ocrx_word' id='word_1_232' title='bbox 1190 1907 1222 1934; x_wconf 88' lang='lat' dir='ltr'><strong>et</strong></span> 
     </span>
     <span class='ocr_line' id='line_1_33' title="bbox 205 1957 1220 1995; baseline 0.001 -9"><span class='ocrx_word' id='word_1_233' title='bbox 205 1958 320 1987; x_wconf 88' lang='lat' dir='ltr'><strong>contra</strong></span> <span class='ocrx_word' id='word_1_234' title='bbox 336 1957 601 1995; x_wconf 75' lang='lat' dir='ltr'><strong>compositiones</strong></span> <span class='ocrx_word' id='word_1_235' title='bbox 616 1957 744 1987; x_wconf 75' lang='lat' dir='ltr'><strong>veniret</strong></span> <span class='ocrx_word' id='word_1_236' title='bbox 756 1957 938 1995; x_wconf 80' lang='lat' dir='ltr'><strong>predictas,</strong></span> <span class='ocrx_word' id='word_1_237' title='bbox 954 1957 1154 1995; x_wconf 61' lang='lat' dir='ltr'><strong>subjacereL</strong></span> <span class='ocrx_word' id='word_1_238' title='bbox 1167 1958 1220 1987; x_wconf 87' lang='lat' dir='ltr'><strong>de-</strong></span> 
     </span>
     <span class='ocr_line' id='line_1_34' title="bbox 204 2010 1221 2050; baseline 0 -10"><span class='ocrx_word' id='word_1_239' title='bbox 204 2010 321 2040; x_wconf 82' lang='lat' dir='ltr'><strong>crevit.</strong></span> <span class='ocrx_word' id='word_1_240' title='bbox 343 2010 538 2040; x_wconf 84' lang='lat' dir='ltr'><strong>Predictum</strong></span> <span class='ocrx_word' id='word_1_241' title='bbox 565 2013 676 2040; x_wconf 88' lang='lat' dir='ltr'><strong>autem</strong></span> <span class='ocrx_word' id='word_1_242' title='bbox 698 2011 841 2040; x_wconf 86' lang='lat' dir='ltr'><strong>electum</strong></span> <span class='ocrx_word' id='word_1_243' title='bbox 863 2013 893 2040; x_wconf 91' lang='lat' dir='ltr'><strong>et</strong></span> <span class='ocrx_word' id='word_1_244' title='bbox 914 2019 1130 2040; x_wconf 70' lang='lat' dir='ltr'><strong>suctessm&#39;es</strong></span> <span class='ocrx_word' id='word_1_245' title='bbox 1149 2011 1221 2050; x_wconf 79' lang='lat' dir='ltr'><strong>ejus</strong></span> 
     </span>
     <span class='ocr_line' id='line_1_35' title="bbox 205 2063 1221 2102; baseline 0.001 -10"><span class='ocrx_word' id='word_1_246' title='bbox 205 2063 246 2093; x_wconf 91' lang='lat' dir='ltr'><strong>ad</strong></span> <span class='ocrx_word' id='word_1_247' title='bbox 263 2072 368 2101; x_wconf 85' lang='lat' dir='ltr'><strong>penas</strong></span> <span class='ocrx_word' id='word_1_248' title='bbox 389 2063 521 2101; x_wconf 86' lang='lat' dir='ltr'><strong>aliquas</strong></span> <span class='ocrx_word' id='word_1_249' title='bbox 538 2072 597 2093; x_wconf 89' lang='lat' dir='ltr'><strong>seu</strong></span> <span class='ocrx_word' id='word_1_250' title='bbox 617 2064 772 2102; x_wconf 87' lang='lat' dir='ltr'><strong>dampna.</strong></span> <span class='ocrx_word' id='word_1_251' title='bbox 786 2072 952 2102; x_wconf 79' lang='lat' dir='ltr'><strong>expensas</strong></span> <span class='ocrx_word' id='word_1_252' title='bbox 967 2064 1019 2093; x_wconf 76' lang='lat' dir='ltr'><strong>vel</strong></span> <span class='ocrx_word' id='word_1_253' title='bbox 1037 2064 1221 2102; x_wconf 80' lang='lat' dir='ltr'><strong>quodcum-</strong></span> 
     </span>
     <span class='ocr_line' id='line_1_36' title="bbox 204 2117 1219 2156; baseline 0.001 -10"><span class='ocrx_word' id='word_1_254' title='bbox 204 2125 269 2155; x_wconf 82' lang='lat' dir='ltr'><strong>que</strong></span> <span class='ocrx_word' id='word_1_255' title='bbox 287 2117 464 2152; x_wconf 86' lang='lat' dir='ltr'><strong>interesse,</strong></span> <span class='ocrx_word' id='word_1_256' title='bbox 491 2125 550 2155; x_wconf 87' lang='lat' dir='ltr'><strong>pro</strong></span> <span class='ocrx_word' id='word_1_257' title='bbox 575 2117 719 2155; x_wconf 75' lang='lat' dir='ltr'><strong>eoquod</strong></span> <span class='ocrx_word' id='word_1_258' title='bbox 747 2117 846 2147; x_wconf 86' lang='lat' dir='ltr'><strong>dictis</strong></span> <span class='ocrx_word' id='word_1_259' title='bbox 872 2120 1016 2156; x_wconf 84' lang='lat' dir='ltr'><strong>quatuor</strong></span> <span class='ocrx_word' id='word_1_260' title='bbox 1038 2117 1134 2147; x_wconf 83' lang='lat' dir='ltr'><strong>annis</strong></span> <span class='ocrx_word' id='word_1_261' title='bbox 1158 2117 1219 2147; x_wconf 88' lang='lat' dir='ltr'><strong>fuit</strong></span> 
     </span>
     <span class='ocr_line' id='line_1_37' title="bbox 204 2170 1220 2208; baseline 0.001 -9"><span class='ocrx_word' id='word_1_262' title='bbox 204 2170 237 2199; x_wconf 90' lang='lat' dir='ltr'><strong>in</strong></span> <span class='ocrx_word' id='word_1_263' title='bbox 258 2170 485 2208; x_wconf 86' lang='lat' dir='ltr'><strong>predictarum</strong></span> <span class='ocrx_word' id='word_1_264' title='bbox 511 2170 604 2200; x_wconf 90' lang='lat' dir='ltr'><strong>mille</strong></span> <span class='ocrx_word' id='word_1_265' title='bbox 624 2179 815 2200; x_wconf 84' lang='lat' dir='ltr'><strong>marcarum</strong></span> <span class='ocrx_word' id='word_1_266' title='bbox 840 2170 1008 2200; x_wconf 84' lang='lat' dir='ltr'><strong>solutione</strong></span> <span class='ocrx_word' id='word_1_267' title='bbox 1037 2172 1220 2206; x_wconf 78' lang='lat' dir='ltr'><strong>cessatum,</strong></span> 
     </span>
     <span class='ocr_line' id='line_1_38' title="bbox 205 2223 1219 2262; baseline 0 -9"><span class='ocrx_word' id='word_1_268' title='bbox 205 2223 313 2253; x_wconf 86' lang='lat' dir='ltr'><strong>teneri</strong></span> <span class='ocrx_word' id='word_1_269' title='bbox 340 2223 460 2259; x_wconf 89' lang='lat' dir='ltr'><strong>noluit,</strong></span> <span class='ocrx_word' id='word_1_270' title='bbox 481 2223 540 2253; x_wconf 89' lang='lat' dir='ltr'><strong>sed</strong></span> <span class='ocrx_word' id='word_1_271' title='bbox 566 2223 659 2262; x_wconf 86' lang='lat' dir='ltr'><strong>ipsos</strong></span> <span class='ocrx_word' id='word_1_272' title='bbox 678 2223 718 2253; x_wconf 88' lang='lat' dir='ltr'><strong>‹le</strong></span> <span class='ocrx_word' id='word_1_273' title='bbox 745 2225 856 2253; x_wconf 85' lang='lat' dir='ltr'><strong>vestra</strong></span> <span class='ocrx_word' id='word_1_274' title='bbox 876 2224 1048 2253; x_wconf 81' lang='lat' dir='ltr'><strong>voluntate</strong></span> <span class='ocrx_word' id='word_1_275' title='bbox 1074 2223 1219 2253; x_wconf 78' lang='lat' dir='ltr'><strong>absolvit</strong></span> 
     </span>
     <span class='ocr_line' id='line_1_39' title="bbox 206 2276 1220 2316; baseline 0.001 -11"><span class='ocrx_word' id='word_1_276' title='bbox 206 2276 343 2315; x_wconf 88' lang='lat' dir='ltr'><strong>penitus</strong></span> <span class='ocrx_word' id='word_1_277' title='bbox 363 2276 403 2306; x_wconf 80' lang='lat' dir='ltr'><strong>ab</strong></span> <span class='ocrx_word' id='word_1_278' title='bbox 422 2277 561 2307; x_wconf 87' lang='lat' dir='ltr'><strong>eisdem.</strong></span> <span class='ocrx_word' id='word_1_279' title='bbox 584 2277 701 2306; x_wconf 85' lang='lat' dir='ltr'><strong>Voluit</strong></span> <span class='ocrx_word' id='word_1_280' title='bbox 716 2278 828 2306; x_wconf 88' lang='lat' dir='ltr'><strong>tamen</strong></span> <span class='ocrx_word' id='word_1_281' title='bbox 849 2279 883 2306; x_wconf 89' lang='lat' dir='ltr'><strong>ut</strong></span> <span class='ocrx_word' id='word_1_282' title='bbox 906 2277 1070 2315; x_wconf 84' lang='lat' dir='ltr'><strong>prelibate</strong></span> <span class='ocrx_word' id='word_1_283' title='bbox 1089 2286 1220 2316; x_wconf 84' lang='lat' dir='ltr'><strong>compo-</strong></span> 
     </span>
     <span class='ocr_line' id='line_1_40' title="bbox 210 2328 1219 2368; baseline 0 -11"><span class='ocrx_word' id='word_1_284' title='bbox 210 2328 363 2364; x_wconf 71' lang='lat' dir='ltr'><strong>sitiones,</strong></span> <span class='ocrx_word' id='word_1_285' title='bbox 386 2328 469 2358; x_wconf 75' lang='lat' dir='ltr'><strong>facte</strong></span> <span class='ocrx_word' id='word_1_286' title='bbox 487 2337 546 2366; x_wconf 88' lang='lat' dir='ltr'><strong>per</strong></span> <span class='ocrx_word' id='word_1_287' title='bbox 569 2329 738 2367; x_wconf 83' lang='lat' dir='ltr'><strong>predictos</strong></span> <span class='ocrx_word' id='word_1_288' title='bbox 760 2330 800 2359; x_wconf 92' lang='lat' dir='ltr'><strong>H.</strong></span> <span class='ocrx_word' id='word_1_289' title='bbox 822 2331 851 2359; x_wconf 89' lang='lat' dir='ltr'><strong>et</strong></span> <span class='ocrx_word' id='word_1_290' title='bbox 874 2330 911 2359; x_wconf 80' lang='grc' dir='ltr'><strong>Ρ.</strong></span> <span class='ocrx_word' id='word_1_291' title='bbox 932 2329 1133 2363; x_wconf 73' lang='lat' dir='ltr'><strong>cardinales,</strong></span> <span class='ocrx_word' id='word_1_292' title='bbox 1154 2339 1219 2368; x_wconf 75' lang='lat' dir='ltr'><strong>quo</strong></span> 
     </span>
     <span class='ocr_line' id='line_1_41' title="bbox 207 2381 1217 2421; baseline 0.003 -11"><span class='ocrx_word' id='word_1_293' title='bbox 207 2381 247 2411; x_wconf 91' lang='lat' dir='ltr'><strong>ad</strong></span> <span class='ocrx_word' id='word_1_294' title='bbox 267 2381 333 2410; x_wconf 85' lang='lat' dir='ltr'><strong>alia</strong></span> <span class='ocrx_word' id='word_1_295' title='bbox 355 2382 388 2411; x_wconf 90' lang='grc'><strong>111</strong></span> <span class='ocrx_word' id='word_1_296' title='bbox 415 2381 500 2420; x_wconf 85' lang='lat' dir='ltr'><strong>ipsis</strong></span> <span class='ocrx_word' id='word_1_297' title='bbox 523 2384 690 2417; x_wconf 81' lang='lat' dir='ltr'><strong>contenta,</strong></span> <span class='ocrx_word' id='word_1_298' title='bbox 713 2382 745 2412; x_wconf 93' lang='lat' dir='ltr'><strong>in</strong></span> <span class='ocrx_word' id='word_1_299' title='bbox 765 2391 826 2412; x_wconf 88' lang='lat' dir='ltr'><strong>sua</strong></span> <span class='ocrx_word' id='word_1_300' title='bbox 846 2383 1004 2412; x_wconf 75' lang='lat' dir='ltr'><strong>firmitate</strong></span> <span class='ocrx_word' id='word_1_301' title='bbox 1024 2383 1217 2421; x_wconf 80' lang='lat' dir='ltr'><strong>perdurent,</strong></span> 
     </span>
     <span class='ocr_line' id='line_1_42' title="bbox 207 2434 1218 2474; baseline 0.002 -10"><span class='ocrx_word' id='word_1_302' title='bbox 207 2436 306 2473; x_wconf 89' lang='lat' dir='ltr'><strong>prout</strong></span> <span class='ocrx_word' id='word_1_303' title='bbox 327 2434 360 2463; x_wconf 93' lang='lat' dir='ltr'><strong>in</strong></span> <span class='ocrx_word' id='word_1_304' title='bbox 382 2435 607 2464; x_wconf 87' lang='lat' dir='ltr'><strong>instrumento</strong></span> <span class='ocrx_word' id='word_1_305' title='bbox 627 2434 761 2473; x_wconf 85' lang='lat' dir='ltr'><strong>publico</strong></span> <span class='ocrx_word' id='word_1_306' title='bbox 783 2435 858 2465; x_wconf 88' lang='lat' dir='ltr'><strong>inde</strong></span> <span class='ocrx_word' id='word_1_307' title='bbox 879 2436 1041 2469; x_wconf 70' lang='lat' dir='ltr'><strong>contecto,</strong></span> <span class='ocrx_word' id='word_1_308' title='bbox 1068 2436 1218 2474; x_wconf 76' lang='lat' dir='ltr'><strong>sigillato</strong></span> 
     </span>
    </p>
   </div>
   <div class='ocr_carea' id='block_1_3' title="bbox 1250 395 1260 2426">
    <p class='ocr_par' dir='ltr' id='par_1_3' title="bbox 1250 395 1260 2426">
     <span class='ocr_line' id='line_1_43' title="bbox 1250 395 1260 2426; baseline 0 0"><span class='ocrx_word' id='word_1_309' title='bbox 1250 395 1260 2426; x_wconf 95' lang='lat' dir='ltr'><strong> </strong></span> 
     </span>
    </p>
   </div>
   <div class='ocr_carea' id='block_1_4' title="bbox 206 2487 1250 2633">
    <p class='ocr_par' dir='ltr' id='par_1_4' title="bbox 206 2487 1250 2633">
     <span class='ocr_line' id='line_1_44' title="bbox 207 2487 1250 2526; baseline 0.002 -10"><span class='ocrx_word' id='word_1_310' title='bbox 207 2487 321 2526; x_wconf 84' lang='lat' dir='ltr'><strong>sigillo</strong></span> <span class='ocrx_word' id='word_1_311' title='bbox 347 2487 458 2526; x_wconf 71' lang='lat' dir='ltr'><strong>ipsius</strong></span> <span class='ocrx_word' id='word_1_312' title='bbox 486 2488 525 2517; x_wconf 77' lang='lat' dir='ltr'><strong>Gr.</strong></span> <span class='ocrx_word' id='word_1_313' title='bbox 553 2488 748 2525; x_wconf 86' lang='lat' dir='ltr'><strong>cardinalis,</strong></span> <span class='ocrx_word' id='word_1_314' title='bbox 770 2488 904 2526; x_wconf 83' lang='lat' dir='ltr'><strong>plenius</strong></span> <span class='ocrx_word' id='word_1_315' title='bbox 925 2489 1128 2519; x_wconf 74' lang='lat' dir='ltr'><strong>continetur.</strong></span> <span class='ocrx_word' id='word_1_316' title='bbox 1149 2490 1219 2519; x_wconf 77' lang='lat' dir='ltr'><strong>Nos</strong></span> <span class='ocrx_word' id='word_1_317' title='bbox 1249 2509 1250 2517; x_wconf 48' lang='grc'><strong>1</strong></span> 
     </span>
     <span class='ocr_line' id='line_1_45' title="bbox 206 2540 1250 2579; baseline 0.001 -8"><span class='ocrx_word' id='word_1_318' title='bbox 206 2541 332 2579; x_wconf 55' lang='lat' dir='ltr'><strong>itaque3</strong></span> <span class='ocrx_word' id='word_1_319' title='bbox 360 2541 484 2570; x_wconf 86' lang='lat' dir='ltr'><strong>vestris</strong></span> <span class='ocrx_word' id='word_1_320' title='bbox 511 2540 818 2578; x_wconf 75' lang='lat' dir='ltr'><strong>supplicationilnis</strong></span> <span class='ocrx_word' id='word_1_321' title='bbox 844 2541 1010 2578; x_wconf 82' lang='lat' dir='ltr'><strong>inclinati,</strong></span> <span class='ocrx_word' id='word_1_322' title='bbox 1038 2542 1219 2572; x_wconf 84' lang='lat' dir='ltr'><strong>ordinatio·</strong></span> <span class='ocrx_word' id='word_1_323' title='bbox 1249 2556 1250 2562; x_wconf 59' lang='grc' dir='ltr'>ι</span> 
     </span>
     <span class='ocr_line' id='line_1_46' title="bbox 206 2593 1250 2633; baseline 0.002 -10"><span class='ocrx_word' id='word_1_324' title='bbox 206 2602 294 2630; x_wconf 81' lang='lat' dir='ltr'><strong>nem,</strong></span> <span class='ocrx_word' id='word_1_325' title='bbox 314 2593 544 2631; x_wconf 74' lang='lat' dir='ltr'><strong>provisionem</strong></span> <span class='ocrx_word' id='word_1_326' title='bbox 563 2595 595 2623; x_wconf 91' lang='lat' dir='ltr'><strong>et</strong></span> <span class='ocrx_word' id='word_1_327' title='bbox 611 2594 774 2623; x_wconf 83' lang='lat' dir='ltr'><strong>statutum</strong></span> <span class='ocrx_word' id='word_1_328' title='bbox 794 2594 988 2633; x_wconf 84' lang='lat' dir='ltr'><strong>hujusmodi</strong></span> <span class='ocrx_word' id='word_1_329' title='bbox 1007 2597 1079 2625; x_wconf 82' lang='lat' dir='ltr'><strong>rata</strong></span> <span class='ocrx_word' id='word_1_330' title='bbox 1098 2595 1219 2625; x_wconf 85' lang='lat' dir='ltr'><strong>haben·</strong></span> <span class='ocrx_word' id='word_1_331' title='bbox 1249 2610 1250 2619; x_wconf 70' lang='grc' dir='ltr'>ι</span> 
     </span>
    </p>
   </div>
   <div class='ocr_carea' id='block_1_5' title="bbox 205 2646 1219 2889">
    <p class='ocr_par' dir='ltr' id='par_1_5' title="bbox 205 2646 1219 2845">
     <span class='ocr_line' id='line_1_47' title="bbox 205 2646 1219 2685; baseline 0.002 -8"><span class='ocrx_word' id='word_1_332' title='bbox 205 2648 258 2677; x_wconf 86' lang='lat' dir='ltr'><strong>tes</strong></span> <span class='ocrx_word' id='word_1_333' title='bbox 275 2650 305 2676; x_wconf 85' lang='lat' dir='ltr'><strong>et</strong></span> <span class='ocrx_word' id='word_1_334' title='bbox 324 2646 432 2682; x_wconf 78' lang='lat' dir='ltr'><strong>firma,</strong></span> <span class='ocrx_word' id='word_1_335' title='bbox 444 2656 482 2676; x_wconf 86' lang='lat' dir='ltr'><strong>ea</strong></span> <span class='ocrx_word' id='word_1_336' title='bbox 500 2646 699 2676; x_wconf 81' lang='lat' dir='ltr'><strong>auctoritate</strong></span> <span class='ocrx_word' id='word_1_337' title='bbox 717 2647 912 2685; x_wconf 71' lang='lat' dir='ltr'><strong>apostolica,</strong></span> <span class='ocrx_word' id='word_1_338' title='bbox 928 2648 966 2677; x_wconf 91' lang='lat' dir='ltr'><strong>de</strong></span> <span class='ocrx_word' id='word_1_339' title='bbox 986 2647 1127 2678; x_wconf 81' lang='lat' dir='ltr'><strong>fratrum</strong></span> <span class='ocrx_word' id='word_1_340' title='bbox 1145 2658 1219 2679; x_wconf 87' lang='lat' dir='ltr'><strong>nos-</strong></span> 
     </span>
     <span class='ocr_line' id='line_1_48' title="bbox 206 2699 1216 2739; baseline 0.002 -10"><span class='ocrx_word' id='word_1_341' title='bbox 206 2702 335 2730; x_wconf 89' lang='lat' dir='ltr'><strong>trorum</strong></span> <span class='ocrx_word' id='word_1_342' title='bbox 344 2699 746 2735; x_wconf 80' lang='lat' dir='ltr'><strong>consilio,confirmamus</strong></span> <span class='ocrx_word' id='word_1_343' title='bbox 755 2702 830 2733; x_wconf 83' lang='lat' dir='ltr'><strong>etc..</strong></span> <span class='ocrx_word' id='word_1_344' title='bbox 842 2709 947 2739; x_wconf 86' lang='lat' dir='ltr'><strong>usque</strong></span> <span class='ocrx_word' id='word_1_345' title='bbox 956 2701 1216 2737; x_wconf 83' lang='lat' dir='ltr'><strong>communimus,</strong></span> 
     </span>
     <span class='ocr_line' id='line_1_49' title="bbox 206 2753 1219 2793; baseline 0.001 -10"><span class='ocrx_word' id='word_1_346' title='bbox 206 2755 358 2783; x_wconf 89' lang='lat' dir='ltr'><strong>tenorem</strong></span> <span class='ocrx_word' id='word_1_347' title='bbox 379 2753 488 2791; x_wconf 87' lang='lat' dir='ltr'><strong>ipsius</strong></span> <span class='ocrx_word' id='word_1_348' title='bbox 512 2753 730 2783; x_wconf 77' lang='lat' dir='ltr'><strong>instrumenti</strong></span> <span class='ocrx_word' id='word_1_349' title='bbox 750 2753 789 2783; x_wconf 89' lang='lat' dir='ltr'><strong>de</strong></span> <span class='ocrx_word' id='word_1_350' title='bbox 808 2753 909 2783; x_wconf 85' lang='lat' dir='ltr'><strong>verbo</strong></span> <span class='ocrx_word' id='word_1_351' title='bbox 926 2754 966 2783; x_wconf 87' lang='lat' dir='ltr'><strong>ad</strong></span> <span class='ocrx_word' id='word_1_352' title='bbox 988 2753 1127 2784; x_wconf 83' lang='lat' dir='ltr'><strong>verbum</strong></span> <span class='ocrx_word' id='word_1_353' title='bbox 1147 2763 1219 2793; x_wconf 90' lang='lat' dir='ltr'><strong>pre-</strong></span> 
     </span>
     <span class='ocr_line' id='line_1_50' title="bbox 207 2805 944 2845; baseline 0 -10"><span class='ocrx_word' id='word_1_354' title='bbox 207 2805 362 2836; x_wconf 82' lang='lat' dir='ltr'><strong>sentibus</strong></span> <span class='ocrx_word' id='word_1_355' title='bbox 382 2806 485 2836; x_wconf 89' lang='lat' dir='ltr'><strong>inseri</strong></span> <span class='ocrx_word' id='word_1_356' title='bbox 504 2805 682 2840; x_wconf 75' lang='lat' dir='ltr'><strong>facientes:</strong></span> <span class='ocrx_word' id='word_1_357' title='bbox 698 2806 755 2845; x_wconf 86' lang='lat' dir='ltr'><strong>qui</strong></span> <span class='ocrx_word' id='word_1_358' title='bbox 770 2806 850 2836; x_wconf 87' lang='lat' dir='ltr'><strong>talis</strong></span> <span class='ocrx_word' id='word_1_359' title='bbox 869 2807 919 2835; x_wconf 85' lang='lat' dir='ltr'><strong>est</strong></span> <span class='ocrx_word' id='word_1_360' title='bbox 940 2817 944 2835; x_wconf 78' lang='lat' dir='ltr'><em>z</em></span> 
     </span>
    </p>

    <p class='ocr_par' dir='ltr' id='par_1_6' title="bbox 248 2859 1219 2889">
     <span class='ocr_line' id='line_1_51' title="bbox 248 2859 1219 2889; baseline 0 0"><span class='ocrx_word' id='word_1_361' title='bbox 248 2871 262 2885; x_wconf 94' lang='lat'>«</span> <span class='ocrx_word' id='word_1_362' title='bbox 277 2859 461 2889; x_wconf 88' lang='lat' dir='ltr'><strong>Innomine</strong></span> <span class='ocrx_word' id='word_1_363' title='bbox 472 2859 609 2889; x_wconf 88' lang='lat' dir='ltr'><strong>Domini</strong></span> <span class='ocrx_word' id='word_1_364' title='bbox 625 2867 733 2889; x_wconf 88' lang='lat' dir='ltr'><strong>amen.</strong></span> <span class='ocrx_word' id='word_1_365' title='bbox 750 2859 982 2889; x_wconf 86' lang='lat' dir='ltr'><strong>Duduminter</strong></span> <span class='ocrx_word' id='word_1_366' title='bbox 993 2859 1083 2889; x_wconf 84' lang='lat' dir='ltr'><strong>cives</strong></span> <span class='ocrx_word' id='word_1_367' title='bbox 1093 2863 1219 2889; x_wconf 86' lang='lat' dir='ltr'><strong>etmer-</strong></span> 
     </span>
    </p>
   </div>
   <div class='ocr_carea' id='block_1_6' title="bbox 2247 242 2306 271">
    <p class='ocr_par' dir='ltr' id='par_1_7' title="bbox 2247 242 2306 271">
     <span class='ocr_line' id='line_1_52' title="bbox 2247 242 2306 271; baseline 0 -1"><span class='ocrx_word' id='word_1_368' title='bbox 2247 242 2306 271; x_wconf 75' lang='lat'><strong>267</strong></span> 
     </span>
    </p>
   </div>
   <div class='ocr_carea' id='block_1_7' title="bbox 1280 316 2305 2851">
    <p class='ocr_par' dir='ltr' id='par_1_8' title="bbox 1280 316 2305 2850">
     <span class='ocr_line' id='line_1_53' title="bbox 1293 316 2305 357; baseline 0.009 -13"><span class='ocrx_word' id='word_1_369' title='bbox 1293 324 1409 345; x_wconf 91' lang='lat' dir='ltr'><strong>eorum</strong></span> <span class='ocrx_word' id='word_1_370' title='bbox 1425 316 1589 355; x_wconf 78' lang='lat' dir='ltr'><strong>singulos,</strong></span> <span class='ocrx_word' id='word_1_371' title='bbox 1605 326 1641 347; x_wconf 83' lang='lat' dir='ltr'><strong>ac</strong></span> <span class='ocrx_word' id='word_1_372' title='bbox 1655 317 1740 348; x_wconf 87' lang='lat' dir='ltr'><strong>bone</strong></span> <span class='ocrx_word' id='word_1_373' title='bbox 1754 319 1916 350; x_wconf 89' lang='lat' dir='ltr'><strong>memorie</strong></span> <span class='ocrx_word' id='word_1_374' title='bbox 1927 320 2102 357; x_wconf 84' lang='lat' dir='ltr'><strong>Jacobum,</strong></span> <span class='ocrx_word' id='word_1_375' title='bbox 2119 322 2305 354; x_wconf 75' lang='lat' dir='ltr'><strong>Metensem</strong></span> 
     </span>
     <span class='ocr_line' id='line_1_54' title="bbox 1292 368 2305 415; baseline 0.009 -18"><span class='ocrx_word' id='word_1_376' title='bbox 1292 368 1500 407; x_wconf 75' lang='lat' dir='ltr'><strong>episcopum,</strong></span> <span class='ocrx_word' id='word_1_377' title='bbox 1514 378 1615 408; x_wconf 89' lang='lat' dir='ltr'><strong>super</strong></span> <span class='ocrx_word' id='word_1_378' title='bbox 1625 371 1772 401; x_wconf 86' lang='lat' dir='ltr'><strong>diversis</strong></span> <span class='ocrx_word' id='word_1_379' title='bbox 1782 373 2002 411; x_wconf 86' lang='lat' dir='ltr'><strong>pecuniarum</strong></span> <span class='ocrx_word' id='word_1_380' title='bbox 2015 375 2172 408; x_wconf 76' lang='lat' dir='ltr'><strong>summis,</strong></span> <span class='ocrx_word' id='word_1_381' title='bbox 2186 376 2219 405; x_wconf 92' lang='lat' dir='ltr'><strong>in</strong></span> <span class='ocrx_word' id='word_1_382' title='bbox 2234 377 2305 415; x_wconf 84' lang='lat' dir='ltr'><strong>qui-</strong></span> 
     </span>
     <span class='ocr_line' id='line_1_55' title="bbox 1292 419 2304 462; baseline 0.01 -14"><span class='ocrx_word' id='word_1_383' title='bbox 1292 419 1354 450; x_wconf 85' lang='lat' dir='ltr'><strong>bus</strong></span> <span class='ocrx_word' id='word_1_384' title='bbox 1367 421 1509 451; x_wconf 88' lang='lat' dir='ltr'><strong>eundem</strong></span> <span class='ocrx_word' id='word_1_385' title='bbox 1523 423 1719 461; x_wconf 73' lang='lat' dir='ltr'><strong>episcopum</strong></span> <span class='ocrx_word' id='word_1_386' title='bbox 1739 426 1769 453; x_wconf 91' lang='lat' dir='ltr'><strong>et</strong></span> <span class='ocrx_word' id='word_1_387' title='bbox 1791 424 1899 462; x_wconf 80' lang='lat' dir='ltr'><strong>ipsam</strong></span> <span class='ocrx_word' id='word_1_388' title='bbox 1922 425 2100 456; x_wconf 84' lang='lat' dir='ltr'><strong>ecclesiam</strong></span> <span class='ocrx_word' id='word_1_389' title='bbox 2116 427 2304 458; x_wconf 87' lang='lat' dir='ltr'><strong>Metensem</strong></span> 
     </span>
     <span class='ocr_line' id='line_1_56' title="bbox 1291 473 2302 513; baseline 0.01 -13"><span class='ocrx_word' id='word_1_390' title='bbox 1291 473 1413 510; x_wconf 80' lang='lat' dir='ltr'><strong>prefati</strong></span> <span class='ocrx_word' id='word_1_391' title='bbox 1432 477 1636 505; x_wconf 86' lang='lat' dir='ltr'><strong>mercatores</strong></span> <span class='ocrx_word' id='word_1_392' title='bbox 1652 475 1717 505; x_wconf 84' lang='lat' dir='ltr'><strong>sihi</strong></span> <span class='ocrx_word' id='word_1_393' title='bbox 1732 477 1900 512; x_wconf 75' lang='lat' dir='ltr'><strong>dicebant,</strong></span> <span class='ocrx_word' id='word_1_394' title='bbox 1912 487 1954 508; x_wconf 75' lang='lat' dir='ltr'><strong>ex</strong></span> <span class='ocrx_word' id='word_1_395' title='bbox 1970 487 2072 509; x_wconf 84' lang='lat' dir='ltr'><strong>causa</strong></span> <span class='ocrx_word' id='word_1_396' title='bbox 2088 480 2208 513; x_wconf 76' lang='lat' dir='ltr'><strong>mutui,</strong></span> <span class='ocrx_word' id='word_1_397' title='bbox 2220 479 2302 511; x_wconf 90' lang='lat' dir='ltr'><strong>obli-</strong></span> 
     </span>
     <span class='ocr_line' id='line_1_57' title="bbox 1289 527 2302 570; baseline 0.009 -16"><span class='ocrx_word' id='word_1_398' title='bbox 1289 528 1395 562; x_wconf 64' lang='lat' dir='ltr'><strong>gatos,</strong></span> <span class='ocrx_word' id='word_1_399' title='bbox 1424 527 1593 565; x_wconf 79' lang='lat' dir='ltr'><strong>dampnis,</strong></span> <span class='ocrx_word' id='word_1_400' title='bbox 1626 530 1783 567; x_wconf 74' lang='lat' dir='ltr'><strong>expensis</strong></span> <span class='ocrx_word' id='word_1_401' title='bbox 1811 532 1843 560; x_wconf 84' lang='lat' dir='ltr'><strong>et</strong></span> <span class='ocrx_word' id='word_1_402' title='bbox 1868 531 2032 561; x_wconf 84' lang='lat' dir='ltr'><strong>interesse</strong></span> <span class='ocrx_word' id='word_1_403' title='bbox 2065 532 2302 570; x_wconf 74' lang='lat' dir='ltr'><strong>questionibus</strong></span> 
     </span>
     <span class='ocr_line' id='line_1_58' title="bbox 1291 579 2300 622; baseline 0.009 -15"><span class='ocrx_word' id='word_1_404' title='bbox 1291 579 1393 608; x_wconf 73' lang='lat' dir='ltr'><strong>variis</strong></span> <span class='ocrx_word' id='word_1_405' title='bbox 1407 580 1594 615; x_wconf 83' lang='lat' dir='ltr'><strong>suscitatis,</strong></span> <span class='ocrx_word' id='word_1_406' title='bbox 1608 582 1756 617; x_wconf 79' lang='lat' dir='ltr'><strong>tandem,</strong></span> <span class='ocrx_word' id='word_1_407' title='bbox 1766 591 1838 612; x_wconf 85' lang='lat' dir='ltr'><strong>cum</strong></span> <span class='ocrx_word' id='word_1_408' title='bbox 1848 592 1961 614; x_wconf 87' lang='lat' dir='ltr'><strong>coram</strong></span> <span class='ocrx_word' id='word_1_409' title='bbox 1973 584 2059 614; x_wconf 91' lang='lat' dir='ltr'><strong>bone</strong></span> <span class='ocrx_word' id='word_1_410' title='bbox 2070 585 2232 616; x_wconf 88' lang='lat' dir='ltr'><strong>memorie</strong></span> <span class='ocrx_word' id='word_1_411' title='bbox 2243 586 2300 622; x_wconf 66' lang='lat' dir='ltr'><strong>H„</strong></span> 
     </span>
     <span class='ocr_line' id='line_1_59' title="bbox 1288 631 2301 676; baseline 0.008 -16"><span class='ocrx_word' id='word_1_412' title='bbox 1288 631 1379 661; x_wconf 91' lang='lat' dir='ltr'><strong>tituli</strong></span> <span class='ocrx_word' id='word_1_413' title='bbox 1399 642 1425 661; x_wconf 89' lang='lat' dir='ltr'><strong>s.</strong></span> <span class='ocrx_word' id='word_1_414' title='bbox 1444 632 1567 663; x_wconf 81' lang='lat' dir='ltr'><strong>Sabine</strong></span> <span class='ocrx_word' id='word_1_415' title='bbox 1584 634 1796 673; x_wconf 58' lang='lat' dir='ltr'><strong>presbyten),</strong></span> <span class='ocrx_word' id='word_1_416' title='bbox 1810 638 1841 665; x_wconf 86' lang='lat' dir='ltr'><strong>et</strong></span> <span class='ocrx_word' id='word_1_417' title='bbox 1860 637 1911 672; x_wconf 87' lang='lat' dir='ltr'><strong>P.,</strong></span> <span class='ocrx_word' id='word_1_418' title='bbox 1931 646 1957 666; x_wconf 87' lang='grc'><strong>3.</strong></span> <span class='ocrx_word' id='word_1_419' title='bbox 1977 637 2099 676; x_wconf 82' lang='lat' dir='ltr'><strong>Georgi</strong></span> <span class='ocrx_word' id='word_1_420' title='bbox 2119 638 2159 668; x_wconf 88' lang='lat' dir='ltr'><strong>ad</strong></span> <span class='ocrx_word' id='word_1_421' title='bbox 2177 639 2301 669; x_wconf 77' lang='lat' dir='ltr'><strong>Velum</strong></span> 
     </span>
     <span class='ocr_line' id='line_1_60' title="bbox 1288 684 2301 727; baseline 0.008 -14"><span class='ocrx_word' id='word_1_422' title='bbox 1288 684 1439 714; x_wconf 76' lang='lat' dir='ltr'><strong>Aureum</strong></span> <span class='ocrx_word' id='word_1_423' title='bbox 1469 686 1608 716; x_wconf 88' lang='lat' dir='ltr'><strong>diacono</strong></span> <span class='ocrx_word' id='word_1_424' title='bbox 1639 688 1883 723; x_wconf 80' lang='lat' dir='ltr'><strong>cardinalibuS,</strong></span> <span class='ocrx_word' id='word_1_425' title='bbox 1903 698 1988 727; x_wconf 83' lang='lat' dir='ltr'><strong>quos</strong></span> <span class='ocrx_word' id='word_1_426' title='bbox 2011 690 2120 720; x_wconf 85' lang='lat' dir='ltr'><strong>felicis</strong></span> <span class='ocrx_word' id='word_1_427' title='bbox 2149 691 2301 721; x_wconf 87' lang='lat' dir='ltr'><strong>recorda-</strong></span> 
     </span>
     <span class='ocr_line' id='line_1_61' title="bbox 1288 737 2299 782; baseline 0.009 -17"><span class='ocrx_word' id='word_1_428' title='bbox 1288 737 1391 766; x_wconf 91' lang='lat' dir='ltr'><strong>tionis</strong></span> <span class='ocrx_word' id='word_1_429' title='bbox 1409 738 1566 768; x_wconf 85' lang='lat' dir='ltr'><strong>dominus</strong></span> <span class='ocrx_word' id='word_1_430' title='bbox 1590 740 1783 770; x_wconf 71' lang='lat' dir='ltr'><strong>Alexander</strong></span> <span class='ocrx_word' id='word_1_431' title='bbox 1799 750 1885 779; x_wconf 86' lang='lat' dir='ltr'><strong>papa</strong></span> <span class='ocrx_word' id='word_1_432' title='bbox 1904 744 2045 780; x_wconf 75' lang='lat' dir='ltr'><strong>quartus</strong></span> <span class='ocrx_word' id='word_1_433' title='bbox 2062 743 2093 772; x_wconf 91' lang='lat' dir='ltr'><strong>in</strong></span> <span class='ocrx_word' id='word_1_434' title='bbox 2113 744 2299 782; x_wconf 81' lang='lat' dir='ltr'><strong>questioni-</strong></span> 
     </span>
     <span class='ocr_line' id='line_1_62' title="bbox 1287 788 2300 831; baseline 0.01 -14"><span class='ocrx_word' id='word_1_435' title='bbox 1287 788 1350 819; x_wconf 89' lang='lat' dir='ltr'><strong>bus</strong></span> <span class='ocrx_word' id='word_1_436' title='bbox 1362 790 1554 828; x_wconf 86' lang='lat' dir='ltr'><strong>hujusmodi</strong></span> <span class='ocrx_word' id='word_1_437' title='bbox 1573 792 1791 830; x_wconf 78' lang='lat' dir='ltr'><strong>deputaverat</strong></span> <span class='ocrx_word' id='word_1_438' title='bbox 1807 794 1961 831; x_wconf 89' lang='lat' dir='ltr'><strong>partibus</strong></span> <span class='ocrx_word' id='word_1_439' title='bbox 1976 796 2160 831; x_wconf 84' lang='lat' dir='ltr'><strong>auditores,</strong></span> <span class='ocrx_word' id='word_1_440' title='bbox 2180 796 2300 827; x_wconf 87' lang='lat' dir='ltr'><strong>fuisset</strong></span> 
     </span>
     <span class='ocr_line' id='line_1_63' title="bbox 1287 842 2298 887; baseline 0.008 -16"><span class='ocrx_word' id='word_1_441' title='bbox 1287 842 1485 880; x_wconf 84' lang='lat' dir='ltr'><strong>aliquandiu</strong></span> <span class='ocrx_word' id='word_1_442' title='bbox 1504 844 1685 883; x_wconf 79' lang='lat' dir='ltr'><strong>litigatum,</strong></span> <span class='ocrx_word' id='word_1_443' title='bbox 1706 846 1739 875; x_wconf 91' lang='lat' dir='ltr'><strong>in</strong></span> <span class='ocrx_word' id='word_1_444' title='bbox 1758 848 1929 884; x_wconf 83' lang='lat' dir='ltr'><strong>presentia</strong></span> <span class='ocrx_word' id='word_1_445' title='bbox 1946 848 2105 886; x_wconf 82' lang='lat' dir='ltr'><strong>prelibati</strong></span> <span class='ocrx_word' id='word_1_446' title='bbox 2125 849 2298 887; x_wconf 88' lang='lat' dir='ltr'><strong>predeces-</strong></span> 
     </span>
     <span class='ocr_line' id='line_1_64' title="bbox 1287 895 2299 939; baseline 0.008 -16"><span class='ocrx_word' id='word_1_447' title='bbox 1287 895 1374 924; x_wconf 84' lang='lat' dir='ltr'><strong>soris</strong></span> <span class='ocrx_word' id='word_1_448' title='bbox 1398 897 1430 925; x_wconf 91' lang='lat' dir='ltr'><strong>et</strong></span> <span class='ocrx_word' id='word_1_449' title='bbox 1449 896 1591 926; x_wconf 74' lang='lat' dir='ltr'><strong>fratrum</strong></span> <span class='ocrx_word' id='word_1_450' title='bbox 1617 906 1770 931; x_wconf 86' lang='lat' dir='ltr'><strong>suorum,</strong></span> <span class='ocrx_word' id='word_1_451' title='bbox 1789 899 1876 929; x_wconf 90' lang='lat' dir='ltr'><strong>inter</strong></span> <span class='ocrx_word' id='word_1_452' title='bbox 1899 900 2052 938; x_wconf 76' lang='lat' dir='ltr'><strong>singulos</strong></span> <span class='ocrx_word' id='word_1_453' title='bbox 2070 902 2299 939; x_wconf 82' lang='lat' dir='ltr'><strong>predictorum</strong></span> 
     </span>
     <span class='ocr_line' id='line_1_65' title="bbox 1287 950 2297 991; baseline 0.008 -15"><span class='ocrx_word' id='word_1_454' title='bbox 1287 950 1523 981; x_wconf 74' lang='lat' dir='ltr'><strong>mercatorum,</strong></span> <span class='ocrx_word' id='word_1_455' title='bbox 1544 953 1575 979; x_wconf 90' lang='lat' dir='ltr'><strong>et</strong></span> <span class='ocrx_word' id='word_1_456' title='bbox 1592 950 1775 980; x_wconf 84' lang='lat' dir='ltr'><strong>discretum</strong></span> <span class='ocrx_word' id='word_1_457' title='bbox 1800 952 1910 982; x_wconf 71' lang='lat' dir='ltr'><strong>virum</strong></span> <span class='ocrx_word' id='word_1_458' title='bbox 1931 954 2113 991; x_wconf 64' lang='lat' dir='ltr'><strong>Itogerum,</strong></span> <span class='ocrx_word' id='word_1_459' title='bbox 2135 955 2297 984; x_wconf 82' lang='lat' dir='ltr'><strong>decanum</strong></span> 
     </span>
     <span class='ocr_line' id='line_1_66' title="bbox 1286 1000 2299 1044; baseline 0.009 -16"><span class='ocrx_word' id='word_1_460' title='bbox 1286 1008 1315 1029; x_wconf 92' lang='lat' dir='ltr'><strong>s.</strong></span> <span class='ocrx_word' id='word_1_461' title='bbox 1335 1000 1522 1030; x_wconf 72' lang='lat' dir='ltr'><strong>Salvatoris</strong></span> <span class='ocrx_word' id='word_1_462' title='bbox 1551 1003 1727 1038; x_wconf 85' lang='lat' dir='ltr'><strong>Metensis,</strong></span> <span class='ocrx_word' id='word_1_463' title='bbox 1752 1005 1964 1042; x_wconf 71' lang='lat' dir='ltr'><strong>capellanum</strong></span> <span class='ocrx_word' id='word_1_464' title='bbox 1988 1008 2020 1035; x_wconf 89' lang='lat' dir='ltr'><strong>et</strong></span> <span class='ocrx_word' id='word_1_465' title='bbox 2046 1010 2299 1044; x_wconf 84' lang='lat' dir='ltr'><strong>procuratorem</strong></span> 
     </span>
     <span class='ocr_line' id='line_1_67' title="bbox 1287 1052 2302 1098; baseline 0.009 -17"><span class='ocrx_word' id='word_1_466' title='bbox 1287 1052 1396 1090; x_wconf 79' lang='lat' dir='ltr'><strong>ipsius</strong></span> <span class='ocrx_word' id='word_1_467' title='bbox 1414 1054 1576 1092; x_wconf 80' lang='lat' dir='ltr'><strong>episcopi.</strong></span> <span class='ocrx_word' id='word_1_468' title='bbox 1601 1064 1660 1093; x_wconf 89' lang='lat' dir='ltr'><strong>pro</strong></span> <span class='ocrx_word' id='word_1_469' title='bbox 1679 1064 1731 1092; x_wconf 74' lang='lat' dir='ltr'><strong>eo,</strong></span> <span class='ocrx_word' id='word_1_470' title='bbox 1752 1066 1769 1086; x_wconf 88' lang='lat' dir='ltr'><strong>a</strong></span> <span class='ocrx_word' id='word_1_471' title='bbox 1787 1066 1852 1095; x_wconf 80' lang='lat' dir='ltr'><strong>quo</strong></span> <span class='ocrx_word' id='word_1_472' title='bbox 1870 1058 2015 1088; x_wconf 84' lang='lat' dir='ltr'><strong>habebat</strong></span> <span class='ocrx_word' id='word_1_473' title='bbox 2039 1059 2079 1088; x_wconf 90' lang='lat' dir='ltr'><strong>ad</strong></span> <span class='ocrx_word' id='word_1_474' title='bbox 2102 1068 2302 1098; x_wconf 85' lang='lat' dir='ltr'><strong>componen-</strong></span> 
     </span>
     <span class='ocr_line' id='line_1_68' title="bbox 1285 1105 2297 1149; baseline 0.008 -15"><span class='ocrx_word' id='word_1_475' title='bbox 1285 1105 1377 1142; x_wconf 84' lang='lat' dir='ltr'><strong>dum,</strong></span> <span class='ocrx_word' id='word_1_476' title='bbox 1402 1108 1658 1145; x_wconf 78' lang='lat' dir='ltr'><strong>transigendum</strong></span> <span class='ocrx_word' id='word_1_477' title='bbox 1682 1110 1714 1138; x_wconf 91' lang='lat' dir='ltr'><strong>et</strong></span> <span class='ocrx_word' id='word_1_478' title='bbox 1734 1110 1972 1147; x_wconf 81' lang='lat' dir='ltr'><strong>paciscendum</strong></span> <span class='ocrx_word' id='word_1_479' title='bbox 1999 1120 2100 1149; x_wconf 90' lang='lat' dir='ltr'><strong>super</strong></span> <span class='ocrx_word' id='word_1_480' title='bbox 2126 1112 2194 1142; x_wconf 88' lang='lat' dir='ltr'><strong>hiis</strong></span> <span class='ocrx_word' id='word_1_481' title='bbox 2221 1122 2297 1143; x_wconf 92' lang='lat' dir='ltr'><strong>cum</strong></span> 
     </span>
     <span class='ocr_line' id='line_1_69' title="bbox 1284 1159 2300 1200; baseline 0.009 -13"><span class='ocrx_word' id='word_1_482' title='bbox 1284 1159 1426 1196; x_wconf 79' lang='lat' dir='ltr'><strong>prefatis</strong></span> <span class='ocrx_word' id='word_1_483' title='bbox 1448 1161 1693 1191; x_wconf 68' lang='lat' dir='ltr'><strong>mercatoribus</strong></span> <span class='ocrx_word' id='word_1_484' title='bbox 1712 1163 1858 1200; x_wconf 81' lang='lat' dir='ltr'><strong>speciale</strong></span> <span class='ocrx_word' id='word_1_485' title='bbox 1878 1164 2085 1199; x_wconf 79' lang='lat' dir='ltr'><strong>man‹.latum‚</strong></span> <span class='ocrx_word' id='word_1_486' title='bbox 2113 1165 2300 1196; x_wconf 87' lang='lat' dir='ltr'><strong>intervene-</strong></span> 
     </span>
     <span class='ocr_line' id='line_1_70' title="bbox 1284 1214 2299 1256; baseline 0.008 -16"><span class='ocrx_word' id='word_1_487' title='bbox 1284 1214 1362 1242; x_wconf 89' lang='lat' dir='ltr'><strong>runt</strong></span> <span class='ocrx_word' id='word_1_488' title='bbox 1381 1221 1483 1251; x_wconf 82' lang='lat' dir='ltr'><strong>super</strong></span> <span class='ocrx_word' id='word_1_489' title='bbox 1499 1214 1679 1251; x_wconf 85' lang='lat' dir='ltr'><strong>premissis</strong></span> <span class='ocrx_word' id='word_1_490' title='bbox 1697 1216 1962 1254; x_wconf 84' lang='lat' dir='ltr'><strong>compositiones</strong></span> <span class='ocrx_word' id='word_1_491' title='bbox 1981 1217 2136 1256; x_wconf 65' lang='lat' dir='ltr'><strong>quedam,</strong></span> <span class='ocrx_word' id='word_1_492' title='bbox 2154 1218 2299 1248; x_wconf 86' lang='lat' dir='ltr'><strong>median-</strong></span> 
     </span>
     <span class='ocr_line' id='line_1_71' title="bbox 1283 1264 2299 1310; baseline 0.008 -16"><span class='ocrx_word' id='word_1_493' title='bbox 1283 1264 1374 1295; x_wconf 85' lang='lat' dir='ltr'><strong>tibus</strong></span> <span class='ocrx_word' id='word_1_494' title='bbox 1401 1267 1631 1297; x_wconf 86' lang='lat' dir='ltr'><strong>cardinalibus</strong></span> <span class='ocrx_word' id='word_1_495' title='bbox 1657 1269 1874 1306; x_wconf 85' lang='lat' dir='ltr'><strong>supradictis‚</strong></span> <span class='ocrx_word' id='word_1_496' title='bbox 1906 1270 1938 1299; x_wconf 93' lang='lat' dir='ltr'><strong>in</strong></span> <span class='ocrx_word' id='word_1_497' title='bbox 1963 1270 2087 1309; x_wconf 83' lang='lat' dir='ltr'><strong>quibus</strong></span> <span class='ocrx_word' id='word_1_498' title='bbox 2118 1271 2204 1302; x_wconf 86' lang='lat' dir='ltr'><strong>idem</strong></span> <span class='ocrx_word' id='word_1_499' title='bbox 2224 1281 2299 1310; x_wconf 91' lang='lat' dir='ltr'><strong>pro-</strong></span> 
     </span>
     <span class='ocr_line' id='line_1_72' title="bbox 1283 1320 2300 1364; baseline 0.007 -16"><span class='ocrx_word' id='word_1_500' title='bbox 1283 1320 1418 1349; x_wconf 85' lang='lat' dir='ltr'><strong>curator</strong></span> <span class='ocrx_word' id='word_1_501' title='bbox 1453 1320 1630 1350; x_wconf 78' lang='lat' dir='ltr'><strong>confessus</strong></span> <span class='ocrx_word' id='word_1_502' title='bbox 1667 1323 1719 1351; x_wconf 90' lang='lat' dir='ltr'><strong>est</strong></span> <span class='ocrx_word' id='word_1_503' title='bbox 1753 1322 1917 1360; x_wconf 71' lang='lat' dir='ltr'><strong>‹piasdam</strong></span> <span class='ocrx_word' id='word_1_504' title='bbox 1955 1324 2177 1362; x_wconf 81' lang='lat' dir='ltr'><strong>quantitates,</strong></span> <span class='ocrx_word' id='word_1_505' title='bbox 2215 1334 2300 1364; x_wconf 87' lang='lat' dir='ltr'><strong>quas</strong></span> 
     </span>
     <span class='ocr_line' id='line_1_73' title="bbox 1284 1371 2300 1418; baseline 0.008 -17"><span class='ocrx_word' id='word_1_506' title='bbox 1284 1371 1362 1402; x_wconf 83' lang='lat' dir='ltr'><strong>dicti</strong></span> <span class='ocrx_word' id='word_1_507' title='bbox 1391 1375 1596 1404; x_wconf 83' lang='lat' dir='ltr'><strong>mercatores</strong></span> <span class='ocrx_word' id='word_1_508' title='bbox 1625 1374 1783 1412; x_wconf 89' lang='lat' dir='ltr'><strong>petebant</strong></span> <span class='ocrx_word' id='word_1_509' title='bbox 1813 1375 1853 1405; x_wconf 83' lang='lat' dir='ltr'><strong>ab</strong></span> <span class='ocrx_word' id='word_1_510' title='bbox 1880 1377 1997 1406; x_wconf 88' lang='lat' dir='ltr'><strong>eodem</strong></span> <span class='ocrx_word' id='word_1_511' title='bbox 2029 1378 2200 1417; x_wconf 86' lang='lat' dir='ltr'><strong>episcopo,</strong></span> <span class='ocrx_word' id='word_1_512' title='bbox 2235 1388 2300 1418; x_wconf 88' lang='lat' dir='ltr'><strong>que</strong></span> 
     </span>
     <span class='ocr_line' id='line_1_74' title="bbox 1283 1427 2299 1462; baseline 0.008 -8"><span class='ocrx_word' id='word_1_513' title='bbox 1283 1433 1400 1455; x_wconf 87' lang='lat' dir='ltr'><strong>omnes</strong></span> <span class='ocrx_word' id='word_1_514' title='bbox 1418 1427 1627 1457; x_wconf 86' lang='lat' dir='ltr'><strong>accumulate</strong></span> <span class='ocrx_word' id='word_1_515' title='bbox 1643 1428 1683 1457; x_wconf 90' lang='lat' dir='ltr'><strong>ad</strong></span> <span class='ocrx_word' id='word_1_516' title='bbox 1696 1436 1866 1458; x_wconf 89' lang='lat' dir='ltr'><strong>summam</strong></span> <span class='ocrx_word' id='word_1_517' title='bbox 1885 1430 2046 1460; x_wconf 85' lang='lat' dir='ltr'><strong>tredecim</strong></span> <span class='ocrx_word' id='word_1_518' title='bbox 2063 1431 2196 1461; x_wconf 87' lang='lat' dir='ltr'><strong>milium</strong></span> <span class='ocrx_word' id='word_1_519' title='bbox 2215 1441 2299 1462; x_wconf 88' lang='lat' dir='ltr'><strong>mar-</strong></span> 
     </span>
     <span class='ocr_line' id='line_1_75' title="bbox 1282 1479 2298 1523; baseline 0.008 -16"><span class='ocrx_word' id='word_1_520' title='bbox 1282 1487 1398 1508; x_wconf 87' lang='lat' dir='ltr'><strong>carum</strong></span> <span class='ocrx_word' id='word_1_521' title='bbox 1416 1479 1669 1519; x_wconf 76' lang='lat' dir='ltr'><strong>sterlingorum,</strong></span> <span class='ocrx_word' id='word_1_522' title='bbox 1687 1481 1848 1511; x_wconf 85' lang='lat' dir='ltr'><strong>tredecim</strong></span> <span class='ocrx_word' id='word_1_523' title='bbox 1867 1483 1987 1513; x_wconf 88' lang='lat' dir='ltr'><strong>solidis</strong></span> <span class='ocrx_word' id='word_1_524' title='bbox 2005 1486 2036 1514; x_wconf 89' lang='lat' dir='ltr'><strong>et</strong></span> <span class='ocrx_word' id='word_1_525' title='bbox 2057 1486 2201 1523; x_wconf 86' lang='lat' dir='ltr'><strong>quatuor</strong></span> <span class='ocrx_word' id='word_1_526' title='bbox 2214 1487 2298 1515; x_wconf 88' lang='lat' dir='ltr'><strong>ster-</strong></span> 
     </span>
     <span class='ocr_line' id='line_1_76' title="bbox 1282 1530 2299 1573; baseline 0.008 -13"><span class='ocrx_word' id='word_1_527' title='bbox 1282 1530 1385 1570; x_wconf 73' lang='lat' dir='ltr'><strong>lingis</strong></span> <span class='ocrx_word' id='word_1_528' title='bbox 1404 1534 1606 1570; x_wconf 77' lang='lat' dir='ltr'><strong>computatis</strong></span> <span class='ocrx_word' id='word_1_529' title='bbox 1622 1542 1681 1572; x_wconf 89' lang='lat' dir='ltr'><strong>pro</strong></span> <span class='ocrx_word' id='word_1_530' title='bbox 1698 1543 1809 1564; x_wconf 85' lang='lat' dir='ltr'><strong>marca</strong></span> <span class='ocrx_word' id='word_1_531' title='bbox 1825 1535 1985 1573; x_wconf 79' lang='lat' dir='ltr'><strong>qualibet,</strong></span> <span class='ocrx_word' id='word_1_532' title='bbox 2004 1537 2242 1573; x_wconf 77' lang='lat' dir='ltr'><strong>ascendebant,</strong></span> <span class='ocrx_word' id='word_1_533' title='bbox 2265 1540 2299 1568; x_wconf 84' lang='lat' dir='ltr'><strong>et</strong></span> 
     </span>
     <span class='ocr_line' id='line_1_77' title="bbox 1282 1585 2299 1628; baseline 0.008 -15"><span class='ocrx_word' id='word_1_534' title='bbox 1282 1585 1474 1623; x_wconf 70' lang='lat' dir='ltr'><strong>recognovit</strong></span> <span class='ocrx_word' id='word_1_535' title='bbox 1492 1586 1580 1615; x_wconf 88' lang='lat' dir='ltr'><strong>idem</strong></span> <span class='ocrx_word' id='word_1_536' title='bbox 1601 1589 1797 1624; x_wconf 87' lang='lat' dir='ltr'><strong>procurator</strong></span> <span class='ocrx_word' id='word_1_537' title='bbox 1813 1588 1937 1618; x_wconf 87' lang='lat' dir='ltr'><strong>dictum</strong></span> <span class='ocrx_word' id='word_1_538' title='bbox 1955 1590 2152 1628; x_wconf 84' lang='lat' dir='ltr'><strong>episcopum</strong></span> <span class='ocrx_word' id='word_1_539' title='bbox 2173 1599 2209 1620; x_wconf 84' lang='lat' dir='ltr'><strong>ac</strong></span> <span class='ocrx_word' id='word_1_540' title='bbox 2226 1599 2299 1621; x_wconf 85' lang='lat' dir='ltr'><strong>ean-</strong></span> 
     </span>
     <span class='ocr_line' id='line_1_78' title="bbox 1283 1637 2297 1681; baseline 0.007 -15"><span class='ocrx_word' id='word_1_541' title='bbox 1283 1637 1357 1667; x_wconf 85' lang='lat' dir='ltr'><strong>dem</strong></span> <span class='ocrx_word' id='word_1_542' title='bbox 1378 1638 1556 1668; x_wconf 86' lang='lat' dir='ltr'><strong>ecclesiam</strong></span> <span class='ocrx_word' id='word_1_543' title='bbox 1574 1639 1759 1669; x_wconf 85' lang='lat' dir='ltr'><strong>Metensem</strong></span> <span class='ocrx_word' id='word_1_544' title='bbox 1779 1642 2023 1672; x_wconf 84' lang='lat' dir='ltr'><strong>mercatoribus</strong></span> <span class='ocrx_word' id='word_1_545' title='bbox 2042 1644 2248 1681; x_wconf 85' lang='lat' dir='ltr'><strong>supradictis</strong></span> <span class='ocrx_word' id='word_1_546' title='bbox 2264 1644 2297 1673; x_wconf 91' lang='lat' dir='ltr'><strong>in</strong></span> 
     </span>
     <span class='ocr_line' id='line_1_79' title="bbox 1282 1690 2297 1730; baseline 0.007 -10"><span class='ocrx_word' id='word_1_547' title='bbox 1282 1690 1477 1730; x_wconf 73' lang='lat' dir='ltr'><strong>hujusmodi</strong></span> <span class='ocrx_word' id='word_1_548' title='bbox 1495 1693 1742 1730; x_wconf 74' lang='lat' dir='ltr'><strong>qiiaiititatilnis</strong></span> <span class='ocrx_word' id='word_1_549' title='bbox 1762 1695 1881 1729; x_wconf 83' lang='lat' dir='ltr'><strong>teneri,</strong></span> <span class='ocrx_word' id='word_1_550' title='bbox 1901 1704 1937 1725; x_wconf 83' lang='lat' dir='ltr'><strong>ac</strong></span> <span class='ocrx_word' id='word_1_551' title='bbox 1963 1695 2040 1725; x_wconf 87' lang='lat' dir='ltr'><strong>illas</strong></span> <span class='ocrx_word' id='word_1_552' title='bbox 2058 1696 2091 1726; x_wconf 89' lang='lat' dir='ltr'><strong>in</strong></span> <span class='ocrx_word' id='word_1_553' title='bbox 2113 1697 2297 1727; x_wconf 86' lang='lat' dir='ltr'><strong>utilitatem</strong></span> 
     </span>
     <span class='ocr_line' id='line_1_80' title="bbox 1283 1744 2298 1788; baseline 0.007 -15"><span class='ocrx_word' id='word_1_554' title='bbox 1283 1744 1393 1782; x_wconf 88' lang='lat' dir='ltr'><strong>ipsius</strong></span> <span class='ocrx_word' id='word_1_555' title='bbox 1411 1745 1550 1774; x_wconf 74' lang='lat' dir='ltr'><strong>ecclesie</strong></span> <span class='ocrx_word' id='word_1_556' title='bbox 1566 1746 1671 1776; x_wconf 79' lang='lat' dir='ltr'><strong>fuisse</strong></span> <span class='ocrx_word' id='word_1_557' title='bbox 1686 1755 1878 1777; x_wconf 80' lang='lat' dir='ltr'><strong>conversas.</strong></span> <span class='ocrx_word' id='word_1_558' title='bbox 1898 1749 2100 1786; x_wconf 86' lang='lat' dir='ltr'><strong>promittens</strong></span> <span class='ocrx_word' id='word_1_559' title='bbox 2115 1750 2200 1788; x_wconf 86' lang='lat' dir='ltr'><strong>ipsis</strong></span> <span class='ocrx_word' id='word_1_560' title='bbox 2214 1759 2298 1780; x_wconf 90' lang='lat' dir='ltr'><strong>mer-</strong></span> 
     </span>
     <span class='ocr_line' id='line_1_81' title="bbox 1283 1798 2296 1843; baseline 0.006 -15"><span class='ocrx_word' id='word_1_561' title='bbox 1283 1798 1454 1828; x_wconf 84' lang='lat' dir='ltr'><strong>catoribus</strong></span> <span class='ocrx_word' id='word_1_562' title='bbox 1474 1798 1560 1828; x_wconf 85' lang='lat' dir='ltr'><strong>inter</strong></span> <span class='ocrx_word' id='word_1_563' title='bbox 1583 1799 1661 1835; x_wconf 80' lang='lat' dir='ltr'><strong>alia,</strong></span> <span class='ocrx_word' id='word_1_564' title='bbox 1683 1801 1819 1843; x_wconf 82' lang='lat' dir='ltr'><strong>nomine</strong></span> <span class='ocrx_word' id='word_1_565' title='bbox 1837 1801 1917 1831; x_wconf 84' lang='lat' dir='ltr'><strong>dicti</strong></span> <span class='ocrx_word' id='word_1_566' title='bbox 1943 1802 2094 1841; x_wconf 75' lang='lat' dir='ltr'><strong>episcopi</strong></span> <span class='ocrx_word' id='word_1_567' title='bbox 2113 1806 2144 1833; x_wconf 87' lang='lat' dir='ltr'><strong>et</strong></span> <span class='ocrx_word' id='word_1_568' title='bbox 2164 1812 2296 1833; x_wconf 85' lang='lat' dir='ltr'><strong>succes-</strong></span> 
     </span>
     <span class='ocr_line' id='line_1_82' title="bbox 1283 1853 2298 1891; baseline 0.006 -11"><span class='ocrx_word' id='word_1_569' title='bbox 1283 1859 1398 1880; x_wconf 85' lang='lat' dir='ltr'><strong>sorum</strong></span> <span class='ocrx_word' id='word_1_570' title='bbox 1434 1860 1585 1887; x_wconf 87' lang='lat' dir='ltr'><strong>suorum,</strong></span> <span class='ocrx_word' id='word_1_571' title='bbox 1617 1853 1650 1882; x_wconf 91' lang='lat' dir='ltr'><strong>in</strong></span> <span class='ocrx_word' id='word_1_572' title='bbox 1677 1853 1762 1883; x_wconf 86' lang='lat' dir='ltr'><strong>festo</strong></span> <span class='ocrx_word' id='word_1_573' title='bbox 1793 1854 1953 1884; x_wconf 88' lang='lat' dir='ltr'><strong>Omnium</strong></span> <span class='ocrx_word' id='word_1_574' title='bbox 1986 1855 2196 1891; x_wconf 77' lang='lat' dir='ltr'><strong>Sanctorum,</strong></span> <span class='ocrx_word' id='word_1_575' title='bbox 2218 1858 2298 1886; x_wconf 84' lang='lat' dir='ltr'><strong>tunc</strong></span> 
     </span>
     <span class='ocr_line' id='line_1_83' title="bbox 1283 1904 2296 1945; baseline 0.006 -13"><span class='ocrx_word' id='word_1_576' title='bbox 1283 1904 1430 1933; x_wconf 82' lang='lat' dir='ltr'><strong>secundo</strong></span> <span class='ocrx_word' id='word_1_577' title='bbox 1460 1904 1586 1941; x_wconf 82' lang='lat' dir='ltr'><strong>futuro,</strong></span> <span class='ocrx_word' id='word_1_578' title='bbox 1612 1907 1643 1935; x_wconf 88' lang='lat' dir='ltr'><strong>et</strong></span> <span class='ocrx_word' id='word_1_579' title='bbox 1668 1906 1826 1945; x_wconf 82' lang='lat' dir='ltr'><strong>deinceps</strong></span> <span class='ocrx_word' id='word_1_580' title='bbox 1851 1907 1884 1936; x_wconf 93' lang='lat' dir='ltr'><strong>in</strong></span> <span class='ocrx_word' id='word_1_581' title='bbox 1905 1908 2021 1937; x_wconf 85' lang='lat' dir='ltr'><strong>eodem</strong></span> <span class='ocrx_word' id='word_1_582' title='bbox 2046 1908 2131 1938; x_wconf 85' lang='lat' dir='ltr'><strong>sesto</strong></span> <span class='ocrx_word' id='word_1_583' title='bbox 2154 1909 2296 1944; x_wconf 78' lang='lat' dir='ltr'><strong>tamdiu,</strong></span> 
     </span>
     <span class='ocr_line' id='line_1_84' title="bbox 1283 1956 2294 1999; baseline 0.007 -14"><span class='ocrx_word' id='word_1_584' title='bbox 1283 1956 1428 1995; x_wconf 75' lang='lat' dir='ltr'><strong>singulis</strong></span> <span class='ocrx_word' id='word_1_585' title='bbox 1444 1958 1554 1993; x_wconf 87' lang='lat' dir='ltr'><strong>annis,</strong></span> <span class='ocrx_word' id='word_1_586' title='bbox 1570 1959 1702 1989; x_wconf 79' lang='lat' dir='ltr'><strong>solvere</strong></span> <span class='ocrx_word' id='word_1_587' title='bbox 1719 1960 1751 1989; x_wconf 91' lang='lat' dir='ltr'><strong>in</strong></span> <span class='ocrx_word' id='word_1_588' title='bbox 1769 1959 1857 1990; x_wconf 79' lang='lat' dir='ltr'><strong>Urbe</strong></span> <span class='ocrx_word' id='word_1_589' title='bbox 1868 1961 1961 1990; x_wconf 91' lang='lat' dir='ltr'><strong>mille</strong></span> <span class='ocrx_word' id='word_1_590' title='bbox 1972 1970 2103 1991; x_wconf 84' lang='lat' dir='ltr'><strong>marcas</strong></span> <span class='ocrx_word' id='word_1_591' title='bbox 2118 1962 2294 1999; x_wconf 87' lang='lat' dir='ltr'><strong>bonorum,</strong></span> 
     </span>
     <span class='ocr_line' id='line_1_85' title="bbox 1284 2011 2296 2053; baseline 0.007 -14"><span class='ocrx_word' id='word_1_592' title='bbox 1284 2019 1446 2040; x_wconf 80' lang='lat' dir='ltr'><strong>novorum</strong></span> <span class='ocrx_word' id='word_1_593' title='bbox 1458 2011 1660 2049; x_wconf 83' lang='lat' dir='ltr'><strong>etlegalium</strong></span> <span class='ocrx_word' id='word_1_594' title='bbox 1671 2013 1926 2052; x_wconf 76' lang='lat' dir='ltr'><strong>sterlingorum,</strong></span> <span class='ocrx_word' id='word_1_595' title='bbox 1941 2015 2184 2053; x_wconf 86' lang='lat' dir='ltr'><strong>computandas</strong></span> <span class='ocrx_word' id='word_1_596' title='bbox 2198 2016 2296 2046; x_wconf 89' lang='lat' dir='ltr'><strong>modo</strong></span> 
     </span>
     <span class='ocr_line' id='line_1_86' title="bbox 1282 2064 2295 2108; baseline 0.009 -17"><span class='ocrx_word' id='word_1_597' title='bbox 1282 2064 1446 2101; x_wconf 84' lang='lat' dir='ltr'><strong>predicto.</strong></span> <span class='ocrx_word' id='word_1_598' title='bbox 1471 2065 1627 2095; x_wconf 82' lang='lat' dir='ltr'><strong>videlicet</strong></span> <span class='ocrx_word' id='word_1_599' title='bbox 1648 2066 1786 2096; x_wconf 75' lang='lat' dir='ltr'><strong>cuilibet</strong></span> <span class='ocrx_word' id='word_1_600' title='bbox 1807 2066 1956 2105; x_wconf 82' lang='lat' dir='ltr'><strong>ipsorum</strong></span> <span class='ocrx_word' id='word_1_601' title='bbox 1977 2069 2212 2106; x_wconf 54' lang='lat' dir='ltr'><strong>quantitatenn</strong></span> <span class='ocrx_word' id='word_1_602' title='bbox 2232 2078 2295 2108; x_wconf 88' lang='lat' dir='ltr'><strong>que</strong></span> 
     </span>
     <span class='ocr_line' id='line_1_87' title="bbox 1284 2117 2295 2159; baseline 0.006 -13"><span class='ocrx_word' id='word_1_603' title='bbox 1284 2117 1395 2155; x_wconf 86' lang='lat' dir='ltr'><strong>ipsum</strong></span> <span class='ocrx_word' id='word_1_604' title='bbox 1410 2117 1449 2147; x_wconf 88' lang='lat' dir='ltr'><strong>de</strong></span> <span class='ocrx_word' id='word_1_605' title='bbox 1465 2117 1565 2148; x_wconf 85' lang='lat' dir='ltr'><strong>dictis</strong></span> <span class='ocrx_word' id='word_1_606' title='bbox 1584 2119 1677 2148; x_wconf 90' lang='lat' dir='ltr'><strong>mille</strong></span> <span class='ocrx_word' id='word_1_607' title='bbox 1695 2121 1830 2154; x_wconf 81' lang='lat' dir='ltr'><strong>marcis,</strong></span> <span class='ocrx_word' id='word_1_608' title='bbox 1846 2129 1906 2158; x_wconf 85' lang='lat' dir='ltr'><strong>pro</strong></span> <span class='ocrx_word' id='word_1_609' title='bbox 1921 2123 1993 2150; x_wconf 84' lang='lat' dir='ltr'><strong>rata</strong></span> <span class='ocrx_word' id='word_1_610' title='bbox 2008 2122 2209 2159; x_wconf 84' lang='lat' dir='ltr'><strong>quantitatis</strong></span> <span class='ocrx_word' id='word_1_611' title='bbox 2229 2123 2295 2153; x_wconf 89' lang='lat' dir='ltr'><strong>sibi</strong></span> 
     </span>
     <span class='ocr_line' id='line_1_88' title="bbox 1282 2170 2296 2212; baseline 0.006 -12"><span class='ocrx_word' id='word_1_612' title='bbox 1282 2170 1393 2200; x_wconf 87' lang='lat' dir='ltr'><strong>debite</strong></span> <span class='ocrx_word' id='word_1_613' title='bbox 1420 2171 1645 2209; x_wconf 78' lang='lat' dir='ltr'><strong>contingebat,</strong></span> <span class='ocrx_word' id='word_1_614' title='bbox 1679 2181 1854 2211; x_wconf 74' lang='lat' dir='ltr'><strong>‹punisque</strong></span> <span class='ocrx_word' id='word_1_615' title='bbox 1879 2173 1917 2203; x_wconf 86' lang='lat' dir='ltr'><strong>de</strong></span> <span class='ocrx_word' id='word_1_616' title='bbox 1938 2173 2132 2212; x_wconf 84' lang='lat' dir='ltr'><strong>hujusmodi</strong></span> <span class='ocrx_word' id='word_1_617' title='bbox 2162 2185 2296 2206; x_wconf 85' lang='lat' dir='ltr'><strong>summa</strong></span> 
     </span>
     <span class='ocr_line' id='line_1_89' title="bbox 1282 2223 2294 2267; baseline 0.007 -15"><span class='ocrx_word' id='word_1_618' title='bbox 1282 2223 1443 2253; x_wconf 82' lang='lat' dir='ltr'><strong>tredecim</strong></span> <span class='ocrx_word' id='word_1_619' title='bbox 1465 2224 1597 2254; x_wconf 89' lang='lat' dir='ltr'><strong>milium</strong></span> <span class='ocrx_word' id='word_1_620' title='bbox 1625 2234 1814 2255; x_wconf 81' lang='lat' dir='ltr'><strong>marcarum</strong></span> <span class='ocrx_word' id='word_1_621' title='bbox 1833 2227 2086 2265; x_wconf 64' lang='lat' dir='ltr'><strong>sterlingorum,</strong></span> <span class='ocrx_word' id='word_1_622' title='bbox 2110 2228 2143 2257; x_wconf 92' lang='lat' dir='ltr'><strong>in</strong></span> <span class='ocrx_word' id='word_1_623' title='bbox 2162 2238 2240 2267; x_wconf 85' lang='lat' dir='ltr'><strong>qua,</strong></span> <span class='ocrx_word' id='word_1_624' title='bbox 2260 2231 2294 2260; x_wconf 90' lang='lat' dir='ltr'><strong>ut</strong></span> 
     </span>
     <span class='ocr_line' id='line_1_90' title="bbox 1282 2277 2295 2319; baseline 0.006 -13"><span class='ocrx_word' id='word_1_625' title='bbox 1282 2277 1478 2315; x_wconf 77' lang='lat' dir='ltr'><strong>predicitur,</strong></span> <span class='ocrx_word' id='word_1_626' title='bbox 1495 2278 1622 2308; x_wconf 80' lang='lat' dir='ltr'><strong>eisdem</strong></span> <span class='ocrx_word' id='word_1_627' title='bbox 1641 2279 1886 2309; x_wconf 54' lang='lat' dir='ltr'><strong>inercatcribus</strong></span> <span class='ocrx_word' id='word_1_628' title='bbox 1902 2279 2040 2318; x_wconf 69' lang='lat' dir='ltr'><strong>obligati</strong></span> <span class='ocrx_word' id='word_1_629' title='bbox 2058 2284 2151 2311; x_wconf 81' lang='lat' dir='ltr'><strong>erant</strong></span> <span class='ocrx_word' id='word_1_630' title='bbox 2169 2282 2295 2319; x_wconf 83' lang='lat' dir='ltr'><strong>episco-</strong></span> 
     </span>
     <span class='ocr_line' id='line_1_91' title="bbox 1282 2331 2292 2371; baseline 0.007 -14"><span class='ocrx_word' id='word_1_631' title='bbox 1282 2339 1345 2368; x_wconf 88' lang='lat' dir='ltr'><strong>pus</strong></span> <span class='ocrx_word' id='word_1_632' title='bbox 1364 2333 1392 2360; x_wconf 84' lang='lat' dir='ltr'><strong>et</strong></span> <span class='ocrx_word' id='word_1_633' title='bbox 1411 2331 1552 2360; x_wconf 78' lang='lat' dir='ltr'><strong>ecclesia</strong></span> <span class='ocrx_word' id='word_1_634' title='bbox 1570 2332 1774 2369; x_wconf 65' lang='lat' dir='ltr'><strong>supradictm</strong></span> <span class='ocrx_word' id='word_1_635' title='bbox 1794 2333 1877 2362; x_wconf 76' lang='lat' dir='ltr'><strong>foret</strong></span> <span class='ocrx_word' id='word_1_636' title='bbox 1897 2333 2046 2371; x_wconf 76' lang='lat' dir='ltr'><strong>plenarie</strong></span> <span class='ocrx_word' id='word_1_637' title='bbox 2065 2334 2292 2365; x_wconf 77' lang='lat' dir='ltr'><strong>satisfactum.</strong></span> 
     </span>
     <span class='ocr_line' id='line_1_92' title="bbox 1282 2384 2293 2423; baseline 0.005 -10"><span class='ocrx_word' id='word_1_638' title='bbox 1282 2384 1351 2413; x_wconf 78' lang='lat' dir='ltr'><strong>Has</strong></span> <span class='ocrx_word' id='word_1_639' title='bbox 1369 2385 1781 2422; x_wconf 69' lang='lat' dir='ltr'><strong>quoquec‹‡›1npositiones</strong></span> <span class='ocrx_word' id='word_1_640' title='bbox 1802 2386 1977 2416; x_wconf 77' lang='lat' dir='ltr'><strong>memorati</strong></span> <span class='ocrx_word' id='word_1_641' title='bbox 1995 2387 2195 2423; x_wconf 78' lang='lat' dir='ltr'><strong>cardinales,</strong></span> <span class='ocrx_word' id='word_1_642' title='bbox 2217 2397 2293 2418; x_wconf 86' lang='lat' dir='ltr'><strong>auc-</strong></span> 
     </span>
     <span class='ocr_line' id='line_1_93' title="bbox 1281 2437 2293 2479; baseline 0.006 -14"><span class='ocrx_word' id='word_1_643' title='bbox 1281 2437 1416 2466; x_wconf 85' lang='lat' dir='ltr'><strong>toritate</strong></span> <span class='ocrx_word' id='word_1_644' title='bbox 1435 2437 1591 2475; x_wconf 86' lang='lat' dir='ltr'><strong>prelibati</strong></span> <span class='ocrx_word' id='word_1_645' title='bbox 1611 2438 1863 2475; x_wconf 68' lang='lat' dir='ltr'><strong>predecessoris</strong></span> <span class='ocrx_word' id='word_1_646' title='bbox 1881 2439 1945 2468; x_wconf 82' lang='lat' dir='ltr'><strong>sibi</strong></span> <span class='ocrx_word' id='word_1_647' title='bbox 1963 2439 2003 2468; x_wconf 88' lang='lat' dir='ltr'><strong>ab</strong></span> <span class='ocrx_word' id='word_1_648' title='bbox 2019 2449 2057 2469; x_wconf 87' lang='lat' dir='ltr'><strong>eo</strong></span> <span class='ocrx_word' id='word_1_649' title='bbox 2074 2440 2107 2469; x_wconf 90' lang='lat' dir='ltr'><strong>in</strong></span> <span class='ocrx_word' id='word_1_650' title='bbox 2123 2440 2181 2470; x_wconf 86' lang='lat' dir='ltr'><strong>hac</strong></span> <span class='ocrx_word' id='word_1_651' title='bbox 2199 2443 2293 2479; x_wconf 84' lang='lat' dir='ltr'><strong>parte</strong></span> 
     </span>
     <span class='ocr_line' id='line_1_94' title="bbox 1281 2491 2293 2531; baseline 0.006 -13"><span class='ocrx_word' id='word_1_652' title='bbox 1281 2491 1476 2523; x_wconf 74' lang='lat' dir='ltr'><strong>commissa,</strong></span> <span class='ocrx_word' id='word_1_653' title='bbox 1498 2492 1701 2523; x_wconf 77' lang='lat' dir='ltr'><strong>statuerunt,</strong></span> <span class='ocrx_word' id='word_1_654' title='bbox 1720 2492 1976 2524; x_wconf 75' lang='lat' dir='ltr'><strong>mamlaverunt.</strong></span> <span class='ocrx_word' id='word_1_655' title='bbox 1996 2495 2215 2531; x_wconf 84' lang='lat' dir='ltr'><strong>preceperunt</strong></span> <span class='ocrx_word' id='word_1_656' title='bbox 2239 2494 2293 2524; x_wconf 83' lang='lat' dir='ltr'><strong>fir-</strong></span> 
     </span>
     <span class='ocr_line' id='line_1_95' title="bbox 1281 2543 2292 2582; baseline 0.006 -10"><span class='ocrx_word' id='word_1_657' title='bbox 1281 2543 1381 2572; x_wconf 84' lang='lat' dir='ltr'><strong>miter</strong></span> <span class='ocrx_word' id='word_1_658' title='bbox 1396 2544 1425 2572; x_wconf 87' lang='lat' dir='ltr'><strong>et</strong></span> <span class='ocrx_word' id='word_1_659' title='bbox 1450 2543 1693 2573; x_wconf 77' lang='lat' dir='ltr'><strong>inviolabiliter</strong></span> <span class='ocrx_word' id='word_1_660' title='bbox 1711 2546 1872 2582; x_wconf 87' lang='lat' dir='ltr'><strong>perpetuo</strong></span> <span class='ocrx_word' id='word_1_661' title='bbox 1892 2545 2078 2581; x_wconf 77' lang='lat' dir='ltr'><strong>observari,</strong></span> <span class='ocrx_word' id='word_1_662' title='bbox 2095 2555 2131 2576; x_wconf 86' lang='lat' dir='ltr'><strong>ac</strong></span> <span class='ocrx_word' id='word_1_663' title='bbox 2148 2547 2292 2578; x_wconf 87' lang='lat' dir='ltr'><strong>eundem</strong></span> 
     </span>
     <span class='ocr_line' id='line_1_96' title="bbox 1281 2596 2292 2638; baseline 0.006 -14"><span class='ocrx_word' id='word_1_664' title='bbox 1281 2596 1489 2634; x_wconf 76' lang='lat' dir='ltr'><strong>episcopum,</strong></span> <span class='ocrx_word' id='word_1_665' title='bbox 1519 2596 1546 2624; x_wconf 85' lang='grc'><strong>3-1</strong></span> <span class='ocrx_word' id='word_1_666' title='bbox 1574 2597 1607 2625; x_wconf 86' lang='grc'><strong>111</strong></span> <span class='ocrx_word' id='word_1_667' title='bbox 1640 2598 1777 2626; x_wconf 82' lang='lat' dir='ltr'><strong>statutis</strong></span> <span class='ocrx_word' id='word_1_668' title='bbox 1810 2598 1965 2628; x_wconf 78' lang='lat' dir='ltr'><strong>terminis</strong></span> <span class='ocrx_word' id='word_1_669' title='bbox 1998 2599 2030 2628; x_wconf 91' lang='lat' dir='ltr'><strong>in</strong></span> <span class='ocrx_word' id='word_1_670' title='bbox 2062 2600 2292 2638; x_wconf 83' lang='lat' dir='ltr'><strong>predictarum</strong></span> 
     </span>
     <span class='ocr_line' id='line_1_97' title="bbox 1281 2649 2291 2687; baseline 0.007 -10"><span class='ocrx_word' id='word_1_671' title='bbox 1281 2649 1508 2687; x_wconf 82' lang='lat' dir='ltr'><strong>quantitatum</strong></span> <span class='ocrx_word' id='word_1_672' title='bbox 1546 2649 1714 2679; x_wconf 85' lang='lat' dir='ltr'><strong>solutione</strong></span> <span class='ocrx_word' id='word_1_673' title='bbox 1746 2652 1892 2681; x_wconf 78' lang='lat' dir='ltr'><strong>cessaret</strong></span> <span class='ocrx_word' id='word_1_674' title='bbox 1924 2660 1982 2681; x_wconf 83' lang='lat' dir='ltr'><strong>seu</strong></span> <span class='ocrx_word' id='word_1_675' title='bbox 2012 2654 2128 2682; x_wconf 84' lang='lat' dir='ltr'><strong>contra</strong></span> <span class='ocrx_word' id='word_1_676' title='bbox 2154 2654 2291 2684; x_wconf 85' lang='lat' dir='ltr'><strong>easdem</strong></span> 
     </span>
     <span class='ocr_line' id='line_1_98' title="bbox 1281 2702 2292 2739; baseline 0.006 -8"><span class='ocrx_word' id='word_1_677' title='bbox 1281 2702 1544 2739; x_wconf 72' lang='lat' dir='ltr'><strong>compositiones</strong></span> <span class='ocrx_word' id='word_1_678' title='bbox 1561 2702 1681 2732; x_wconf 78' lang='lat' dir='ltr'><strong>faceret</strong></span> <span class='ocrx_word' id='word_1_679' title='bbox 1704 2703 1755 2732; x_wconf 74' lang='lat' dir='ltr'><strong>vel</strong></span> <span class='ocrx_word' id='word_1_680' title='bbox 1773 2703 1913 2734; x_wconf 75' lang='lat' dir='ltr'><strong>veniret.</strong></span> <span class='ocrx_word' id='word_1_681' title='bbox 1932 2707 2292 2737; x_wconf 82' lang='lat' dir='ltr'><strong>excommunicationis</strong></span> 
     </span>
     <span class='ocr_line' id='line_1_99' title="bbox 1282 2755 2291 2795; baseline 0.007 -12"><span class='ocrx_word' id='word_1_682' title='bbox 1282 2755 1448 2784; x_wconf 85' lang='lat' dir='ltr'><strong>sententia</strong></span> <span class='ocrx_word' id='word_1_683' title='bbox 1464 2755 1679 2792; x_wconf 82' lang='lat' dir='ltr'><strong>innodarunt,</strong></span> <span class='ocrx_word' id='word_1_684' title='bbox 1699 2758 1728 2785; x_wconf 91' lang='lat' dir='ltr'><strong>et</strong></span> <span class='ocrx_word' id='word_1_685' title='bbox 1748 2756 1833 2786; x_wconf 83' lang='lat' dir='ltr'><strong>alias</strong></span> <span class='ocrx_word' id='word_1_686' title='bbox 1848 2766 1952 2795; x_wconf 83' lang='lat' dir='ltr'><strong>penas</strong></span> <span class='ocrx_word' id='word_1_687' title='bbox 1973 2758 2214 2789; x_wconf 89' lang='lat' dir='ltr'><strong>nichilominus</strong></span> <span class='ocrx_word' id='word_1_688' title='bbox 2231 2761 2291 2790; x_wconf 86' lang='lat' dir='ltr'><strong>ini-</strong></span> 
     </span>
     <span class='ocr_line' id='line_1_100' title="bbox 1280 2808 2291 2851; baseline 0.007 -15"><span class='ocrx_word' id='word_1_689' title='bbox 1280 2808 1604 2845; x_wconf 72' lang='lat' dir='ltr'><strong>1)osiiei‘²¹iiiit‹ide111</strong></span> <span class='ocrx_word' id='word_1_690' title='bbox 1627 2809 1801 2845; x_wconf 36' lang='lat' dir='ltr'><strong>conthttis</strong></span> <span class='ocrx_word' id='word_1_691' title='bbox 1821 2812 1855 2839; x_wconf 91' lang='lat' dir='ltr'><strong>ut</strong></span> <span class='ocrx_word' id='word_1_692' title='bbox 1871 2810 2004 2840; x_wconf 78' lang='lat' dir='ltr'><strong>dultin</strong></span> <span class='ocrx_word' id='word_1_693' title='bbox 2026 2821 2128 2850; x_wconf 80' lang='lat' dir='ltr'><strong>super</strong></span> <span class='ocrx_word' id='word_1_694' title='bbox 2148 2813 2291 2851; x_wconf 78' lang='lat' dir='ltr'><strong>singulis</strong></span> 
     </span>
    </p>
   </div>
   <div class='ocr_carea' id='block_1_8' title="bbox 207 2860 2292 2956">
    <p class='ocr_par' dir='ltr' id='par_1_9' title="bbox 207 2860 2292 2952">
     <span class='ocr_line' id='line_1_101' title="bbox 1249 2860 2292 2903; baseline 0.005 -12"><span class='ocrx_word' id='word_1_695' title='bbox 1249 2886 1251 2891; x_wconf 78' lang='grc'>,</span> <span class='ocrx_word' id='word_1_696' title='bbox 1281 2860 1540 2898; x_wconf 83' lang='lat' dir='ltr'><strong>qumtitatibus,</strong></span> <span class='ocrx_word' id='word_1_697' title='bbox 1560 2870 1644 2899; x_wconf 84' lang='lat' dir='ltr'><strong>quas</strong></span> <span class='ocrx_word' id='word_1_698' title='bbox 1669 2862 1742 2900; x_wconf 65' lang='lat' dir='ltr'><strong>sing</strong></span> <span class='ocrx_word' id='word_1_699' title='bbox 1738 2862 1794 2892; x_wconf 74' lang='grc' dir='ltr'><strong>τ1111</strong></span> <span class='ocrx_word' id='word_1_700' title='bbox 1814 2866 2018 2895; x_wconf 75' lang='lat' dir='ltr'><strong>meicatores</strong></span> <span class='ocrx_word' id='word_1_701' title='bbox 2034 2865 2203 2903; x_wconf 68' lang='lat' dir='ltr'><strong>petebant,</strong></span> <span class='ocrx_word' id='word_1_702' title='bbox 2225 2867 2292 2896; x_wconf 89' lang='lat' dir='ltr'><strong>sin-</strong></span> 
     </span>
     <span class='ocr_line' id='line_1_102' title="bbox 207 2912 2291 2956; baseline 0.003 -14"><span class='ocrx_word' id='word_1_703' title='bbox 207 2914 338 2942; x_wconf 83' lang='lat' dir='ltr'><strong>catores</strong></span> <span class='ocrx_word' id='word_1_704' title='bbox 370 2913 554 2948; x_wconf 85' lang='lat' dir='ltr'><strong>Romanos,</strong></span> <span class='ocrx_word' id='word_1_705' title='bbox 590 2912 774 2942; x_wconf 83' lang='lat' dir='ltr'><strong>credit01es</strong></span> <span class='ocrx_word' id='word_1_706' title='bbox 808 2912 948 2942; x_wconf 86' lang='lat' dir='ltr'><strong>ecclesie</strong></span> <span class='ocrx_word' id='word_1_707' title='bbox 984 2913 1158 2944; x_wconf 83' lang='lat' dir='ltr'><strong>Metensis</strong></span> <span class='ocrx_word' id='word_1_708' title='bbox 1188 2915 1220 2944; x_wconf 89' lang='lat' dir='ltr'><strong>et</strong></span> <span class='ocrx_word' id='word_1_709' title='bbox 1250 2918 1252 2951; x_wconf 70' lang='lat' dir='ltr'><strong>l</strong></span> <span class='ocrx_word' id='word_1_710' title='bbox 1281 2913 1459 2952; x_wconf 77' lang='lat' dir='ltr'><strong>gula-libus</strong></span> <span class='ocrx_word' id='word_1_711' title='bbox 1476 2913 1623 2952; x_wconf 82' lang='lat' dir='ltr'><strong>publicis</strong></span> <span class='ocrx_word' id='word_1_712' title='bbox 1649 2914 1886 2946; x_wconf 87' lang='lat' dir='ltr'><strong>instrumentis</strong></span> <span class='ocrx_word' id='word_1_713' title='bbox 1904 2919 1934 2947; x_wconf 88' lang='lat' dir='ltr'><strong>et</strong></span> <span class='ocrx_word' id='word_1_714' title='bbox 1954 2918 2079 2956; x_wconf 71' lang='grc' dir='ltr'><strong>31τ11113</strong></span> <span class='ocrx_word' id='word_1_715' title='bbox 2097 2920 2291 2949; x_wconf 82' lang='lat' dir='ltr'><strong>eorumdem</strong></span> 
     </span>
    </p>
   </div>
  </div>
 </body>
</html>
