2547 3289
1092 290 1305 321 D’URBAIN
1329 290 1386 320 IV.
2237 289 2276 319 87

202 387 329 426 scripta
359 387 561 416 mandamus
590 387 750 424 quatinus
776 387 809 416 in
832 387 915 416 locis
943 386 977 415 in
1003 385 1126 424 quibus
1148 385 1209 414 tibi

200 440 311 479 ipsius
325 441 412 470 terre
438 441 608 478 negotium
625 441 676 469 est
693 440 924 472 commissum,
942 448 1002 477 per
1020 440 1052 468 te
1069 438 1121 467 vel
1138 446 1210 476 per-

201 493 306 522 alium
334 501 394 522 seu
427 492 526 526 alios,
557 492 713 522 omnibus
738 491 975 522 executoribus
1000 491 1128 521 eisdem
1150 499 1210 528 per

201 547 294 577 sonis
318 548 350 577 et
375 546 460 576 locis
484 546 654 584 deputatis
679 555 697 575 a
716 545 865 584 predicta
883 545 960 574 sede
976 552 1078 582 super
1096 542 1209 581 hujus-

200 600 292 630 modi
308 598 587 630 concessionibus
605 607 646 629 ex
659 600 753 637 parte
770 599 886 628 nostra
904 598 952 628 ...¹

760 808 885 841 Orvieto,
903 811 917 834 7
936 807 1038 834 fevrier
1058 808 1135 833 1263.

290 812 363 843 313

240 898 372 925 Facultas
388 900 542 932 proventus
559 897 780 928 ecclesiasticos,
799 896 859 922 sine
877 895 1042 927 residentia,
1060 903 1108 930 per
1124 895 1210 922 trien-

203 946 480 981 nium,percipiendi
498 945 673 981 presbyteris
689 947 716 971 et
731 944 842 972 clericis
860 944 1026 971 conceditur
1042 945 1099 978 qui,
1113 945 1210 971 Crucis

204 998 353 1030 assumpto
378 995 535 1030 signaculo,
554 995 583 1021 111
600 995 702 1020 Terrae
716 994 835 1021 Sanctae
858 1001 1023 1020 succursum
1043 993 1210 1020 transfreta-

202 1043 269 1072 rint.
291 1044 369 1079 (Rae.
384 1045 430 1078 27,
451 1043 499 1071 fol.
517 1045 560 1077 87,
577 1047 609 1069 n⁰
626 1044 662 1077 1.)

244 1161 259 1180 (1
279 1150 405 1181 Eidem.
429 1151 514 1181 Cum
533 1150 798 1189 predicationem
817 1149 935 1180 Crucis
960 1149 995 1179 in
1020 1149 1211 1185 Alamania,

202 1204 343 1234 Boemia
360 1206 392 1234 et
410 1204 489 1234 aliis
513 1203 598 1234 locis
613 1204 655 1233 ad
669 1212 733 1242 que
753 1203 869 1242 lingua
885 1203 1093 1233 Theutonica
1105 1211 1141 1233 se
1156 1212 1211 1233 ex—

204 1257 323 1293 tendit,
342 1265 401 1295 pro
424 1256 577 1286 subsidio
591 1258 680 1287 terre
698 1258 811 1287 sancte
835 1255 898 1286 tibi
921 1265 980 1295 per
1007 1259 1140 1286 nostras
1157 1256 1212 1286 lit-

200 1311 292 1340 teras
308 1309 371 1340 sub
389 1311 480 1340 certa
496 1309 605 1340 forma
625 1310 823 1340 duxerimus
846 1309 1134 1354 committendam,-
1156 1317 1213 1339 vo-

200 1362 312 1393 lentes
329 1365 366 1393 ut
381 1363 554 1402 negotium
570 1363 683 1401 ipsum
706 1371 744 1393 eo
763 1363 929 1392 efficatius
947 1363 1128 1401 exequaris
1146 1371 1211 1401 quo

202 1425 262 1455 per
279 1425 341 1446 nos
358 1416 478 1455 majori
495 1416 600 1446 fueris
618 1416 816 1446 auctoritate
835 1416 999 1452 munitus,
1012 1415 1212 1454 presbiteris

201 1469 234 1499 et
251 1469 384 1499 clericis
404 1469 543 1499 illarum
554 1469 715 1508 partium,
731 1469 800 1508 qui,
829 1469 947 1499 Crucis
974 1470 1149 1507 assumpto
1168 1469 1213 1499 si-

202 1522 355 1561 gnaculo,
371 1522 623 1552 transfretarint
640 1522 676 1552 in
696 1522 783 1552 dicte
800 1524 887 1552 terre
911 1531 1121 1556 succursum,
1138 1531 1212 1560 pre-

202 1575 350 1605 sentium
377 1577 573 1605 auctoritate
589 1575 815 1611 concedimus,
835 1576 871 1604 ut
891 1577 1074 1613 proventus
1088 1575 1212 1605 benefi-

202 1627 331 1658 ciorum
365 1636 505 1658 suorum
537 1636 596 1666 per
628 1628 813 1657 triennium
834 1636 851 1657 a
880 1629 1026 1666 tempore
1052 1636 1117 1666 quo
1148 1628 1212 1658 iter

200 1681 471 1711 transmarinum
491 1681 707 1720 arripuerint,
728 1681 1000 1719 computandum,
1024 1689 1100 1710 cum
1128 1681 1211 1711 inte-

200 1734 322 1772 gritate
352 1735 525 1772 percipere
543 1735 688 1770 valeant,
708 1743 783 1763 cum
806 1743 872 1772 qua
892 1734 970 1763 illos
987 1733 1210 1772 perciperent,

201 1787 382 1817 cotidianis
413 1787 711 1818 distributionibus
740 1787 915 1816 dumtaxat
934 1787 1096 1824 exceptis,
1119 1795 1156 1816 ac
1182 1787 1211 1817 si

203 1841 430 1879 personaliter
447 1841 482 1870 in
499 1840 652 1871 ecclesiis
671 1840 705 1869 in
723 1839 845 1878 quibus
860 1839 1023 1869 beneficia
1040 1839 1114 1877 ipsa
1129 1839 1213 1870 obti-

207 1895 297 1930 nent,
316 1894 514 1928 residerent,
543 1894 586 1929 et,
604 1893 633 1922 si
660 1901 797 1923 necesse
825 1892 938 1926 fuerit,
953 1901 1010 1922 eos
1036 1901 1096 1931 per
1123 1892 1211 1922 idem

202 1948 337 1984 tempus
353 1946 497 1976 vendere
512 1946 566 1976 vel
580 1946 713 1984 pignori
730 1945 864 1975 valeant
877 1945 1037 1984 obligare.
1048 1946 1125 1975 Non
1139 1945 1211 1974 obs-

205 1998 356 2030 tantibus
375 2000 449 2035 etc„
471 2007 579 2037 usque
598 1999 790 2037 juramento
809 1999 951 2036 prestito
970 1998 1209 2037 promiserunt.

203 2051 280 2082 Tibi
298 2053 410 2082 autem
428 2051 572 2082 faciendi
588 2052 638 2082 eis
653 2052 707 2082 vel
716 2060 832 2082 eorum
848 2051 1136 2090 procuratoribus,
1151 2060 1211 2081 suo

202 2105 351 2141 nomine,
364 2105 534 2143 predictos
551 2104 692 2141 fructus,
709 2105 806 2143 juxta
819 2105 967 2143 predicte
982 2104 1212 2135 concessionis

205 2159 318 2188 nostre
339 2160 502 2193 tenorem,
517 2166 576 2197 per
593 2159 626 2188 te
644 2157 698 2188 vel
714 2166 773 2196 per
787 2157 893 2187 alium
907 2166 967 2187 seu
981 2157 1067 2187 alios
1082 2157 1212 2196 integre

210 2211 410 2242 ministrari.
429 2211 701 2241 Contradictores
728 2212 789 2241 etc.
825 2219 932 2249 usque
956 2210 1209 2249 compescendo.

208 2264 284 2295 Non
298 2263 463 2300 obstante,
474 2265 549 2301 etc„
566 2282 604 2285 —-
620 2273 728 2303 usque
749 2264 954 2294 facultatem.
982 2265 1107 2294 Datum
1125 2264 1213 2302 apud

209 2316 500 2359 UrDemveterem,
517 2326 562 2347 vn
579 2317 655 2347 idus
672 2317 845 2353 februarii,
864 2325 949 2347 anno
966 2317 1123 2347 secundo.
1144 2329 1159 2344 »

292 2526 366 2557 314
769 2523 892 2555 Orvieto‚
910 2524 925 2549 9
941 2523 1046 2551 sevrier
1067 2524 1142 2550 ¹263.

245 2609 345 2636 Eidem
365 2607 493 2635 concedit
509 2607 676 2634 facultatem
688 2607 855 2642 providendi
870 2607 992 2641 quinque
1010 2607 1131 2639 clericis,
1150 2615 1216 2634 cum

205 2666 238 2685 eo
267 2657 296 2684 in
315 2657 412 2684 Crucis
427 2655 542 2691 negotio
557 2656 763 2688 laborantibus,
780 2657 813 2682 de
830 2656 952 2682 totidem
973 2656 1117 2683 beneficiis
1136 2664 1216 2690 prae-

215 2705 381 2733 bendalihus
390 2705 434 2732 vel
444 2704 519 2736 aliis,
529 2703 644 2731 etiamsi
653 2712 751 2731 curam
761 2704 883 2731 habeant
893 2703 1067 2731 animarum.
1080 2705 1159 2739 (Bm.
1171 2705 1215 2735 27,

210 2754 258 2782 fol.
273 2756 306 2782 87
322 2760 360 2786 γ’,
377 2759 407 2781 n⁶
422 2754 458 2789 1.)

237 2875 261 2898 1.
279 2874 317 2898 Le
337 2873 460 2904 registre
478 2878 512 2896 ne
528 2857 608 2902 porte
628 2878 681 2902 pas
697 2871 726 2895 la
745 2871 782 2895 fin
802 2871 835 2896 de
854 2873 925 2896 cette
952 2871 1039 2899 bulte,
1060 2879 1144 2903 parce
1162 2879 1216 2903 que

206 2913 232 2938 le
248 2913 344 2938 cahier
363 2913 396 2937 de
415 2912 580 2943 parchemin
603 2911 664 2935 finit
680 2911 717 2935 ici
739 2913 766 2936 et
782 2917 836 2942 que
854 2911 882 2935 la
901 2912 1039 2942 premiere
1057 2912 1154 2937 feuille
1179 2912 1217 2937 du

213 2953 311 2978 cahier
326 2953 444 2977 suivant
460 2959 619 2977 commence
635 2958 687 2983 par
702 2958 757 2976 une
775 2954 857 2976 autre
874 2952 959 2975 bulle.

1313 383 1327 398 «
1347 371 1467 401 Eidem.
1485 372 1567 401 Cum
1584 373 1644 402 etc.
1660 373 1694 401 ut
1711 380 1823 410 supra.
1842 389 1879 392 -
1896 372 2017 401 Datum
2033 371 2119 409 apud
2138 371 2276 401 Urbem-

1270 425 1431 460 veterem,
1453 434 1468 452 v
1491 425 1564 453 idus
1581 424 1752 458 februarii,
1772 434 1857 453 anno
1874 424 2029 455 secundO.
2051 434 2065 452 11

1359 594 1432 624 315

1833 593 1954 623 Orvieto,
1975 595 1989 619 9
2007 594 2109 620 sex-rior
2128 596 2203 621 1263.

1304 680 1403 706 Eidem
1420 680 1548 707 concedit
1569 680 1735 706 facultatem
1751 690 1765 704 tr
1780 681 1943 707 assium-ndi
1961 682 2070 715 aliquos
2089 683 2274 709 eccl-*siarum

1269 728 1394 763 prelatos
1408 728 1535 762 aliosque
1549 729 1700 763 religiosos
1720 732 1745 755 et
1764 729 1905 755 seculares
1924 731 2115 763 predictarum
2139 731 2274 764 partium,

1269 778 1302 804 de
1320 778 1422 811 quibus
1447 778 1549 804 xidcrit
1575 777 1718 811 expedire,
1735 779 1765 803 ut
1790 778 1816 803 in
1836 777 1890 804 hiis
1909 786 1962 812 que
1987 782 2115 812 spectant
2133 780 2167 805 ‹si-l
2189 780 2277 813 ipsius

1269 826 1377 860 negotii
1403 826 1624 860 promotionem,
1645 826 1698 852 sibi
1715 826 1866 859 assistunt,
1887 827 2021 853 obediant
2039 830 2063 853 et
2086 827 2242 854 intendant.
2263 838 2278 853 »

1270 875 1346 908 (Rea.
1363 877 1407 905 ⁶27,
1424 875 1471 901 fol.
1487 876 1530 901 87.
1550 881 1586 905 γ’),
1607 879 1637 900 110
1655 876 1693 905 2.)

1311 980 1325 998 (1
1345 968 1466 999 Eidem.
1483 969 1568 999 Cum
1588 970 1650 997 etc.
1669 969 1704 998 ut
1722 976 1834 1006 supra.
1854 985 1891 988 —
1909 967 2033 997 Datum
2049 968 2084 996 ut
2110 975 2222 1004 supra,
2245 966 2278 995 in

1271 1023 1437 1062 proxima.
1465 1031 1480 1051 1)

1818 1197 1942 1227 Orvieto,
1960 1198 1993 1222 20
2012 1196 2113 1223 sevrier
2132 1198 2208 1223 1263.

1361 1201 1434 1231 316

1307 1284 1344 1309 De
1362 1283 1532 1310 remissione
1549 1290 1703 1309 usurarum
1724 1280 1932 1315 crucesignatis
1954 1280 2055 1307 fienda.
2072 1280 2149 1315 (Rea.
2169 1281 2214 1311 ⁶27,
2231 1279 2278 1306 fol.

1271 1333 1315 1363 88,
1329 1337 1359 1358 n⁰
1376 1333 1411 1365 1.)

1313 1447 1328 1462 1(
1346 1433 1468 1464 Eidem.
1487 1434 1571 1464 Cum
1590 1435 1651 1463 etc.
1674 1441 1781 1471 usque
1806 1432 1967 1468 monitus,
1994 1431 2197 1462 fraternitati
2223 1433 2279 1462 tue

1271 1487 1481 1526 presentium
1499 1486 1696 1516 auctoritate
1713 1486 1968 1521 committimus,
1986 1486 2023 1514 ut
2040 1485 2068 1514 si
2093 1485 2150 1523 qui
2169 1492 2278 1514 cruce-

1272 1540 1396 1578 signati
1412 1540 1465 1569 vel
1483 1538 1738 1577 crucesignandi
1754 1538 1901 1576 partium
1916 1538 2111 1567 earumdem
2128 1537 2169 1567 ad
2188 1545 2280 1575 pres-

1270 1593 1391 1623 tandas
1419 1600 1542 1621 usuras
1562 1591 1753 1629 juramento
1772 1591 1826 1620 vel
1855 1591 1921 1620 alio
1947 1599 2157 1629 quocumque
2182 1590 2280 1620 modo

1270 1646 1448 1675 teneantur
1483 1645 1622 1679 astricti,
1651 1644 1834 1673 creditores
1864 1643 2015 1682 ipsorum
2043 1644 2078 1672 ut
2106 1643 2281 1672 remittant

1272 1698 1321 1728 eis
1349 1698 1529 1736 prestitum
1556 1706 1657 1735 super
1685 1697 1746 1726 hoc
1772 1696 2000 1735 juramentum
2028 1696 2081 1725 vel
2101 1695 2281 1733 cujuslibet

1271 1751 1406 1790 generis
1424 1750 1663 1789 obligationem
1680 1751 1711 1779 et
1728 1749 1768 1779 ab
1784 1758 1965 1779 usurarum
1983 1748 2157 1779 exactione
2175 1748 2282 1777 desis-

1270 1805 1354 1839 tant,
1378 1812 1415 1833 ac
1443 1804 1484 1833 ad
1503 1803 1706 1833 solutionem
1729 1811 1912 1832 usurarum
1936 1802 2069 1831 nullum
2090 1810 2205 1831 eorum
2229 1810 2281 1831 co-

1272 1857 1407 1886 hercere
1422 1858 1629 1894 presumant,
1639 1856 1677 1885 de
1689 1855 1788 1894 plano
1802 1856 1833 1885 et
1847 1854 1973 1893 absque
1985 1854 2189 1893 judIciorum
2200 1856 2282 1883 stre—

1272 1910 1357 1948 pitu,
1370 1909 1512 1938 veritate
1533 1909 1676 1947 cognita,
1707 1908 1858 1944 clericos,
1888 1907 2073 1937 monitione
2101 1907 2281 1945 premissa,

1272 1971 1332 2001 per
1354 1970 1531 1991 censuram
1557 1961 1831 1996 ecclesiasticam,
1862 1960 1966 1989 laicos
1988 1968 2066 1989 vero
2085 1969 2144 1998 per
2161 1968 2281 1998 penam

1273 2015 1308 2044 in
1334 2014 1556 2045 Lateranensi
1573 2014 1712 2043 concilio
1734 2014 1849 2042 contra
1872 2013 2048 2042 usurarios
2069 2013 2205 2048 editam,
2225 2021 2280 2050 ap—

1273 2068 1454 2106 pellatione
1482 2068 1620 2099 remota,
1650 2066 1846 2104 compellas.
1873 2065 2000 2095 Judeos
2026 2074 2104 2095 vero
2127 2065 2168 2094 ad
2187 2065 2283 2094 resti-

1272 2121 1415 2151 tuendas
1429 2128 1552 2150 usuras
1569 2119 1697 2149 eisdem
1716 2118 1960 2157 crucesignatis
1979 2118 2033 2147 vel
2050 2118 2285 2156 crucesignan—

1273 2174 1326 2204 dis
1353 2174 1512 2204 volumus
1542 2182 1609 2211 qua
1640 2172 1808 2208 convenit,
1826 2172 2036 2201 districtione
2066 2171 2222 2209 compelli
2252 2172 2284 2201 et

1273 2228 1378 2258 donec
1402 2227 1494 2265 ipsas
1521 2225 2023 2261 reddiderint,communionem
2052 2224 2102 2253 eis
2131 2224 2282 2253 fidelium

1274 2280 1444 2319 denegari.
1481 2280 1605 2310 Datum
1633 2279 1721 2317 apud
1751 2278 2041 2313 Urbemveterem‚
2071 2286 2093 2306 x
2121 2277 2284 2307 kalendas

1274 2333 1402 2370 martii,
1420 2341 1507 2363 anno
1525 2332 1682 2363 secundo.
1703 2343 1716 2357 »

1844 2510 1966 2541 Orvieto,
1987 2511 2020 2536 22
2038 2518 2115 2537 mars
2134 2511 2210 2536 1253.

1365 2515 1437 2545 317

1311 2593 1411 2619 Eidem
1429 2593 1558 2620 concedit
1577 2592 1743 2619 facultatem
1761 2591 1911 2618 nonnullos
1929 2599 1980 2625 pro
1998 2590 2083 2617 certis
2104 2590 2216 2617 delictis
2236 2591 2283 2617 ab·

1276 2641 1415 2669 solvendi.
1434 2642 1514 2677 (Rae.
1532 2643 1576 2671 27,
1595 2641 1642 2668 fol.
1660 2642 1704 2671 88,
1721 2646 1750 2667 11⁰
1767 2640 1805 2675 2.)

1318 2733 1472 2770 «Eidem,
1496 2734 1579 2764 Cum
1600 2735 1660 2764 etc.
1690 2740 1798 2771 usque
1823 2732 1989 2769 munitus,
2009 2731 2207 2763 absolvendi
2229 2742 2285 2764 eos

1277 2787 1335 2825 qui
1361 2788 1476 2817 contra
1497 2785 1761 2825 prohibitionem
1780 2785 1963 2823 apostolice
1984 2785 2075 2815 sedis
2092 2786 2145 2816 vel
2163 2786 2285 2826 legato-

1276 2849 1352 2870 rum
1371 2840 1456 2878 erS‚
1471 2839 1687 2878 sepulchrum
1704 2837 1838 2868 Domini
1861 2838 2056 2874 visitarunt,
2076 2847 2113 2869 ac
2134 2839 2212 2869 illos
2227 2839 2285 2879 qui

1276 2894 1496 2931 portaverunt
1514 2893 1638 2922 serrum
1657 2899 1751 2921 arma
1771 2891 1958 2929 lignamina
1975 2892 2007 2921 ct
2025 2900 2154 2922 merces
2174 2893 2284 2931 prohi-

1278 2945 1368 2976 bitas
1383 2945 1578 2976 Sarracenis
1596 2944 1647 2974 vel
1660 2944 1746 2974 alias
1763 2944 1879 2974 contra
1896 2944 2108 2975 Christianos
2121 2945 2286 2977 dederunt
