2547 3289
117 301 176 330 288
876 285 1118 318 REGISTRES
1141 283 1354 315 D'URBAIN
1378 282 1436 312 IV.

117 381 244 412 domini
273 388 355 418 pape
389 377 594 415 capellanus,
622 373 820 403 auctoritate
851 371 1041 401 Iltterarum
1076 369 1123 398 in-

118 434 383 471 frascriptarum,
403 428 630 459 venerabilem
657 428 787 465 patrem
808 424 983 454 dominum
1008 424 1126 460 Syrno-

118 486 273 523 nem,1)ei
292 484 399 523 gratia
412 482 567 512 abbatem
581 478 779 510 monasterii
797 488 823 507 s.
836 476 979 512 Antimi,
995 474 1125 505 ordinis

118 550 143 570 s.
162 538 346 570 benedicti,
366 535 580 565 (llusinensis
593 532 750 567 diocesis,
763 531 802 560 ad
820 531 1008 561 Romanam
1025 527 1126 557 eccle-

117 593 213 628 siam,
241 593 274 620 ut
299 590 432 624 dicitur,
454 587 546 617 nullo
575 585 686 616 medio
712 583 925 623 pertinentis,
954 582 987 611 in
1013 589 1127 619 corpo-

118 645 221 675 ralem
255 642 508 681 possessionem
543 638 685 678 predicti
716 635 911 667 monasterii
938 644 964 663 s
997 633 1127 663 Antimi

117 707 190 727 cum
210 695 364 726 omnibns
382 695 455 724 suis
468 693 603 732 juribus
618 694 649 721 et
669 689 884 729 pertinentiis
906 687 1051 721 induxit,
1072 686 1128 716 du-

118 750 221 780 cendo
244 750 354 787 ipsum
374 748 414 777 ad
441 747 545 777 altare
564 745 671 784 ipsius
694 741 905 777 monasterii,
923 743 955 771 et
971 740 1080 769 dando
1099 739 1128 768 ei

119 801 323 833 inmanibus
343 801 414 831 suis
434 808 562 839 pannos
579 797 697 827 altaris
718 796 839 835 ipsius,
861 796 893 825 et
911 793 1065 833 ponendo
1083 792 1129 831 ip-

119 864 194 885 sum
214 855 246 884 in
267 854 344 883 sede
373 852 505 882 abbatis
532 851 564 880 in
587 850 698 883 choro,
724 847 940 888 presentibus
967 847 999 876 et
1018 853 1131 883 aceep-

119 907 270 938 tantibus
284 908 382 945 atque
399 904 592 935 volentibus
609 903 730 933 dennis
748 901 941 937 Benedicto,
954 899 1065 938 priore
1082 906 1131 927 ec-

119 961 221 992 clesie
247 961 287 990 de
315 960 521 998 Prinquano,
551 956 688 992 Jacoho,
720 956 891 994 preposito
927 953 1066 983 ecclesie
1092 952 1131 981 de

121 1015 339 1047 Castronovo,
358 1012 516 1047 Raneri0‚
544 1009 687 1049 plebano
707 1018 734 1038 s.
759 1007 889 1039 Antimi
913 1006 1049 1039 veteris,
1074 1005 1132 1035 Ni-

121 1067 225 1103 colao,
265 1065 435 1105 preposito
468 1063 608 1094 ecclesie
642 1063 682 1092 de
714 1061 879 1099 Vignone‚
912 1058 1132 1093 Bernardino,

122 1119 295 1150 monachis
311 1118 391 1148 dicti
408 1116 619 1152 monasterii,
639 1116 671 1146 et
689 1113 870 1145 Lamberto
887 1113 1008 1143 clerico
1024 1111 1134 1150 ipsius

122 1172 331 1207 monasterii,
349 1172 380 1201 et
399 1169 591 1207 Lamberto,
611 1168 732 1198 clerico
752 1167 862 1206 ipsius
879 1164 1087 1199 monasterii,
1103 1165 1135 1194 et

123 1225 322 1265 presbytero
351 1222 578 1256 Afflebrando,
597 1222 726 1252 rectore
748 1219 889 1250 ecclesie
914 1228 941 1249 5.
973 1217 1078 1248 Marie
1095 1217 1134 1247 de

124 1278 322 1314 Turanerio,
355 1278 387 1307 et
418 1274 615 1310 Laurentio,
648 1273 823 1312 preposito
850 1272 889 1302 de
924 1272 1082 1307 Percena,
1104 1270 1136 1300 et

124 1331 218 1362 nullo
229 1340 269 1361 ex
284 1330 370 1369 ipsis
385 1328 643 1361 contradicente,
662 1336 725 1365 que
743 1326 878 1365 quidem
896 1324 1038 1355 ecclesie
1059 1323 1136 1353 sub-

122 1386 208 1424 J'ecte
226 1385 303 1414 sunt
318 1383 405 1413 dicto
434 1381 640 1412 monasterio
662 1381 694 1410 et
714 1379 756 1409 ad
780 1380 892 1417 ipsum
916 1377 1135 1416 pertinentes

125 1439 235 1469 Tenor
253 1438 365 1467 autem
382 1436 572 1466 litterarum
596 1434 675 1463 talis
694 1434 745 1462 est
766 1443 770 1461 ε

167 1503 181 1517 «
203 1488 383 1525 λοι-(11111115,
409 1487 627 1518 miseratione
657 1486 771 1515 divina
796 1494 842 1514 ss
870 1486 990 1513 Cosme
1016 1486 1047 1513 et
1074 1483 1137 1513 Da-

128 1543 265 1574 «miani
292 1542 455 1572 diaconus
485 1539 680 1573 cardinalis,
705 1539 852 1568 discreto
880 1537 951 1567 viro
977 1536 1138 1575 magistro

130 1610 143 1623 «
163 1595 344 1632 lternardo,
357 1593 529 1633 preposito
543 1591 696 1627 Senensi,
709 1590 837 1620 domini
853 1598 937 1628 pape
952 1587 1138 1626 capellano,

129 1662 143 1676 «
163 1649 307 1679 salutem
331 1648 364 1677 in
386 1646 543 1677 Domino.
567 1644 724 1675 Pervenit
750 1644 788 1673 ad
810 1641 1065 1673 sanctissimum
1085 1649 1140 1679 pa-

128 1714 142 1728 «
161 1704 259 1735 trem,
271 1701 446 1731 dominum
460 1700 626 1733 nostrum,
637 1697 811 1727 dominum
826 1695 1012 1729 Urbanum,
1026 1694 1141 1723 divina

130 1767 145 1783 «
163 1753 375 1794 providentia
402 1760 523 1791 papam
540 1751 617 1787 1111,
638 1750 727 1789 quod
742 1749 792 1779 vir
810 1748 990 1787 religiosus
1013 1748 1140 1782 (iratia,

128 1820 143 1836 «
162 1810 240 1838 tunc
253 1806 356 1837 abbas
370 1804 567 1836 monasterii
583 1815 609 1834 s.
627 1803 767 1837 Antimi,
780 1802 821 1831 ad
836 1803 1025 1832 Romanam
1040 1800 1141 1829 eccle-

130 1861 261 1896 «siam,
283 1861 317 1890 ut
339 1859 473 1892 dicitur,
504 1858 597 1887 nullo
630 1857 739 1886 medio
770 1854 983 1894 pertinentis,
1014 1852 1143 1883 ordinis

132 1925 146 1941 «
167 1924 193 1944 s.
215 1912 396 1946 Benedicti,
415 1910 628 1941 Clusinensis
653 1909 810 1942 diocesis,
836 1917 877 1937 ex
902 1907 1003 1937 certis
1031 1906 1143 1936 causis

135 1967 338 2005 «resignare
367 1965 534 1995 abbatiam
562 1964 670 2002 ipsius
698 1961 895 1992 monasterii
923 1960 1140 1999 proponebat.

134 2033 147 2047 «
168 2020 262 2051 Unde
282 2019 354 2057 ipse
375 2018 542 2053 dominus,
562 2016 719 2046 dubitans
733 2024 772 2045 ne
785 2014 1040 2049 monasterium,
1055 2013 1143 2042 dicto

134 2085 148 2101 «
166 2073 280 2103 Gratia
297 2072 445 2106 cedente,
461 2071 500 2099 ad
516 2079 636 2099 manus
652 2069 865 2098 inimicorum
881 2067 989 2105 ipsius
1003 2066 1144 2095 ecclesie

136 2140 149 2153 «
169 2125 352 2156 deveniret,
368 2127 395 2154 et
413 2124 551 2162 cupiens
571 2123 635 2161 ipsi
651 2121 855 2151 monasterio
871 2120 986 2149 utilem
1008 2127 1144 2158 preesse

135 2190 150 2206 «
168 2181 336 2217 pastorem
356 2179 387 2206 et
407 2176 547 2206 ecclesie
566 2176 716 2206 Romane
735 2174 892 2203 devotum
910 2181 969 2211 pcr
985 2172 1080 2210 cujus
1099 2172 1145 2201 in-

135 2245 148 2259 «
169 2232 335 2262 dustriam
364 2231 451 2259 idem
477 2228 732 2263 momtsterium,
755 2228 824 2257 Dee
850 2225 1007 2265 propitio,
1031 2227 1146 2263 posset

135 2298 149 2312 «
170 2285 239 2323 regi
257 2287 287 2314 et
305 2283 403 2321 ‹ln-igi
424 2291 584 2321 prospere
600 2290 635 2310 ac
650 2281 811 2319 prolicere
827 2279 1022 2309 salubribus
1042 2278 1146 2307 incre-

132 2350 147 2365 «
167 2338 302 2373 mentis,
321 2336 417 2366 nobis
438 2335 607 2364 commisit
627 2336 656 2363 et
681 2333 827 2371 injunxit
849 2332 983 2361 oraculo
1001 2331 1074 2361 vive
1092 2340 1146 2359 vo-

134 2405 147 2419 «
169 2391 229 2426 cis,
254 2392 287 2421 ut
311 2399 368 2428 per
388 2398 448 2418 nos
471 2388 523 2418 vel
547 2388 649 2417 alium
673 2387 759 2416 cirea
783 2385 1011 2423 recipiendam
1039 2384 1147 2422 ipsius

135 2456 150 2472 «
171 2443 304 2474 abbatie
326 2442 587 2481 resignationem
612 2440 652 2469 ab
680 2439 799 2469 abbate
822 2438 972 2477 predicto
995 2439 1026 2467 et
1050 2438 1147 2476 preti-

136 2508 150 2524 «
172 2497 327 2526 ciendum
353 2496 502 2534 aliquam
524 2502 703 2533 personam
730 2493 895 2531 ¹vdoneam
920 2491 983 2529 ipsi
1019 2500 1148 2520 monas-

136 2561 150 2576 «
172 2550 256 2580 terio
278 2549 308 2578 in
332 2548 497 2583 abbatem,
520 2548 705 2576 taceremus
724 2544 829 2575 libere
853 2545 941 2582 1111011
964 2544 1148 2582 expediens

139 2615 152 2628 «
172 2603 374 2632 videremur.
395 2600 552 2630 Prel‘atus
582 2600 694 2629 autem
712 2598 839 2631 (tratia7
862 2597 1088 2635 personaliter
1109 2597 1149 2626 ad

138 2668 151 2682 (ε
175 2655 392 2693 apostolicam
412 2654 524 2683 sedem
542 2652 703 2682 accedens
722 2652 753 2681 et
778 2659 933 2680 asserens
953 2650 1052 2689 quod,
1074 2659 1149 2680 eum

139 2720 152 2735 «
174 2709 244 2746 ipse
271 2717 333 2737 non
358 2708 446 2737 esset
469 2706 508 2735 de
536 2706 605 2735 illis
628 2704 782 2743 partibus
806 2703 981 2738 oriundus,
1004 2712 1068 2733 non
1096 2712 1150 2742 po-

138 2773 152 2788 «
173 2762 254 2790 terat
285 2760 526 2790 monasterium
554 2759 663 2796 ipsum
690 2757 881 2792 defendere,
907 2756 993 2786 sicut
1020 2758 1148 2794 oporte-

139 2813 239 2849 «bat,
264 2815 295 2842 et
321 2813 407 2851 quod
431 2813 515 2841 alias
536 2812 574 2840 ad
599 2811 748 2848 ejusdem
775 2810 922 2846 regimen
951 2809 1148 2838 monasterii

140 2878 154 2893 «
176 2866 306 2896 inutilis
320 2865 514 2896 habebatur,
528 2864 695 2893 abbatiam
711 2863 820 2901 ipsius
833 2862 1027 2892 monasterii
1044 2862 1149 2891 libere

140 2932 154 2947 <‹
175 2919 208 2948 in
228 2918 521 2949 11051115·111111111015ι
537 2917 814 2953 1ἰ·51«Γ;-11;11’11,Νο5
829 2916 938 2953 igitur⁷
956 2915 1147 2953 hujusmodi

141 2985 155 3000 «
177 2972 403 3010 resignatione
428 2972 568 3008 recepta,
591 2969 843 2999 consulerantcs
862 2969 981 2998 merita
1000 2968 1149 3005 religiosi

1188 380 1201 393 «
1221 366 1285 396 viri
1308 353 1423 395 fratris
1445 363 1616 403 Symonis,
1638 362 1771 392 abbatis
1788 361 1931 400 predicti
1949 361 2145 391 monasterii
2171 370 2198 391 s.

1187 431 1201 446 α
1223 419 1365 454 Antiati,
1384 420 1462 448 tunc
1479 416 1632 447 monachi
1651 426 1678 446 s.
1701 415 1876 445 Michaelis
1895 414 1934 444 de
1956 414 2202 444 Podio-sancti-

1189 485 1202 499 «
1222 472 1345 502 Donati
1367 471 1539 503 Senensis,
1562 469 1691 499 ordinis
1710 468 1820 498 Vallis
1841 467 2017 500 Umbrose,
2037 466 2202 505 capellani

1190 536 1204 551 «
1224 524 1430 555 venerabilis
1447 523 1575 553 domini
1587 521 1775 557 Guillclmi,
1792 520 1884 551 tituli
1902 529 1928 549 s.
1944 519 2046 550 Marci
2064 519 2204 558 presby-

1189 590 1203 606 «
1223 578 1287 608 teri
1304 577 1499 610 cardinalis,
1524 576 1563 605 de
1588 575 1712 614 quibus
1737 573 1835 604 nobis
1858 573 2029 603 laudabile
2055 572 2205 603 testimo-

1190 644 1203 658 «
1224 631 1317 660 nium
1337 629 1543 669 perhibetur,
1560 630 1736 667 sperantes
1756 627 1858 657 etiam
1877 626 1966 665 (111011
1984 635 2042 664 per
2060 625 2205 655 eundem

1191 695 1206 710 «
1227 685 1363 713 fratrem
1380 686 1564 721 symonem
1580 683 1612 711 et
1627 689 1708 710 suos
1727 680 1815 710 idem
1833 679 2078 709 monasterium
2092 687 2207 708 manu-

1191 748 1206 763 «
1225 736 1330 765 teneri
1357 735 1479 774 poterit
1505 738 1536 764 et
1561 733 1707 769 defendi,
1739 742 1775 762 ac
1803 741 1862 771 per
1886 732 1959 770 ejus
1986 732 2208 769 circumspec-

1192 802 1205 817 «
1226 789 1330 818 tionis
1358 788 1560 818 industriam
1587 787 1621 831 in
1645 785 1882 825 spiritualibus
1906 787 1936 814 et
1963 783 2209 822 temporalibus

1192 854 1206 869 «
1229 843 1451 882 augmentari,
1479 841 1678 871 auctoritate
1703 839 1784 870 dicti
1811 839 1939 869 domini
1965 838 2063 868 nobis
2089 838 2121 867 in
2147 837 2207 867 hac

1194 908 1207 923 «
1228 898 1322 935 parte
1352 895 1546 928 commissa,
1576 893 1719 924 eundem
1749 893 1888 923 fratrem
1914 892 2108 930 Syrnoneme
2144 899 2209 920 non

1195 960 1209 976 «
1230 949 1384 979 obstante
1405 948 1493 987 quod
1512 949 1562 978 est
1585 947 1726 986 predicti
1749 946 1878 976 ordinis
1896 945 2006 975 Vallis
2029 943 2208 980 Cliibrose,

1194 1013 1209 1028 «
1230 1002 1378 1031 maxime
1394 1010 1470 1031 011111
1488 1010 1590 1039 super
1606 1000 1666 1030 1100
1688 999 1936 1029 reddiderimus
1953 1000 2119 1028 attentum
2136 1005 2209 1035 pre—

1196 1067 1210 1082 «
1230 1054 1357 1084 dictum
1387 1054 1562 1084 dominum
1598 1055 1751 1083 nostrum
1786 1054 1817 1082 et
1850 1052 1922 1091 ipse
1953 1050 2051 1081 nobis
2084 1051 2119 1080 in
2151 1050 2212 1080 hoc

1196 1121 1211 1136 «
1230 1109 1366 1149 plenam
1385 1107 1589 1138 concesserit
1610 1108 1825 1145 potestatem,
1845 1114 1920 1136 cum
1946 1106 2047 1135 etiam
2069 1105 2134 1135 ab..
2157 1104 2212 1135 ab·

1197 1173 1212 1190 «
1230 1162 1305 1192 bate
1321 1161 1401 1191 dicti
1418 1160 1615 1191 monasterii
1631 1170 1657 1190 s.
1673 1159 1849 1189 Michaelis
1862 1167 2047 1188 consensus
2063 1160 2093 1188 et
2110 1158 2211 1188 lieen-

1198 1226 1213 1242 «
1230 1215 1289 1248 tia,
1319 1215 1419 1253 prout
1448 1213 1596 1252 expedit,
1627 1212 1660 1242 in
1689 1212 1748 1241 hac
1776 1213 1869 1250 parte
1899 1220 1958 1249 per
1977 1220 2057 1240 suas
2081 1211 2214 1241 litteras

1199 1279 1214 1295 «
1232 1267 1431 1303 habeantur,
1449 1267 1557 1296 eidem
1576 1265 1782 1295 monasterio
1804 1274 1831 1294 s
1856 1264 1986 1294 Antimi
2006 1264 2037 1293 in
2060 1263 2215 1294 abbatem

1199 1332 1214 1348 «
1234 1320 1439 1359 prefecimus
1468 1321 1499 1349 et
1528 1320 1711 1357 pastorem.
1742 1317 1890 1356 Ideoque
1919 1317 2117 1346 discretioni
2143 1318 2212 1353 tue,

1200 1386 1214 1401 α
1236 1383 1299 1412 qua
1314 1373 1487 1411 fungimur
1505 1371 1717 1407 auctoritate,
1738 1370 1940 1400 mandamus
1957 1370 2118 1408 quatinus
2135 1378 2215 1399 eun-

1201 1438 1215 1453 «
1235 1427 1311 1456 dem
1342 1426 1375 1455 in
1407 1425 1515 1463 ipsius
1548 1424 1747 1454 monasterii
1777 1432 1810 1454 s.
1843 1423 1974 1453 Antimi
2005 1421 2215 1460 corporalem

1201 1493 1215 1507 «
1236 1479 1490 1518 possessionem
1517 1478 1658 1508 inducas
1683 1486 1742 1516 per
1766 1479 1797 1507 te
1819 1476 1872 1506 vel
1897 1484 1957 1514 per
1979 1476 2083 1505 alium
2111 1477 2141 1505 et
2165 1475 2218 1505 de-

1202 1544 1217 1559 «
1239 1532 1356 1563 fendas
1372 1532 1558 1565 inductum,
1579 1531 1732 1560 invocato
1751 1530 1791 1559 ad
1808 1529 1880 1566 hoc,
1900 1530 1928 1559 si
1946 1537 2083 1559 necesse
2101 1528 2217 1564 fuerit,

1202 1597 1216 1612 «
1237 1585 1365 1615 auxilio
1384 1584 1512 1614 brachii
1532 1583 1708 1618 secularis,
1720 1586 1750 1613 et
1769 1583 1878 1613 eidem
1893 1592 1910 1612 a
1927 1584 2093 1612 conventu
2112 1590 2172 1611 suo
2187 1582 2219 1611 et

1204 1651 1218 1666 «
1240 1639 1318 1669 aliis
1335 1638 1409 1677 ejus
1426 1637 1573 1668 subditis
1597 1636 1825 1667 obedientiam
1840 1638 1871 1666 et
1887 1635 2111 1666 reverentiam
2129 1634 2221 1664 debi—

1180 1687 1182 1689 ’
1204 1703 1217 1719 ι(
1241 1694 1309 1722 tam
1325 1691 1431 1721 facias
1448 1690 1612 1727 exhiberi,
1633 1692 1665 1720 et
1682 1698 1741 1728 per
1757 1689 1905 1728 aliquem
1924 1689 2074 1718 vicinum
2096 1687 2221 1726 episco-

1205 1757 1219 1772 «
1242 1755 1333 1784 pum,
1363 1745 1505 1784 gratiam
1536 1746 1568 1774 et
1601 1743 1874 1774 communionem
1911 1741 2095 1780 apostolice
2129 1741 2221 1771 sedis

1206 1810 1220 1826 «
1242 1798 1431 1832 habentelm
1456 1806 1580 1827 1111111115
1605 1796 1670 1826 sibi
1696 1796 1942 1826 benedictionis
1967 1795 2128 1834 impendi,
2147 1803 2223 1824 con-

1205 1864 1219 1879 «
1241 1852 1442 1883 tentatores
1461 1853 1492 1880 et
1510 1850 1654 1880 rebelles
1676 1858 1735 1888 per
1759 1858 1936 1879 censuram
1955 1848 2220 1878 ecclesiasticam

1205 1919 1219 1934 «
1242 1904 1496 1943 compescendo,
1522 1904 1658 1942 proviso
1684 1903 1773 1942 (1110(1
1798 1903 1888 1932 idem
1912 1902 2103 1940 episcopus,
2131 1902 2221 1940 post-

1207 1971 1221 1985 «
1242 1967 1343 1997 quam
1372 1957 1566 1996 hujusmodi
1596 1956 1661 1985 sibi
1690 1964 1813 1985 munus
1842 1955 2056 1993 impenderit,
2082 1954 2221 1992 recipiat

1205 2024 1219 2039 «
1241 2012 1281 2041 ab
1301 2012 1386 2049 ipso,
1406 2010 1546 2040 ecclesie
1568 2010 1719 2040 Romane
1747 2008 1893 2044 nomine,
1920 2008 2095 2037 fidelitatis
2120 2007 2220 2037 solite

1207 2065 1481 2103 «juramentum,
1505 2063 1602 2101 juxta
1634 2062 1775 2091 fananum
1803 2070 1903 2100 quam
1930 2060 1990 2090 tibi
2018 2060 2080 2090 sul»
2106 2060 2220 2099 sigillo

1207 2129 1220 2144 «
1243 2119 1358 2147 nostro
1374 2116 1640 2146 transmittimus
1659 2114 1887 2144 interclusam.
1910 2114 2145 2143 λιιι-0111001001
2164 2122 2222 2143 au-

1209 2183 1222 2198 α
1244 2173 1309 2200 10111
1331 2169 1419 2208 (1110(1
1439 2169 1509 2207 ipse
1527 2167 1701 2206 prestabit,
1721 2167 1830 2197 eidem
1857 2167 1993 2196 domino
2019 2169 2134 2196 nostro
2159 2166 2222 2195 sub

1208 2238 1221 2251 «
1245 2224 1357 2262 sigillo
1379 2232 1439 2252 suo
1465 2222 1597 2252 studeat
1619 2231 1678 2260 per
1700 2221 1874 2260 proprium
1901 2221 2057 2250 nuntium
2082 2222 2221 2259 quanto-

1208 2290 1222 2303 «
1242 2277 1313 2306 cius
1331 2276 1511 2306 destinare.
1533 2276 1655 2305 Datum
1674 2274 1762 2312 apud
1781 2273 2068 2303 t’1·1›emve101·‹=m.
2089 2282 2144 2302 xvi
2165 2273 2223 2302 ka-

1209 2342 1223 2357 «
1244 2330 1361 2359 lendas
1384 2329 1477 2364 maii,
1503 2328 1717 2367 pontificatus
1743 2327 1871 2356 domini
1899 2326 2026 2356 l'rbani
2048 2335 2132 2365 pape
2158 2326 2223 2356 1111

1210 2396 1223 2410 «
1247 2392 1332 2413 anno
1352 2383 1463 2412 tertio.
1487 2394 1501 2408 »

1250 2448 1264 2462 (ε
1279 2437 1379 2466 Facta
1393 2437 1504 2465 autem
1519 2434 1712 2464 inductione
1726 2435 1757 2463 et
1773 2433 1848 2463 data
1864 2433 2081 2471 possessione
2095 2432 2223 2471 predic-

1209 2490 1253 2519 tis
1275 2488 1471 2518 monasterii
1500 2487 1669 2526 prelibati,
1695 2486 1849 2516 monachi
1873 2486 2027 2524 1110111011,
2045 2485 2223 2524 prepositi,

1210 2544 1318 2573 rector
1334 2543 1365 2571 et
1389 2541 1531 2571 clericus
1563 2540 1784 2570 eeclesiarum
1815 2539 1980 2569 dictarum
2010 2539 2139 2577 pretato
2169 2538 2224 2567 do-

1211 2596 1302 2626 mino
1333 2594 1445 2624 abbati
1480 2593 1706 2624 obedientiam
1748 2595 1778 2622 ct
1816 2592 2040 2622 reverentiam
2074 2591 2223 2621 debitam

1212 2649 1444 2687 prestiterunt,
1464 2647 1612 2686 predicto
1631 2648 1758 2676 rectore.
1787 2646 1984 2675 fidelitatem
2000 2645 2142 2675 faciente
2163 2653 2222 2683 per

1207 2703 1436 2741 juramentum
1468 2700 1508 2730 ab
1535 2701 1607 2738 ipso
1629 2699 1821 2738 prestitum.
1849 2699 1968 2728 Actum
1989 2699 2019 2727 in
2046 2698 2224 2727 1110101110-

1213 2756 1371 2789 nasterie,
1391 2754 1608 2793 presentibus
1633 2753 1698 2783 hiis
1719 2752 1865 2783 testibus
1884 2752 2012 2782 voeatis
2030 2755 2059 2781 et
2086 2751 2225 2789 rogatis.

1212 2809 1341 2838 seilicet
1359 2808 1494 2837 domino
1520 2807 1713 2838 Benedicto.
1745 2806 1864 2836 abbate
1894 2816 1920 2835 s.
1949 2805 2125 2835 Michaelis
2149 2813 2223 2843 pre—

1212 2862 1312 2897 dicto,
1333 2861 1442 2890 donno
1467 2860 1619 2895 (11111010,
1650 2859 1810 2889 monacho
1832 2859 1941 2897 ipsius
1969 2858 2112 2888 abbatis.
2135 2866 2228 2895 pres-

1212 2914 1327 2952 bytero
1342 2913 1469 2946 (ii-atla,
1496 2915 1622 2942 rectore
1641 2911 1783 2941 ecclesie
1802 2912 1841 2941 de
1868 2911 2032 2941 Martiano
2051 2910 2223 2945 Senensis,

1213 2967 1361 2997 dominis
1395 2966 1547 2996 Rolando
1578 2965 1810 3004 ltonsigneris,
1843 2964 2078 2994 bartholomeo
2113 2963 2227 2997 Guidi,
