2547 3289
1059 238 1297 277 Tuotsfflm:
1319 245 1409 274 Axx
1418 238 1481 275 1³:13.
2249 250 2307 278 101

227 329 308 358 tatis
324 329 479 359 ati'ectum
496 330 527 358 et
542 329 581 358 ad
598 329 776 367 utriusque
790 329 949 358 unionem
968 328 1108 358 ecclesie
1128 328 1236 357 zelum

228 382 378 411 ardentis
413 381 566 411 caritatis
596 381 717 411 habere
732 391 738 417 ;
770 382 850 411 dum
882 378 969 412 inter
1001 381 1239 419 occupationes

227 434 435 473 multiplices
451 434 575 473 quibus
590 435 741 464 animum
758 436 852 464 tuum
866 435 1024 464 continua
1040 434 1087 464 rei
1106 433 1238 473 publice

227 496 305 517 cura
326 487 500 524 sollicitat,
521 489 551 518 et
575 488 785 526 procellosus
805 487 1008 526 agendorum
1035 488 1238 517 secularium
1270 498 1271 519 1

1270 551 1271 557 ¹
1301 539 1369 568 Deo
1389 543 1419 567 ct
1441 540 1580 569 ccclcsie
1605 540 1785 573 fructuosa,
1810 541 1947 570 funiculi
1981 543 2034 570 tun·
2065 543 2306 579 magnitudinis

1270 616 1271 620 ,
1300 595 1327 621 91
1351 593 1498 630 potentie
1517 602 1574 631 per
1597 596 1713 623 cuncta
1735 594 1847 623 mundi
1868 594 2003 623 climata
2022 595 2244 625 extendentur
2264 597 2307 625 la>

227 541 349 570 fluctus
378 540 530 576 involvit,
562 549 622 579 pro
644 541 739 570 nobis
771 541 966 579 eisdemque
1002 540 1175 574 tratribus,
1208 543 1239 570 ct

227 594 381 629 ecclesia,
397 594 535 624 intentis
552 594 757 633 fre-pienter,
773 596 804 624 ut
826 594 1007 632 scripsisti,
1025 594 1113 632 apud
1132 595 1238 623 Deum

227 656 326 677 vacas
351 647 574 682 orationibus,
595 649 625 677 et
642 656 702 686 pro
723 647 851 677 unitate
874 647 1064 677 renovanda
1087 647 1119 676 in
1138 647 1239 676 ecclc·
1269 645 1271 668 J

228 700 277 730 sia
297 700 359 730 Dei
395 700 476 730 adeo
506 700 637 730 utiliter
669 703 700 730 et
722 700 903 730 efficaciter
936 699 1109 735 laborasti,
1136 700 1236 738 quod⁷

227 753 338 792 agnita
367 761 424 791 per
454 753 597 783 eundem
624 753 821 791 episcopum
839 753 995 782 concordi
1019 753 1188 782 variarum
1207 755 1238 782 et

226 807 438 835 diversarum
457 805 597 836 scientia
624 806 880 844 scripturarum,
900 815 984 844 quas
1003 807 1108 835 sancti
1126 808 1238 844 patres

226 861 292 889 tam
311 858 423 888 Latini
449 867 549 896 quam
566 858 676 892 Greci,
696 859 730 888 in
755 858 938 888 orthodoxe
963 859 1039 888 tidei
1067 859 1237 888 fulcimen-

225 914 310 946 tum,
324 911 387 940 sub
403 911 602 941 diversitate
618 912 821 949 temporum,
838 911 1025 941 ediderunt.
1044 914 1073 941 et
1093 912 1237 950 quadam

224 963 387 994 laudabili
407 964 559 1002 ejusdem
586 964 799 1002 professione
819 964 907 999 fidei,
929 965 962 993 in
981 964 1129 1002 predicta
1153 967 1238 1002 epis-

223 1017 304 1053 tola,
331 1026 371 1046 ex
402 1017 449 1047 tui
472 1017 729 1055 perspicacitate
758 1017 883 1055 ingenii
907 1018 938 1047 et
964 1017 1067 1047 animi
1092 1018 1238 1055 puritate

224 1069 370 1099 fideliter
397 1078 561 1108 expressa
578 1071 609 1099 et
634 1069 835 1108 simpliciter
854 1071 1022 1105 denotata,
1043 1070 1128 1100 illud
1151 1071 1238 1100 desi-

223 1122 380 1153 deranter
398 1123 529 1161 appetis
551 1124 581 1152 et
605 1124 798 1152 constanter
814 1123 974 1161 prosequi
996 1123 1081 1153 velle
1098 1123 1236 1158 videris,

224 1176 313 1214 quod
334 1176 451 1205 eadem
478 1177 628 1206 Romana
650 1176 819 1206 desiderat
840 1178 872 1206 et
889 1176 1005 1214 sepius
1033 1177 1237 1206 desideravit

224 1229 378 1263 ecclesia,
394 1231 425 1259 et
447 1229 532 1267 quod
551 1229 653 1258 etiam
675 1230 931 1268 predecessores
952 1230 1072 1266 nostri,
1093 1231 1237 1260 Romani

205 1282 418 1317 Pontifices,
437 1292 454 1312 a
473 1283 736 1321 temporecujus
757 1292 822 1312 11011
839 1285 931 1313 extat
950 1283 1125 1319 memoria,
1142 1292 1238 1313 cunc-

222 1335 267 1365 tis
299 1335 423 1365 studiis
451 1336 647 1374 cunctisque
679 1335 812 1365 nisibus
842 1345 946 1374 penes
980 1337 1238 1374 predecessores

222 1390 299 1418 tuos
323 1388 507 1418 Grecorum
537 1389 758 1427 imperatores
783 1390 998 1425 studuerunt,
1019 1389 1097 1419 licet
1121 1398 1237 1419 eorum

224 1441 336 1470 studia
354 1441 586 1471 desideratum
605 1442 750 1472 t'ructum
767 1451 832 1472 non
849 1442 1082 1481 produxerint,
1106 1451 1237 1481 promo-

222 1501 311 1522 vere.
341 1493 502 1522 Letamur
526 1494 626 1523 etiam
652 1496 681 1524 et
714 1493 834 1524 merito
853 1494 886 1524 in
916 1493 1062 1532 jubilum
1093 1503 1237 1532 superne

222 1545 335 1575 laudis
359 1546 583 1585 assurgimus,
613 1547 702 1585 quod
726 1550 903 1586 preparata
925 1549 976 1577 est
999 1547 1067 1585 jam
1098 1549 1237 1577 materia

223 1601 253 1628 et
272 1599 325 1628 via
355 1599 457 1629 etiam
483 1600 639 1638 expedita
661 1601 726 1639 ipsi
745 1600 897 1636 ecclesie,
925 1601 965 1630 ad
989 1601 1042 1630 sui
1063 1601 1166 1630 animi
1184 1601 1238 1631 de-

223 1651 386 1681 siderium
417 1661 544 1691 sueque
579 1653 778 1683 intentionis
808 1654 1020 1692 propositum
1046 1654 1086 1683 de
1114 1654 1236 1684 unione

222 1704 415 1743 huJ'usmodi
444 1706 599 1736 celeriter
629 1706 862 1741 obtinendum,
889 1716 963 1737 cum
996 1715 1167 1746 nunquam
1191 1707 1237 1737 ita

223 1759 312 1788 certa
330 1759 369 1788 de
397 1758 458 1789 hoc
482 1768 559 1797 spes
576 1760 740 1798 firmaque
760 1760 881 1790 fiducia
901 1760 966 1790 sibi
995 1760 1145 1790 exhibita
1171 1760 1236 1791 fue-

222 1811 277 1847 rit,
309 1813 594 1850 quemadmodum
628 1815 814 1844 memorate
844 1816 939 1844 tenor
972 1814 1114 1853 epistole
1138 1816 1169 1844 et
1199 1823 1237 1844 ea

221 1873 285 1903 que
309 1865 482 1903 predictus
511 1866 704 1905 episcopus,
735 1875 833 1905 quem
863 1869 1025 1906 tanquam
1047 1867 1158 1897 virum
1174 1867 1236 1897 cir-

222 1920 453 1956 cumspectum
464 1922 494 1948 et
506 1919 699 1957 prox-idum,
719 1920 888 1950 eruditum
901 1921 935 1950 in
945 1920 1017 1959 lege
1030 1921 1180 1956 Domini,
1199 1930 1236 1951 ac

218 1970 387 2001 fervidum
411 1972 459 2001 tui
482 1972 619 2002 honoris
635 1975 664 2002 et
687 1973 830 2002 nominis
849 1973 1042 2009 zelatorem,
1062 1975 1093 2003 et
1113 1974 1145 2003 in
1165 1983 1237 2003 nos—

221 2025 281 2054 tris
305 2027 335 2054 et
361 2025 586 2063 predictorum
608 2025 637 2063 fr
660 2027 750 2055 trum
774 2027 968 2056 nostrorum
996 2027 1104 2057 oculis
1122 2027 1233 2057 multi-

217 2077 353 2116 pliciter
379 2078 578 2117 gratiosum,
608 2078 752 2118 benigne
783 2080 973 2118 recepimus
999 2082 1030 2109 et
1056 2079 1235 2119 diligenter

218 2131 424 2167 audivimus,
437 2133 552 2162 nostro
566 2132 751 2171 appellatui
769 2133 938 2171 expressit
952 2136 1119 2167 oretenus,
1138 2133 1234 2163 nobis

218 2183 257 2213 de
275 2183 384 2222 ipsius
405 2185 541 2214 unionis
560 2185 693 2224 negotio
711 2185 930 2223 prebuerunt.
950 2186 1067 2216 Gloria
1084 2186 1186 2225 igitur
1202 2187 1234 2216 in
1265 2186 1267 2225 ξ’

1265 2237 1266 2265 ἶ
1295 2238 1348 2267 bis
1363 2241 1393 2268 et
1411 2237 1572 2268 tratribus
1585 2237 1711 2267 nostris
1722 2238 1835 2275 gratos
1852 2236 2088 2275 multipliciter
2098 2239 2127 2266 ct
2139 2240 2306 2276 acceptos,

218 2237 364 2266 excelsis
388 2237 469 2273 Deo,
489 2239 520 2267 et
539 2237 573 2267 in
590 2241 680 2268 terra
696 2247 762 2277 pax
786 2239 922 2277 populis
944 2239 1099 2269 benivole
1118 2240 1234 2269 volun-

216 2289 310 2325 tatis,
331 2290 408 2328 quia
427 2299 501 2319 ecce
520 2299 606 2321 nunc
623 2291 829 2330 acceptabile
844 2293 978 2330 tempus
997 2292 1143 2328 advenit,
1159 2301 1233 2322 ecce
1264 2320 1265 2329 ,

1264 2334 1265 2343 ¹
1294 2347 1425 2374 trorum
1435 2344 1590 2379 consilio,
1602 2344 1823 2379 destinamus,
1836 2345 1871 2373 ut
1886 2343 1985 2372 iidem
1995 2343 2165 2373 Gerardus
2175 2344 2304 2382 913111*-

218 2351 305 2373 nunc
323 2342 395 2372 dies
416 2342 538 2373 salutis
556 2344 664 2382 gratia
684 2345 805 2382 plenus
825 2345 930 2375 adest.
957 2346 1131 2384 Exurgant
1155 2355 1232 2384 ergo

219 2403 336 2425 omnes
366 2396 441 2425 tidei
462 2396 624 2426 catholice
649 2397 826 2433 zelatores,
852 2400 883 2428 et
901 2407 967 2427 una
990 2407 1066 2428 cum
1081 2399 1233 2437 predicta

218 2449 371 2479 nomana
397 2449 550 2483 ecclesia,
569 2458 686 2480 eorum
707 2452 826 2487 matre,
845 2451 1011 2481 immensa
1023 2451 1232 2490 jocunditate

218 2501 226 2530 1
245 2503 366 2532 19111111·
385 2503 415 2532 91
438 2502 614 2541 gaudeant,
636 2503 725 2541 quod
748 2504 934 2542 Imperator
957 2506 1049 2534 tante
1068 2505 1229 2543 potentie,

219 2560 249 2584 et
270 2555 327 2594 qui
344 2557 413 2585 tam
432 2556 543 2593 magni
562 2556 696 2594 imperii
714 2557 907 2587 moderatur
920 2556 1080 2594 habenas,
1096 2566 1232 2597 promp-

216 2609 289 2637 tum
309 2616 344 2638 se
369 2608 504 2646 exponit
527 2610 558 2638 et
583 2609 677 2639 offert
703 2609 743 2639 ad
769 2609 868 2639 fidem
894 2609 1093 2640 catholicam
1113 2619 1233 2649 propa-

218 2661 361 2700 gandam
384 2662 415 2690 111
439 2661 607 2700 gentibus,
630 2663 671 2692 ad
692 2663 933 2693 exaltationem
956 2663 1065 2702 ipsius
1091 2663 1231 2694 ecclesie

218 2715 306 2752 apud
331 2715 485 2744 nationes
515 2715 618 2745 etiam
648 2715 812 2746 barbaras
845 2717 1102 2754 procurandam,
1135 2717 1232 2747 etad
1262 2737 1264 2743 1

1263 2762 1264 2765 “
1293 2769 1369 2798 111113
1397 2768 1638 2806 exprimentes,
1668 2775 1734 2796 una
1758 2768 1868 2796 tecum
1889 2768 1919 2796 et
1942 2774 2015 2795 911111
2041 2766 2202 2804 predictis
2225 2766 2303 2796 aliis

219 2767 346 2798 cultum
364 2768 517 2798 divinum
534 2768 596 2798 sub
610 2769 794 2807 apostolice
814 2769 906 2799 sedis
922 2770 1119 2808 magisterio
1137 2769 1232 2800 ubili-

218 2819 274 2851 bet
302 2821 546 2859 ampliandum.
566 2822 631 2852 sed
652 2831 718 2852 non
741 2822 853 2852 minus
872 2831 913 2852 ex
928 2823 1109 2862 premissis
1132 2823 1165 2852 111
1187 2826 1229 2859 19,

218 2874 406 2912 Imperator
417 2874 542 2909 inclite,
552 2875 740 2914 Imperator
753 2875 889 2912 eximie,
900 2875 997 2906 debet
1009 2876 1232 2906 exultationis

219 2936 321 2956 causa
337 2936 551 2965 consurgere,
571 2937 636 2958 non
657 2928 769 2958 minus
786 2930 882 2959 tuum
900 2928 998 2959 debet
1015 2938 1070 2959 cor
1089 2929 1231 2959 arduum

1301 330 1446 365 tuusque
1467 329 1666 365 magnificus
1689 330 1823 359 animus
1849 330 1879 359 111
1901 330 2034 365 gaudiis
2057 330 2203 359 dilatari.
2230 340 2305 368 pcn-

1302 381 1405 410 sando
1436 390 1578 419 namque
1603 383 1748 420 primum
1778 383 1865 421 quod
1893 382 1965 416 tibi,
1987 392 2044 420 pro
2064 385 2153 412 tante
2173 384 2306 421 pietatis

1301 442 1410 471 opere,
1432 434 1544 463 divina
1565 435 1773 473 dispensatio
1799 435 2043 473 compensabit,
2063 436 2306 465 considerando

1301 495 1433 525 quoquc
1465 487 1552 524 quod
1583 496 1640 524 pro
1673 497 1705 517 re
1734 490 1800 517 tani
1826 491 1950 522 sancta,
1979 491 2042 518 111111
2073 489 2146 518 111111
2173 492 2306 527 tamque

1300 645 1378 680 tius,
1398 648 1427 675 ct
1446 646 1642 675 dilatabitur
1659 647 1806 685 amplius
1823 647 1890 676 vita
1908 650 1973 677 tua,
1993 649 2022 676 et
2043 650 2112 685 post
2135 649 2180 677 tui
2200 649 2306 678 disso-

1301 698 1646 736 1111101191119011110113,
1673 708 1854 737 numquam
1890 700 1935 729 tui
1971 702 2131 730 memoria
2162 703 2307 731 nominis

1301 751 1473 785 morietur,
1488 754 1582 789 potes
1601 753 1715 790 utique
1731 761 1794 781 non
1810 753 1978 783 immerito
1997 754 2063 783 two
2078 754 2216 784 salutari
2238 758 2304 783 tuo.

1299 813 1358 842 pro
1377 805 1473 842 cujus
1492 804 1615 834 honore
1635 807 1763 835 tantum
1784 806 1936 841 ecclesie,
1956 815 2078 844 sponse
2096 816 2166 843 sue,
2184 808 2306 837 lmnum

1301 865 1489 894 promoves,
1501 857 1660 895 ζ1111111319,
1673 858 1805 896 sibique
1816 858 1953 888 devotas
1964 860 2145 895 gratiarum
2159 862 2307 890 actiones

1299 910 1485 941 exsolvere.
1513 919 1570 948 pro
1594 919 1632 940 eo
1657 911 1744 948 quod
1768 911 1826 940 tibi
1853 912 1948 940 scire
1977 921 2074 949 posse
2100 922 2135 941 ac
2160 914 2243 943 velle
2269 915 2307 943 de

1300 963 1366 991 alto
1391 963 1555 992 concessit
1584 963 1776 993 inveniendi
1800 973 1837 993 ac
1857 966 2081 1002 prosequendi
2102 967 2172 994 vias
2191 969 2221 995 91
2243 976 2307 995 11:13·-

1300 1016 1370 1051 dos,
1389 1016 1524 1054 quinus,
1540 1017 1679 1046 remotis
1693 1026 1711 1045 a
1726 1018 1817 1046 tanto
1837 1017 1968 1055 negotio
1988 1018 2166 1054 cujuslibet
2186 1020 2309 1048 veteris

1299 1068 1510 1098 dit'ticultatis
1526 1068 1723 1104 obstaculis,
1741 1071 1806 1099 tam
1825 1070 1987 1098 damnosa
2005 1071 2114 1105 gentis
2133 1072 2309 1110 utriusque

1300 1121 1462 1150 dissentio
1482 1121 1522 1150 de
1544 1121 1634 1150 sacili
1655 1130 1670 1150 a
1697 1122 1805 1155 inodo,
1827 1122 1938 1151 divina
1963 1122 2091 1151 sav-›nte
2120 1123 2307 1161 ‹·l·‘=1nc·ntia.

1300 1174 1463 1212 sopiatur.

1340 1227 1431 1256 Licet
1463 1227 1575 1265 itaque
1601 1227 1641 1256 ab
1666 1227 1746 1256 olim
1775 1227 1916 1257 dilectos
1947 1227 2033 1257 tilios
2060 1228 2240 1266 Symonem
2271 1231 2309 1259 de

1269 1289 1271 1292 ’
1300 1280 1472 1313 Alvernia,
1490 1282 1520 1310 et
1540 1280 1677 1310 Petrum
1705 1280 1743 1310 de
1773 1281 1896 1316 Moras,
1922 1281 2060 1310 Petrum
2079 1281 2118 1311 dc
2140 1282 2253 1312 'ri-ista
2278 1285 2309 1313 et

1300 1333 1504 1363 Bonifatium
1522 1333 1561 1363 de
1582 1334 1720 1372 Yporia,
1740 1334 1859 1363 tratres
1885 1334 2013 1364 ordinis
2034 1334 2214 1370 Α1111101-11111,
2234 1345 2310 1374 apo-

1299 1387 1458 1416 crisarios
1471 1390 1616 1416 nostros.
1632 1396 1732 1426 super
1750 1387 1942 1425 hujusmodi
1956 1388 2089 1426 negotio
2104 1388 2311 1419 susticienter

1299 1440 1493 1475 instructos,
1517 1440 1556 1469 ad
1580 1442 1672 1470 tuam
1699 1441 1965 1478 magnitudinem
1989 1441 2188 1471 duxerimus
2210 1441 2310 1472 desti-

1299 1493 1439 1529 nandos,
1468 1496 1605 1532 propter
1635 1493 1724 1532 quod
1750 1493 1812 1532 ipsi
1833 1494 1916 1523 satis
1935 1494 1974 1523 ad
1995 1502 2030 1523 ea
2055 1504 2118 1532 qm·
2141 1495 2310 1533 scripsisti

1298 1547 1453 1576 suflicere
1488 1546 1695 1582 videbantur,
1734 1547 1803 1576 tuis
1828 1548 1941 1577 tamen
1971 1548 2077 1586 gratis
2108 1551 2137 1578 ct
2166 1549 2310 1586 placidis

1298 1600 1402 1629 illecti
1432 1599 1674 1634 oblationiljius,
1699 1601 1731 1629 et
1753 1609 1793 1629 ex
1820 1602 1976 1638 concepte
2001 1601 2040 1630 de
2063 1601 2308 1639 complemento

1298 1654 1423 1692 negotii
1439 1653 1510 1691 spei
1528 1653 1730 1683 certitudine
1745 1653 1935 1688 confortati,
1955 1654 2090 1683 excitati
2107 1663 2238 1692 quoque
2253 1657 2308 1685 tue

1298 1707 1492 1736 serenitatis
1508 1707 1638 1742 affectu,
1652 1715 1750 1744 quem
1767 1706 1809 1735 ad
1822 1715 1883 1735 nos
1895 1708 1925 1736 et
1936 1706 2123 1744 predictum
2138 1708 2307 1745 negotium

1297 1761 1328 1790 te
1346 1768 1460 1798 gerere
1479 1759 1588 1797 ipsius
1606 1761 1701 1789 tenor
1718 1759 1860 1797 epistole
1880 1769 1915 1789 ac
1931 1760 2107 1789 memorati
2127 1760 2308 1790 (1011011911-

1297 1814 1345 1842 sis
1374 1813 1523 1851 episcopi
1550 1812 1725 1851 expressio
1756 1814 1968 1848 attestantur,
2003 1814 2058 1842 tue
2086 1813 2308 1843 saluberrime

1266 1878 1268 1887 >
1297 1866 1471 1905 petitionis
1499 1865 1659 1895 instantia
1684 1865 1796 1896 debita
1821 1874 1897 1895 cum
1921 1865 2082 1895 fratribus
2109 1867 2234 1896 nostris
2264 1869 2309 1896 at-

1296 1919 1444 1949 tentione
1464 1921 1614 1957 pensata,
1636 1922 1666 1948 et
1685 1918 1840 1956 petitioni
1863 1919 2140 1948 satisfaciendum
2162 1920 2231 1949 fore
2255 1920 2308 1949 de-

1297 1972 1466 2001 crevimus
1496 1973 1525 2001 et
1560 1972 1698 2010 petenti.
1728 1972 1764 2001 Et
1799 1980 1874 2001 ecce
1904 1971 2130 2009 apocrisarios
2161 1975 2306 2008 nostros,

1297 2025 1451 2055 videlicet
1469 2025 1656 2063 predictum
1676 2024 1883 2062 episcopum,
1903 2033 1961 2054 nec
1977 2033 2041 2054 non
2061 2025 2202 2055 dilectos
2220 2026 2308 2055 tilios

1295 2078 1483 2108 (ierardum
1515 2078 1554 2108 de
1579 2078 1679 2107 Prato
1709 2079 1740 2107 et
1758 2077 1967 2116 Rayuerium
1991 2078 2030 2107 de
2054 2078 2161 2107 senis.
2187 2078 2308 2108 tratres

1296 2131 1426 2161 ordinis
1436 2132 1617 2167 Minorum,
1630 2139 1797 2169 pauperes
1807 2131 1922 2169 utique
1935 2131 2095 2169 pauperis
2107 2147 2110 2153 ·
2124 2131 2231 2161 Ihristi
2242 2141 2309 2162 ser-

1296 2194 1366 2217 vos,
1387 2185 1549 2223 religione
1567 2184 1778 2222 conspicuos.
1794 2184 1953 2222 providos
1967 2186 1997 2214 et
2010 2184 2185 2220 discretos,
2199 2194 2234 2214 ac
2253 2194 2309 2215 no-

1295 2291 1336 2320 ad
1355 2291 1567 2330 imperialem
1585 2290 1833 2325 excellentiam,
1846 2290 1885 2319 de
1903 2290 2053 2328 ipsorum
2072 2291 2212 2320 fratrum
2230 2299 2306 2321 nos-

1294 2398 1420 2434 nerius,
1441 2397 1508 2427 hiis
1528 2405 1592 2435 que
1614 2396 1783 2435 premissa
1803 2395 1993 2425 continebat
2018 2396 2161 2434 epistola
2186 2399 2217 2426 et
2241 2406 2304 2435 que

1294 2451 1383 2480 idem
1409 2451 1588 2489 episcopus
1612 2458 1653 2479 ex
1678 2450 1772 2487 parte
1790 2451 1844 2479 tue
1863 2449 2076 2479 celsitudinis
2099 2449 2196 2479 nobis
2217 2452 2304 2479 retu-

1293 2504 1343 2539 lit,
1365 2512 1406 2534 ex
1424 2512 1480 2533 ore
1500 2506 1556 2533 tuo
1575 2502 1710 2541 plenius
1729 2501 1922 2535 intellectis,
1942 2502 2043 2531 simul
2063 2511 2138 2531 cum
2154 2503 2303 2540 predicto

1293 2556 1450 2594 episcopo
1466 2555 1617 2585 animum
1635 2556 1730 2584 tuum
1748 2554 1782 2584 in
1800 2553 1994 2593 hujusmodi
2012 2556 2080 2584 tam
2098 2557 2213 2584 sancto
2226 2564 2302 2594 pro-

1292 2610 1403 2648 posito
1430 2608 1645 2638 corroborent
1673 2609 1704 2638 et.
1735 2607 1948 2643 confirment,
1978 2609 2077 2645 teque
2109 2609 2149 2637 ad
2181 2608 2303 2638 melius

1293 2661 1500 2692 salutaribus
1533 2669 1649 2691 eorum
1681 2660 1820 2690 monitis
1850 2660 2058 2690 incessanter
2080 2661 2236 2691 inducant
2267 2670 2303 2691 119

1292 2716 1408 2746 nostra
1425 2716 1455 2745 et
1475 2714 1670 2744 eorumdem
1691 2713 1833 2743 fratrum
1852 2714 2045 2743 nostrorum
2063 2715 2139 2743 vota
2154 2712 2216 2742 tibi
2234 2713 2303 2751 ple-

1293 2821 1509 2860 apocrisariis
1529 2820 1666 2856 nostris,
1684 2820 1713 2849 si
1736 2821 1911 2858 presentes
1929 2819 1962 2849 in
1980 2821 2037 2849 tua
2055 2819 2147 2849 curia
2164 2819 2300 2855 fuerint,

1292 2874 1444 2913 alioquin
1462 2882 1520 2912 per
1535 2882 1570 2903 se
1585 2873 1678 2912 ipsos
1690 2872 1870 2911 diligenter
1887 2874 1917 2902 et
1936 2873 2101 2902 ferventer
2115 2872 2300 2905 intendant,

1294 2928 1334 2958 ad
1351 2927 1563 2966 preparanda
1576 2925 1635 2956 il¹a
1652 2934 1716 2965 que
1733 2926 1773 2955 ad
1791 2925 1926 2955 finalem
1944 2925 2023 2955 dicti
2041 2925 2303 2955 consummatio-
