2547 3289
268 181 323 209 186
1022 177 1265 208 REGISTRES
1288 177 1500 207 D'URHAIN
1526 177 1583 207 IV.

264 262 345 294 illis,
365 270 465 299 quem
484 261 535 289 vel
551 270 635 298 quos
654 260 853 289 rarissimus
871 260 903 289 in
929 261 1063 291 Christo
1083 261 1174 290 tilius
1195 270 1271 290 nos·
1300 277 1301 284 κ

263 317 312 343 ter
329 314 506 348 Ludoivus,
527 322 583 342 rex
611 314 817 342 Francorum
836 313 992 349 illustris,
1015 314 1110 343 vobis
1127 314 1179 344 vel
1198 322 1270 343 ves·
1300 331 1301 337 κ

264 369 351 396 trum
387 366 483 395 alteri
516 365 724 403 subrogabit,
761 366 833 395 sine
866 366 1091 396 diminutione
1119 366 1270 405 qualibet
1300 394 1301 399 ,

263 420 435 455 assignare
472 420 663 456 pibcurent„
701 419 909 456 presentium
942 419 1038 449 vobis
1072 420 1270 450 auctoritate

262 472 461 501 mandamus
481 472 639 510 quatinus
656 471 769 501 omnia
783 472 931 510 predicta
951 473 1143 510 pecuniaria
1161 472 1271 502 subsi-

261 525 327 560 dia,
344 524 481 554 collecta
497 525 566 562 jam
585 525 616 553 et
632 533 696 563 que
717 524 876 563 deinceps
892 525 1004 563 colligi
1023 526 1213 563 contigerit-
1229 525 1270 555 ah

261 577 385 607 eisdem
417 577 655 607 executoribus
681 586 739 607 seu
767 578 1017 614 collectoribus,
1052 588 1109 617 per
1138 588 1197 607 vos
1216 579 1269 609 vel

260 639 318 668 per
345 630 450 660 alium
468 639 527 660 seu
545 630 631 660 alios
648 631 822 669 exigentes
848 640 884 661 ac
909 631 1109 670 recipIentes
1128 632 1268 670 integre,

259 682 320 712 illa
336 692 398 721 que
418 683 625 721 receperitis,
644 683 674 712 in
693 683 873 713 utilitatem
893 683 1040 722 predicte
1059 685 1172 718 Terre,
1194 693 1268 714 cum

260 736 402 765 consilio
415 737 447 765 et
464 744 606 765 assensu
620 735 770 773 ejusdem
790 736 890 773 regis,
912 738 1106 767 convertere
1124 737 1269 767 fideliter

259 791 290 820 et
311 789 384 819 siue
404 788 553 827 qualibet
577 789 801 819 diminutione
820 790 957 820 curetis.
983 790 1033 820 Tu
1056 799 1145 825 verO,
1168 790 1269 821 frater

259 841 521 880 archiepiscope,
537 841 646 871 dictos
663 844 860 872 executores
877 851 937 872 seu
955 842 1164 876 collectores,
1180 844 1269 881 quod

257 894 448 933 hujusmodi
480 894 674 933 pecuniaria
706 894 859 925 subsidia
888 895 921 925 in
954 895 1112 925 manibus
1144 895 1269 926 vestris

257 947 310 977 vel
329 947 477 983 illorum,
506 956 591 986 quos
609 948 650 978 ad
667 947 727 978 hoc
745 957 804 978 vos
818 948 870 978 vel
890 948 1000 978 dictus
1023 958 1083 979 rex
1101 948 1269 979 duxeritis

257 999 479 1039 deputandos,
500 1001 684 1039 assignent,
702 1009 762 1039 per
790 1009 965 1031 censuram
989 1002 1266 1035 ecclesiasticam,

256 1061 316 1091 per
337 1055 368 1083 te
389 1054 441 1083 vel
467 1062 525 1092 per
552 1053 657 1083 alium
677 1062 736 1084 seu
757 1054 853 1088 alios,
875 1054 1101 1093 appellatione
1126 1056 1266 1091 remota,

257 1106 453 1144 compellas,
465 1115 530 1136 non
545 1106 699 1137 obstante
718 1107 747 1137 si
763 1107 936 1146 aliquibus
952 1116 970 1137 a
985 1108 1063 1138 sede
1082 1108 1268 1146 apostolica

256 1159 301 1189 sit
321 1159 489 1189 indultum
510 1160 561 1190 vel
587 1161 766 1200 contigerit
790 1161 970 1200 indulgeri,
1000 1161 1088 1200 quod
1111 1162 1267 1191 interdici

255 1213 308 1243 vel
336 1213 621 1244 excommunicari
640 1215 808 1252 nequeant
833 1215 890 1244 aut
910 1214 1086 1253 suspendi,
1111 1216 1142 1244 et
1160 1215 1267 1253 quali-

255 1265 310 1296 bet
331 1266 397 1296 alia
416 1266 625 1305 indulgentia
643 1267 728 1297 dicte
752 1267 843 1296 sedis
866 1267 1015 1305 generali
1042 1268 1094 1297 vel
1112 1268 1264 1305 speciali,

255 1319 496 1358 cujuscumque
512 1320 640 1349 tenoris
658 1320 793 1356 existat,
809 1320 1080 1359 quibuscumque
1095 1321 1265 1359 dignitati-

254 1371 328 1408 bus,
352 1372 461 1402 ordini
480 1373 532 1402 vel
555 1373 710 1410 personis
730 1382 899 1407 concessa,
919 1382 978 1411 per
995 1382 1096 1412 quam
1115 1374 1265 1404 mandati

253 1426 359 1455 nostri
379 1426 533 1456 executio
552 1426 710 1464 impediri
728 1426 837 1456 valeat
856 1427 908 1456 vel
928 1427 1068 1461 differri,
1086 1428 1117 1457 et
1136 1427 1175 1457 de
1200 1436 1265 1466 qua

252 1479 286 1508 in
300 1478 425 1508 nostris
442 1479 566 1508 litteris
580 1479 619 1508 de
642 1478 742 1509 verbo
759 1480 801 1509 ad
813 1479 964 1515 verbum,
982 1481 1014 1510 et
1026 1488 1143 1510 eorum
1158 1480 1266 1519 digni-

252 1532 330 1567 tate,
361 1532 477 1561 ordine
506 1531 558 1562 vel
588 1531 783 1562 nominibus
808 1532 881 1562 fieri
905 1532 1024 1563 debeat
1044 1533 1171 1563 mentio
1190 1542 1264 1572 spe-

251 1584 359 1619 cialis,
379 1586 411 1614 et
423 1585 663 1615 constitutione
683 1585 721 1615 de
737 1585 868 1615 duabus
883 1586 984 1616 dietis
1003 1586 1138 1616 editaiu
1156 1587 1265 1616 conci-

251 1637 297 1667 lio
316 1637 476 1676 generali.
499 1638 622 1668 Datum
641 1638 729 1676 apud
754 1638 1044 1675 Urbemveterem,
1064 1639 1141 1668 idus
1162 1639 1261 1677 junii,

251 1698 337 1720 anno
355 1690 513 1721 secundo.
533 1700 548 1720 n

341 1884 412 1915 395
841 1885 965 1913 Orvicto.
988 1886 1018 1912 13
1031 1885 1094 1921 juin
1115 1887 1190 1912 1203.

287 1971 485 2006 Infrascriplos
498 1973 616 1998 mandat
631 1974 671 2001 ut,
683 1980 732 2006 pro
749 1972 877 1999 subsidio
892 1973 994 1999 Terrae
1007 1974 1137 2003 Sanctae,
1150 1973 1261 2007 Egidio,

250 2019 465 2054 archiepiscopo
487 2020 616 2055 Tyrensi,
639 2023 667 2047 ct
690 2021 811 2047 Johanui
830 2021 863 2047 dc
882 2021 1050 2048 Valenccnis
1075 2021 1214 2048 auxilium
1234 2025 1261 2049 et

251 2068 376 2096 favorem
398 2069 574 2103 impendant.
592 2069 670 2103 (lien.
689 2071 722 2096 zo
749 2078 816 2096 ann.
836 2070 869 2101 11,
888 2075 919 2096 n⁰
937 2072 1000 2101 2:37,
1019 2070 1065 2097 sol.
1088 2071 1136 2097 128
1155 2071 1206 2104 vo.)

290 2189 304 2204 α
328 2175 481 2206 Universis
506 2175 741 2215 archiepiscopis
757 2180 784 2205 et
802 2176 962 2215 episcopis,
991 2186 1026 2205 ac
1050 2175 1170 2206 dilectis
1184 2176 1262 2215 filiis

250 2228 416 2265 abbatibus,
436 2228 602 2269 prioribus,
618 2228 749 2265 decanis,
766 2229 1000 2266 archidiaconis,
1019 2239 1133 2259 necnon
1146 2230 1260 2269 priori-

250 2282 303 2312 bus
327 2282 569 2316 Prodit-acorum,
600 2282 758 2318 ministris,
793 2282 966 2312 custodibus
994 2292 1045 2312 seu
1080 2283 1261 2322 qimi-dionis

248 2335 400 2366 Minorwn
417 2335 569 2372 ordinum,
585 2336 749 2376 ceterisque
761 2335 898 2375 personis
915 2335 1134 2371 ecclesiasticis,
1147 2336 1260 2366 secula—

249 2389 331 2419 ribus
349 2388 395 2418 vel
410 2389 568 2428 reliqiosiS,
584 2398 643 2428 per
657 2399 782 2428 reynum
800 2389 931 2418 Francie
945 2393 972 2418 et
987 2399 1044 2429 pcr
1063 2389 1261 2420 Cameracen-

247 2453 319 2479 scm,
355 2442 531 2476 Tullensern,
562 2442 764 2477 Lcodz'enscm,
794 2442 954 2473 illelenscm
982 2448 1009 2472 ct
1047 2442 1260 2473 Vir-dunensem

249 2496 386 2526 civitates
408 2501 434 2525 ct
461 2495 591 2525 dioceses
615 2495 656 2524 ad
672 2496 768 2525 crucis
795 2496 949 2535 neqoliicm
977 2495 1064 2525 etad
1089 2495 1260 2536 colliqcnda

249 2548 381 2578 subsidia
395 2549 575 2588 pecuniaria
585 2558 643 2588 pro
660 2549 750 2578 Terre
757 2548 872 2578 Sancte
883 2549 1016 2578 subsidio
1029 2560 1047 2578 a
1059 2549 1128 2578 sede
1143 2553 1260 2588 aposto-

250 2600 308 2631 lica
320 2601 473 2639 deputatis
487 2607 512 2630 ee
521 2601 551 2630 in
560 2606 714 2641 postet-mn
722 2601 917 2641 deputandis.
935 2603 975 2632 Et
986 2603 1013 2632 si
1030 2602 1260 2632 aduuiversas

251 2656 366 2685 mundi
383 2655 585 2693 provincias,
605 2664 669 2694 que
690 2655 875 2685 christiana
892 2656 1104 2694 professione
1122 2664 1260 2686 censen—

249 2709 315 2742 tur,
328 2710 478 2738 uostrum
492 2708 665 2747 diligentie
679 2709 829 2739 studium
844 2709 1084 2743 diffundamus,
1097 2718 1134 2739 eo
1150 2712 1261 2739 tamen
1290 2721 1292 2728 i

251 2760 432 2791 sollicitius
445 2763 476 2791 et
495 2761 706 2800 frequentius
722 2761 762 2791 ad
780 2763 905 2792 statum
918 2762 1021 2792 Terre
1039 2762 1170 2798 Sancte,
1184 2771 1259 2801 que,

250 2813 398 2852 undique
411 2815 556 2852 peccatis
571 2814 797 2853 exigentibus,
808 2816 841 2845 et
855 2814 1117 2845 Sarracenorum
1133 2817 1164 2845 et
1182 2815 1261 2845 'Far-

250 2868 399 2897 tarorum
420 2866 543 2897 furenti
565 2867 697 2898 scritate
720 2867 922 2904 concutitur,
944 2870 1056 2898 nostre
1079 2868 1259 2907 dirigimus

1332 261 1615 291 considerationis
1628 262 1786 291 intuitum
1799 265 1978 301 nostreque
1996 265 2119 294 mentis
2137 265 2342 295 reflectimus

1331 314 1459 349 oculos,
1485 322 1550 352 quo
1567 314 1675 344 artius
1691 314 1731 344 ad
1752 314 1904 352 ejusdem
1923 315 2025 345 Terre
2045 317 2227 354 profectus,
2245 317 2286 347 ob
2302 317 2343 347 ll-

1331 366 1397 396 lius
1421 367 1656 401 reverentiam,
1679 367 1735 406 qui
1754 368 1898 398 salutem
1918 368 2054 398 humani
2079 370 2212 407 generis
2230 371 2342 401 extitit

1332 421 1490 457 operatus
1519 420 1551 449 in
1571 420 1644 458 ipsa
1663 422 1694 450 et
1711 421 1767 458 qui
1787 429 1861 450 eam
1880 421 1932 450 sui
1950 422 2146 459 aspersione
2166 424 2340 461 sanguinis

1333 472 1529 509 rubricavit,
1556 482 1616 503 nos
1638 474 1912 511 recognoscimus
1938 473 2116 512 obligatos
2141 475 2223 505 Cum
2244 476 2344 514 igitur

1331 526 1563 555 executionem
1588 526 1712 563 negotii
1738 526 1856 556 Crucis
1874 536 1910 556 ac
1935 527 2168 557 collectionem
2192 528 2338 559 diverso-

1331 587 1405 608 rum
1423 578 1653 609 subsidiorum
1673 588 1731 617 pro
1750 580 1866 609 eadem
1884 580 1988 610 Terra
2005 580 2101 609 vobis
2114 580 2184 617 jam
2202 581 2342 619 deputa—

1331 631 1387 667 tis,
1406 640 1465 670 per
1480 632 1633 662 diversas
1651 634 1785 662 nostras
1805 632 1868 662 sub
1890 633 1993 662 certis
2013 633 2131 663 formis
2158 633 2290 663 litteras
2310 634 2344 664 in

1331 693 1432 721 regno
1467 685 1608 715 Francie
1638 694 1764 715 necnon
1799 685 1830 715 iu
1859 686 2111 722 Cameracensi,
2145 686 2343 722 Leodiensi,

1330 737 1497 773 Tullensi‚
1518 738 1661 767 Metensi
1679 740 1710 768 et
1723 738 1931 768 Yirdnnensi
1944 738 2140 769 civitatibus
2157 742 2187 769 et
2202 740 2347 770 diocesi-

1330 790 1393 820 bus
1414 790 1614 821 duxerimus
1631 791 1904 827 committendas,
1922 800 1994 828 neS,
2013 792 2188 830 cupientes
2209 801 2266 831 per
2285 801 2345 823 vos

1331 844 1363 873 in
1382 843 1460 879 hiis,
1478 852 1541 882 que
1562 852 1621 882 pro
1639 844 1729 874 dicta
1751 844 1855 874 Terra
1874 844 1970 874 vobis
1992 845 2174 875 commissa
2193 849 2271 875 sunt
2291 845 2344 875 vel

1330 897 1494 927 committi
1522 897 1701 936 contigerit
1722 898 1755 927 in
1778 898 1942 934 futurum,
1960 907 2035 928 cnm
2056 899 2148 928 omni
2166 899 2344 937 diligentia

1330 951 1361 980 et
1386 951 1570 980 attentione
1592 951 1739 989 procedi,
1762 951 2017 981 universitatem
2038 953 2185 981 vestram
2206 960 2342 982 monen-

1329 1003 1418 1039 dam,
1448 1004 1631 1041 rogandam
1654 1005 1779 1034 attente
1795 1004 1957 1034 <luximus
1984 1006 2015 1034 et
2045 1004 2255 1040 hortandam,
2284 1013 2343 1043 per

1329 1057 1514 1095 apostolica
1528 1056 1624 1086 vobis
1642 1057 1768 1096 scripta
1785 1057 1938 1088 districte
1955 1057 2342 1096 precipiendomandan-

1328 1112 1379 1140 tes
1404 1112 1571 1148 quatenus
1598 1110 1724 1149 singuli
1749 1113 1912 1147 vestrum,
1941 1111 2027 1141 sicut
2049 1111 2197 1140 divinam
2220 1113 2251 1141 et
2269 1119 2344 1141 nos-

1329 1164 1413 1193 tram
1436 1172 1472 1193 ac
1493 1163 1678 1202 apostolice
1703 1164 1795 1193 sedis
1824 1172 1936 1194 caram
1963 1163 2095 1194 habetis
2119 1164 2275 1202 gratiam,
2301 1163 2343 1193 ad

1329 1217 1562 1246 executionem
1602 1217 1811 1255 negotiorum
1847 1216 2052 1255 hujusmodi,
2082 1216 2179 1255 juxta
2214 1216 2342 1247 formas

1328 1269 1504 1307 vobisjiim
1520 1269 1690 1307 deputat-is
1706 1270 1859 1304 traditas,
1884 1270 1931 1300 sic
1950 1270 2118 1300 ferventer
2135 1270 2250 1308 sicque
2265 1270 2341 1300 dili-

1327 1324 1443 1360 genter
1459 1323 1491 1352 et
1507 1322 1690 1352 efficaciter
1700 1322 1903 1361 procedatis,
1918 1324 1953 1353 ut
1964 1323 2160 1362 unigenitus
2174 1323 2236 1353 Dei
2249 1323 2342 1353 filius

1326 1376 1450 1405 Jhesus
1481 1375 1649 1411 Christus,
1674 1376 1770 1414 cujus
1806 1385 1909 1406 causa
1941 1376 2138 1415 specialiter
2168 1377 2278 1416 agitur
2307 1377 2341 1407 in

1326 1429 1386 1459 hac
1416 1430 1523 1468 parte,
1552 1429 1685 1459 labores
1712 1431 1844 1459 vestros
1866 1431 1898 1460 et
1919 1429 1972 1459 hic
1991 1431 2023 1460 et
2046 1430 2078 1460 in
2100 1431 2215 1460 celesti
2233 1431 2342 1469 patria

1326 1482 1502 1521 condignis
1534 1482 1676 1521 premiis
1706 1484 1955 1521 recompenset,
1988 1491 2115 1522 nosque
2150 1483 2341 1514 devotionis

1325 1533 1436 1562 vestre
1458 1531 1761 1570 promptitudinem
1780 1531 1904 1562 debitis
1934 1532 2072 1561 laudum
2095 1533 2263 1571 preconiis
2292 1534 2341 1563 at-

1325 1585 1494 1620 tollentes,
1516 1585 1724 1623 multiplices
1741 1584 1839 1615 vobis
1855 1586 1993 1624 propter
2008 1585 2067 1615 hoc
2086 1594 2149 1615 nou
2170 1586 2339 1616 immerito

1325 1638 1450 1677 gratias
1469 1638 1668 1668 referamus.
1686 1638 1856 1672 Ceterum,
1873 1638 2032 1668 volumus
2049 1640 2081 1669 et
2093 1638 2189 1668 vobis
2208 1639 2340 1670 univer-

1325 1692 1373 1722 sis
1397 1693 1429 1722 et
1452 1691 1597 1731 singulis
1618 1691 1652 1721 in
1672 1691 1862 1721 obedientie
1881 1691 2005 1722 virtute
2027 1692 2181 1722 districte
2198 1693 2340 1732 precipi-

1325 1754 1412 1780 mus,
1430 1747 1466 1775 ut
1484 1754 1617 1775 omnem
1636 1745 1815 1783 pecuniam
1832 1747 2018 1784 cunctaque
2035 1745 2102 1775 alia
2118 1745 2258 1776 collecta
2267 1745 2337 1785 jam

1324 1807 1384 1837 per
1399 1807 1459 1828 vos
1475 1799 1514 1828 de
1525 1798 1720 1837 hujusmodi
1737 1797 1902 1828 subsidiis
1915 1800 1945 1828 et
1960 1798 2147 1837 colligenda
2165 1799 2336 1838 deinceps,

1323 1851 1510 1882 venerabili
1531 1851 1626 1881 fratri
1646 1853 1758 1881 nostro
1776 1851 1826 1887 E,
1850 1851 2102 1890 archiepiscopo
2125 1852 2283 1891 Tyrensi,
2305 1854 2339 1884 et

1324 1905 1447 1935 dilecto
1460 1904 1541 1939 filio,
1553 1904 1660 1934 nobili
1672 1905 1745 1934 viro
1761 1904 1906 1934 Johanui
1922 1905 1960 1934 de
1971 1905 2185 1941 Yalencenis,
2200 1906 2337 1937 domino

1324 1958 1472 1997 Cayphe,
1493 1958 1643 1996 ejusdem
1665 1959 1752 1987 terre
1774 1958 1915 1993 nuntiis,
1937 1960 1967 1988 et
1986 1958 2037 1987 illi
2057 1958 2109 1988 vel
2135 1958 2215 1993 illis,
2235 1966 2336 1997 quem

1323 2012 1376 2041 vel
1391 2019 1473 2050 quos
1484 2011 1683 2040 carissimus
1700 2011 1734 2040 in
1746 2010 1881 2041 Christo
1899 2011 1990 2040 tilius
2006 2013 2120 2041 noster
2130 2011 2333 2048 Ludovicus,

1323 2073 1382 2094 rex
1405 2064 1607 2094 Francorum
1632 2063 1790 2099 illustris,
1815 2064 1865 2093 eis
1886 2065 1936 2094 vel
1961 2072 2076 2094 eorum
2097 2064 2196 2094 alteri
2220 2065 2338 2104 adjun-

1321 2119 1376 2156 get
1395 2117 1447 2147 vel
1468 2116 1676 2155 subrogabit,
1697 2116 1750 2146 vel
1768 2125 1883 2146 eorum
1902 2117 2004 2147 certis
2028 2117 2158 2147 nuntiis
2181 2126 2241 2148 seu
2262 2126 2338 2157 pro-

1322 2169 1546 2204 curatoribus,
1578 2170 1706 2207 integre
1729 2178 1765 2199 ac
1793 2169 1937 2199 fideliter
1955 2172 1987 2200 et
2014 2170 2088 2200 sine
2110 2170 2336 2201 diminutione

1322 2222 1472 2262 qualibet
1489 2222 1664 2261 assignare
1679 2222 1817 2257 curetis,
1835 2231 1894 2261 per
1908 2231 1976 2257 eos,
1992 2223 2089 2262 juxta
2104 2223 2227 2262 prefati
2245 2224 2335 2263 regis

1321 2276 1502 2306 consilium
1525 2277 1556 2306 et
1576 2284 1766 2311 assensum,
1791 2275 1824 2305 in
1848 2275 2000 2314 ejusdem
2020 2276 2122 2307 Terre
2140 2276 2334 2308 subsidium

1319 2329 1471 2360 totaliter
1503 2329 1739 2359 convertenda.
1774 2329 1894 2359 Datum
1925 2329 2013 2368 apud
2045 2329 2334 2367 Urbemveterem,

1322 2383 1398 2413 idus
1410 2382 1511 2421 junii,
1529 2390 1616 2412 anno
1631 2381 1790 2412 secundo.
1813 2394 1828 2410 »

1901 2552 2026 2584 Orvieto‚
2043 2554 2075 2580 27
2091 2553 2162 2580 avril
2185 2555 2260 2583 1203.

1411 2554 1484 2585 39ss

1357 2627 1550 2662 Infrascriptis
1572 2628 1687 2654 mandat
1712 2630 1740 2654 ut
1760 2628 2001 2663 ligidio.'s51·ensi
2019 2628 2244 2664 archiepiscopo,
2259 2630 2332 2666 ejus-

1320 2683 1373 2710 que
1389 2675 1543 2703 comitivae
1559 2676 1587 2702 iu
1603 2675 1772 2703 necessariis
1790 2676 1938 2710 providere
1953 2679 2052 2704 curent
2067 2678 2276 2712 (ltsc.2o,;1nu.
2293 2679 2328 2711 ΙΙ,

1322 2730 1351 2751 11⁰
1365 2727 1428 2757 258,
1445 2725 1467 2751 1⁵⁰
1486 2726 1557 2757 1:29).

1362 2826 1376 2844 «
1399 2814 1553 2845 Uinii-ersis
1569 2815 1768 2855 patriarchis,
1789 2815 2029 2855 archiepiscopis
2056 2821 2084 2845 et
2112 2816 2272 2856 episcopis,
2298 2825 2334 2846 ac

1290 2887 1292 2890 ι
1322 2867 1442 2898 dilectis
1463 2868 1539 2907 filiis
1558 2868 1669 2904 electis,
1701 2868 1869 2904 abbatibus,
1888 2868 2053 2908 prioribus,
2079 2868 2238 2908 capitulis,
2265 2878 2334 2899 con-
