2547 3289
265 224 320 253 156
1018 216 1265 248 REGISTRES
1289 216 1503 248 D’L’RBAIN
1526 217 1584 247 IV.

262 306 334 344 copi
350 306 380 335 et,
398 304 537 333 ecclesie
556 302 680 332 habitis
711 302 761 331 vel
780 301 944 331 habendis
970 302 1087 339 utatur
1106 301 1184 330 aliis
1201 301 1269 330 ins-

261 356 556 394 trumentiffiqurld
577 355 602 384 si
616 354 742 387 fecerit⁷
764 354 889 383 nullam
908 353 1267 384 habeantfirmitatem.

260 412 402 449 Insuper
423 409 591 447 sepedicto
611 407 860 445 archiepiscopo
879 408 910 436 et
927 406 1181 436 successoribus
1198 407 1271 436 suis

261 464 475 494 concvuhnus
485 462 571 500 quod
582 462 759 499 per-totum
770 468 911 499 regnum
921 460 1119 490 Arelatense
1132 462 1163 489 et
1174 460 1272 490 Vien-

260 525 374 551 nense‚
391 524 449 554 per
467 524 501 544 sc
521 514 571 544 vel
589 522 648 552 per
665 513 769 543 alium
785 522 844 543 seu
864 513 950 542 alios
968 513 1100 551 possint
1114 512 1270 551 jurisdic-

258 570 383 599 tionem
398 567 635 602 voluntariam⁷
650 567 749 596 etiam
769 566 801 595 in
820 566 957 595 modum
973 565 1198 605 arrogationis
1217 565 1270 595 vel

258 621 527 661 legitimationis,
544 620 743 658 plenissime
757 628 793 649 ae
807 618 912 648 libere
923 627 1090 649 exercere.
1111 619 1269 649 Errorem

258 675 358 705 etiam
373 684 431 704 seu
449 674 628 709 defectum,
652 673 679 702 si
698 673 775 711 quis
791 673 843 702 est
857 672 910 702 vel
930 672 1083 701 fueritin
1104 672 1270 710 predicto-

257 737 330 758 rum
347 727 570 766 acquisitione
588 726 640 755 vel
660 726 847 756 retentione
864 725 917 755 vel
935 725 967 754 in
986 725 1137 764 presenti
1154 726 1269 755 nostro

257 781 436 820 privilegio
452 780 503 810 vel
523 780 637 818 aliqua
654 780 749 818 parte
767 779 832 815 sui,
857 787 916 808 seu
935 778 1037 808 etiam
1054 779 1093 808 de
1111 778 1198 808 sacto
1216 778 1268 808 vel

257 834 296 863 de
310 833 384 872 jure
403 833 510 863 notari
540 833 591 862 vel
622 832 767 862 inveniri
782 832 899 870 posset
916 831 956 861 ab
975 831 1100 870 aliquo,
1118 831 1205 861 sicut
1228 831 1269 861 ad

256 887 438 917 utilitatem
465 887 630 916 dictorum
655 885 899 924 archiepiscopi
926 886 958 915 et
976 884 1117 915 ecclesie
1141 886 1173 915 et
1197 893 1268 914 suc-

257 949 429 970 cessorum
454 949 593 970 suorum
618 939 658 969 ab
687 939 801 978 aliquo
827 939 962 975 1001103,
989 938 1124 977 plenius
1150 939 1182 968 et
1204 938 1268 968 uti-

256 994 324 1024 lius
345 993 572 1032 interpretari,
601 992 787 1031 specificari
806 994 826 1029 ¹,
852 992 997 1030 exprimi
1022 993 1078 1021 aut
1104 991 1269 1021 declarari

237 1047 370 1087 'posset
388 1047 439 1076 vel
458 1046 615 1085 intelligi,
633 1046 769 1084 proprio
786 1046 879 1075 motu
897 1046 928 1075 et
947 1054 988 1075 ex
1002 1046 1093 1075 certa
1113 1045 1266 1080 scientia,

255 1101 295 1131 de
314 1100 524 1139 plenitudine
542 1099 720 1138 potestatis
741 1098 941 1137 supplemus
960 1100 992 1128 et
1010 1098 1267 1136 inteipretariet

255 1154 399 1193 intelligi
420 1153 577 1183 volumus
603 1154 635 1182 et
654 1152 865 1186 mandamus,
896 1160 960 1181 non
981 1150 1196 1181 obstantibus
1215 1160 1268 1180 su-

254 1207 417 1246 pradictis
434 1207 484 1236 vel
503 1215 618 1236 eorum
636 1206 750 1244 aliquo
769 1204 988 1243 autquolibet
1008 1205 1039 1234 in
1060 1205 1266 1234 contrarium

255 1261 393 1299 allegari
418 1269 476 1289 seu
492 1260 557 1289 dici
576 1261 689 1298 posset
706 1259 757 1288 vel
772 1259 873 1289 etiam
893 1258 1044 1297 cogitari.
1065 1258 1266 1288 Mandamus

254 1314 368 1353 igitur,
389 1313 451 1343 sub
469 1312 740 1342 interminatione
757 1312 864 1351 gratie
878 1313 1002 1344 nostre.
1023 1311 1176 1340 districte
1192 1320 1265 1349 pre-

253 1367 417 1406 cipientes
439 1368 473 1396 ut
495 1374 612 1395 omnes
629 1367 660 1395 et
679 1365 803 1402 singuli
820 1364 979 1394 iiliix‘ei'sa
1003 1365 1035 1393 et
1052 1363 1186 1402 singula
1212 1372 1265 1393 su-

255 1420 406 1459 pradicta
422 1422 548 1454 0010111,
573 1418 644 1448 sine
661 1418 886 1447 diminutione
906 1417 1031 1455 aliqua,
1054 1417 1265 1455 integraliter

255 1473 434 1503 observare
466 1473 496 1502 et
516 1472 696 1501 efficaciter
729 1471 927 1509 adimplere,
949 1471 981 1500 et
1013 1470 1128 1499 nullus
1146 1470 1189 1500 sit
1207 1470 1264 1508 qui

253 1526 400 1565 predicta
419 1525 470 1555 vel
490 1525 627 1563 aliquod
645 1524 874 1563 predictorum
895 1533 912 1553 a
941 1525 1057 1553 nostra
1083 1523 1265 1553 serenitate

253 1579 303 1610 eis
318 1580 387 1609 tam
415 1578 601 1609 liberaliter
618 1586 778 1608 concessa
799 1577 920 1607 audeat
941 1577 1137 1615 infringere,
1157 1576 1209 1606 vel
1227 1586 1265 1606 ea

251 1633 305 1663 vel
323 1633 475 1671 ipsorum
495 1631 631 1670 aliquod
649 1631 683 1660 in
703 1639 819 1660 eorum
846 1630 1011 1660 lesionem
1028 1629 1082 1660 vel
1096 1630 1264 1668 Jacttirain

253 1694 312 1716 seu
330 1685 554 1725 prejudicium
574 1686 779 1723 retorquere,
805 1684 833 1713 si
855 1683 957 1713 vellet
988 1683 1104 1713 eodem
1120 1683 1195 1722 jure
1215 1683 1264 1712 uti

252 1740 354 1770 etiam
371 1740 486 1769 contra
504 1739 596 1777 ipsos
610 1738 663 1768 vel
685 1738 734 1768 eis
752 1738 785 1767 in
802 1739 899 1776 parte
914 1737 966 1767 vel
990 1736 1023 1766 in
1039 1737 1106 1767 toto
1125 1737 1264 1767 alterius

252 1793 377 1832 ingenii
407 1792 459 1822 vel
478 1791 706 1821 cavillationis
737 1790 896 1829 scrupulo
916 1790 968 1819 vel
986 1789 1075 1828 juris
1094 1798 1153 1820 seu
1186 1790 1263 1819 sacti

252 1845 353 1876 dubio
379 1845 557 1881 contraire,
577 1845 628 1874 vel
660 1844 693 1873 in
713 1843 823 1879 bonis,
840 1843 1118 1882 possessionibus
1138 1844 1194 1873 aut
1214 1852 1262 1873 re-

251 1900 315 1930 bus
345 1899 526 1929 eorundem
553 1898 737 1936 dampnum
771 1897 910 1935 aliquod
930 1896 982 1926 vel
1001 1896 1161 1935 injuriam
1181 1896 1263 1926 irro—

251 1962 340 1992 gare.
362 1952 457 1988 Quod
476 1951 532 1990 qui
555 1952 661 1981 tacere
679 1950 927 1989 presumpserit
944 1958 1080 1988 gravem
1100 1950 1263 1979 offensam

252 2008 366 2036 nostre
384 2004 596 2035 celsitudinis
614 2005 646 2033 et
662 2003 848 2043 maJestatis
868 2003 1133 2041 indiglnltionem
1154 2011 1189 2032 se
1209 2012 1264 2032 no-

251 2059 338 2088 verit
358 2058 585 2087 incursurum.
606 2056 749 2094 Insuper
773 2055 873 2085 etiam
893 2064 953 2093 pro
986 2055 1057 2084 solo
1077 2058 1207 2090 conatu,
1230 2055 1262 2084 in

251 2113 366 2142 reatus
378 2111 430 2140 sui
448 2119 580 2149 penam,
602 2110 736 2138 centum
752 2108 857 2138 libras
875 2108 945 2137 auri
966 2107 1086 2143 solvat,
1106 2108 1262 2137 medieta-

251 2166 319 2195 tcm
338 2173 468 2194 camere
480 2164 605 2196 nostre,
623 2161 944 2200 reliquasinjuriam
963 2161 1085 2198 passis,
1099 2162 1198 2198 prout
1212 2162 1262 2190 est

250 2218 411 2248 hactenus
426 2217 570 2255 Impeiio
586 2216 796 2245 consuetum.
812 2214 863 2245 Ad
879 2214 996 2243 harum
1010 2216 1122 2243 autem
1139 2214 1261 2252 gratia-

250 2280 337 2307 rum,
357 2270 586 2305 (10011110111101,
621 2268 889 2301 0110003311101110,
916 2267 1211 2297 contirmationum
1231 2268 1260 2297 ct

248 2324 445 2355 libertatum
464 2324 653 2353 nostrarum
677 2321 866 2351 evidentem
886 2320 1086 2350 memoriam
1105 2329 1142 2349 110
1160 2319 1262 2349 robur

249 2378 283 2408 in
301 2379 486 2416 posterum,
505 2376 565 2405 hoc
586 2383 725 2413 presens
745 2373 962 2413 privilegium
981 2372 1148 2402 conscribi
1168 2374 1199 2402 et
1218 2373 1261 2402 si-

249 2432 328 2471 gillo
347 2432 459 2460 nostre
475 2429 689 2459 celsitudinis
713 2428 882 2467 jussimus
900 2426 1114 2457 communiri.
1137 2427 1260 2456 Datum

249 2485 387 2515 Colonie
421 2484 453 2513 in
472 2484 609 2517 doino..,
632 2481 794 2521 prepositi
815 2480 956 2511 ecclesie
979 2489 1004 2509 s.
1024 2480 1173 2518 Georgii,
1203 2490 1261 2519 per

249 2547 383 2569 inanum
400 2536 550 2571 ilenrici,
564 2535 770 2565 venerahilis
788 2534 1079 2572 electiSpirensis.
1094 2534 1180 2563 sacri
1198 2534 1262 2564 1111-

247 2591 334 2631 perii
356 2589 560 2625 cancellarii,
593 2597 679 2620 anno
706 2588 746 2618 ab
764 2587 994 2618 incarnatione
1024 2587 1159 2617 Domini
1188 2587 1220 2617 M
1236 2592 1256 2617 0.

248 2644 300 2675 CC
317 2649 337 2674 ⁰.
356 2644 401 2674 LI
417 2648 439 2678 ⁰,
460 2643 642 2673 indictione
659 2642 768 2678 VIIII,
789 2641 902 2671 XVIII
918 2640 1082 2670 kalendas
1098 2640 1259 2679 januarii,

249 2706 335 2728 anno
353 2697 443 2735 regni
462 2696 567 2726 nostri
586 2696 717 2734 quarto.

289 2751 439 2781 «Testes
457 2750 512 2788 qui
529 2749 756 2779 interfuerunt
770 2750 846 2777 sunt
859 2747 905 2777 hii
925 2746 1100 2782 :Jacohus‚
1118 2746 1259 2777 ecclesie

247 2803 484 2835 Laudunensis
512 2802 782 2836 archidiaconus;
810 2800 1038 2834 Eberhardus,
1065 2799 1259 2838 prepositus

247 2856 442 2892 Fuldensis,
456 2855 608 2885 notarius
624 2856 753 2889 nostem
772 2853 913 2884 Emetho
929 2853 968 2883 110
984 2853 1167 2892 1011111ςο03
1184 2853 1257 2882 0110

280 2919 302 2944 1.
324 2918 361 2943 Co
378 2919 435 2942 mot
453 2924 468 2941 a
485 2916 527 2940 ι’·,ῑύ
546 2916 638 2948 ajout(-
657 2924 688 2940 cn
706 2923 812 2946 margo.

1332 300 1371 330 de
1395 301 1578 336 Nassowe3
1603 300 1743 331 Emicho
1768 300 1943 337 Silvester‚
1967 301 2135 332 Henricus
2161 303 2200 332 de
2222 303 2349 333 Wille-

1332 362 1438 390 nowe,
1457 354 1616 389 comites;
1631 353 1836 384 Godefridus
1863 354 1902 384 de
1918 354 2138 393 Eppenstein,
2155 355 2348 386 &Vernerus

1300 415 1302 421 ‘
1332 406 1371 436 de
1388 406 1553 436 Bolandia
1567 408 1598 436 et
1614 406 1833 445 quamplures
1848 406 1918 443 alii,
1939 407 2051 437 clerici
2072 409 2103 437 et
2121 407 2210 438 laici.
2227 409 2270 438 Et
2285 417 2350 448 ego

1301 452 1303 460 '
1331 459 1511 495 Henricus,
1524 459 1650 489 electus
1659 459 1842 497 Spirensis,
1855 459 1941 489 sacri
1957 459 2095 498 Imperii
2109 460 2347 498 cancellarius,

1301 514 1302 517 ’
1331 511 1545 542 vicedomini
1578 511 1732 548 (ierardi,
1763 511 1861 542 electi
1880 512 2080 551 Moguntini.
2101 512 2187 542 sacri
2206 513 2347 552 Imperii

1331 573 1390 603 per
1405 564 1623 595 Germaniam
1637 565 1937 601 archicancellarii,
1955 566 2145 604 recognovi,
2163 567 2194 596 et
2204 574 2264 604 per
2276 574 2347 596 ma-

1301 626 1303 645 1
1332 626 1411 647 num
1445 618 1605 648 &Verneri
1625 618 1815 656 scriptoris,
1841 618 1993 648 canonici
2023 618 2278 648 XVettlariensis
2296 627 2351 649 ec-

1331 671 1445 705 clesie,
1464 671 1685 701 Treverensis
1698 671 1853 707 diocesis,
1872 671 1928 710 qui
1942 671 2001 701 hoc
2011 671 2230 710 privilegium
2242 672 2348 711 scrip-

1332 724 1387 760 sit,
1403 724 1487 754 hanc
1501 723 1789 763 subscriptionem
1807 724 1879 754 vice
1896 733 1970 754 mea
1987 724 2111 763 apponi
2126 725 2200 755 feci.
2219 734 2236 754 »

1371 777 1465 807 Nulli
1485 786 1562 816 ergo
1588 779 1702 807 nostre
1734 777 2003 807 confirmationis
2022 779 2082 808 etc.
2113 778 2237 808 Datum
2257 778 2349 816 apud

1331 830 1622 866 Urbemveterem,
1644 830 1720 860 idus
1737 829 1913 867 februarii,
1932 839 2020 860 anno
2037 840 2058 860 11
2075 834 2098 860 ⁰.
2119 840 2133 859 »

1418 983 1490 1013 3325
1883 990 2008 1021 Orvicto,
2030 992 2062 1016 ‘27
2076 989 2173 1025 juillet
2195 992 2272 1017 1263.

1363 1069 1515 1096 Civitatem
1534 1070 1771 1099 ltecanatcnsem,
1785 1069 1864 1104 cujus
1881 1070 1957 1096 cives
1975 1069 2112 1097 ecclcsiae
2125 1070 2269 1097 Romanae
2283 1078 2348 1105 per-

1329 1119 1506 1145 secutoribus
1531 1119 1721 1145 adhaeserunt
1741 1121 1767 1145 ct
1785 1118 1812 1144 in
1829 1121 2035 1145 nocumentum
2057 1119 2183 1145 fidelium
2201 1119 2291 1153 ipsius
2302 1128 2350 1147 cc·

1328 1167 1432 1194 etesiae
1447 1168 1479 1194 de
1493 1167 1617 1194 Marchia
1629 1167 1808 1194 Anconitana
1824 1167 2072 1202 conspiraverunt,
2086 1168 2241 1202 episcopati
2253 1169 2350 1203 digni-

1328 1219 1386 1243 tate
1403 1220 1539 1251 perpctuo
1558 1217 1660 1250 privat.
1678 1217 1759 1250 Uti-ni.
1778 1218 1823 1249 2¹6,
1843 1216 1971 1243 Curiates
1990 1218 2026 1243 ΝΟ
2052 1218 2108 1247 ¹97,
2123 1217 2172 1244 sol.
2193 1220 2257 1249 1¹0;
2275 1218 2347 1244 Por-

1328 1273 1417 1291 TnasT
1436 1266 1545 1299 ¹8599).

1369 1370 1383 1385 «
1403 1359 1454 1388 Ast
1480 1358 1692 1388 cvrtiluclinem
1707 1359 1892 1398 presentium
1914 1364 1940 1388 cl
1961 1359 2137 1388 memoriam
2151 1359 2347 1399 futurorum-

1327 1412 1427 1442 Cives
1442 1413 1705 1445 Racanatenses,
1727 1412 1864 1450 antique
1880 1412 2073 1442 devotionis
2087 1414 2119 1443 et
2132 1404 2222 1447 fidei,
2241 1422 2345 1452 quam

1327 1466 1368 1495 ad
1388 1466 1575 1496 Romanam
1594 1474 1710 1504 gerere
1727 1467 1976 1495 consueverunt
1992 1465 2182 1502 ecclesiam,
2202 1475 2349 1505 prorsus

1327 1518 1424 1549 obliti
1438 1520 1470 1549 et
1488 1518 1728 1549 favorabilium
1746 1519 1945 1557 gratiarum,
1960 1518 2084 1557 quibus
2097 1519 2196 1549 sedes
2209 1521 2345 1558 aposto·

1326 1573 1392 1602 lica
1410 1581 1467 1602 eos
1496 1581 1680 1611 eorumque
1699 1574 1838 1607 terram,
1858 1572 2017 1611 erigendo
2050 1572 2134 1602 inibi
2163 1573 2344 1604 ecclesiam

1327 1625 1553 1656 cathedralem
1581 1634 1618 1655 ac
1634 1626 1823 1655 decorando
1852 1627 1978 1655 terram
2010 1628 2118 1664 ipsam
2136 1626 2348 1665 episcopalis

1326 1679 1426 1709 titulo
1444 1679 1631 1718 dignitatis,
1655 1679 1893 1717 multipliciter
1911 1678 2101 1715 honoravit,
2123 1679 2346 1710 immemores

1327 1734 1358 1762 et
1376 1733 1511 1771 ingrati,
1531 1734 1646 1762 contra
1676 1741 1738 1762 nos
1753 1734 1784 1762 ct
1805 1732 1945 1762 eandem
1973 1732 2153 1762 ecclesiam
2184 1733 2344 1764 calcaneo

1326 1785 1524 1816 rebellionis
1541 1787 1663 1819 erecto,
1678 1785 1727 1815 sic
1745 1785 1897 1824 eJusdem
1910 1785 2052 1815 ecclesie
2065 1785 2345 1824 persecutoribus

1326 1839 1543 1878 pertinaciter
1558 1839 1591 1868 in
1610 1839 1719 1877 ipsius
1739 1839 1880 1869 ecclesie
1898 1839 2115 1877 dispendium
2137 1838 2346 1869 adheserunt

1327 1893 1441 1931 sicque
1452 1893 1604 1930 patenter
1617 1893 1647 1922 et
1659 1892 1827 1922 ferventer
1839 1900 1914 1921 cum
1928 1891 2056 1922 eisdem
2064 1892 2347 1930 persecutoribus

1326 1945 1359 1975 in
1378 1946 1617 1975 nocumentum
1633 1945 1782 1975 fidelium
1800 1945 1911 1983 ipsius
1924 1945 2065 1975 ecclesie
2078 1945 2118 1975 de
2129 1933 2344 1975 Anconitana

1324 1998 1473 2027 Marchia
1490 1998 1740 2036 conspirarunt,
1765 1997 1865 2036 quod,
1883 1997 1924 2027 ad
1945 1997 2182 2027 offendendum
2216 1997 2249 2027 in
2270 1998 2344 2028 illis

1325 2060 1386 2081 nos
1404 2053 1434 2081 et
1454 2051 1639 2090 predictam
1660 2051 1837 2080 ecclesiam
1857 2059 1918 2080 sua
1935 2051 2170 2089 principaliter
2185 2053 2215 2081 et
2230 2051 2345 2081 totali-

1324 2107 1374 2134 ter
1389 2105 1501 2134 studia
1529 2106 1773 2138 convertentes,
1795 2105 2106 2142 quantumcumque
2125 2104 2166 2133 ad
2197 2112 2256 2134 eos
2275 2104 2344 2135 cla·

1324 2158 1530 2187 inaverimus
1549 2159 1581 2187 ut
1601 2157 1754 2186 conversi
1771 2156 1811 2186 ab
1828 2157 1954 2186 erroris
1974 2157 2064 2186 invio
2095 2165 2160 2195 quo
2179 2157 2342 2196 dampna-

1323 2210 1437 2241 biliter
1451 2220 1525 2240 cum
1540 2209 1816 2248 persecutoribus
1833 2210 1918 2248 ipsis
1935 2210 2103 2246 incedunt,
2123 2210 2163 2240 ad
2177 2210 2294 2241 dulces
2309 2212 2344 2242 et

1324 2274 1445 2295 suaves
1462 2264 1570 2303 ipsius
1587 2264 1728 2293 ecclesie
1749 2265 1999 2293 reverterentur
2016 2263 2206 2302 amplexus,
2227 2264 2345 2296 nolue-

1324 2320 1401 2348 runt
1420 2318 1582 2347 hactenus
1607 2326 1723 2347 vocem
1755 2318 1869 2346 nostre
1886 2317 1941 2355 pie
1959 2317 2186 2347 revocationis
2205 2317 2339 2355 audire,

1323 2372 1381 2401 sed
1400 2371 1439 2401 ad
1461 2370 1629 2409 gravioris
1647 2370 1941 2409 exaggerationem
1959 2370 2096 2406 offense,
2133 2370 2346 2402 adversariis

1324 2425 1433 2464 ipsius
1449 2424 1590 2454 ecclesie
1603 2424 1731 2461 majora
1746 2432 1880 2462 semper
1897 2423 2177 2454 continuaverunt
2189 2425 2221 2454 et
2236 2424 2342 2455 conti-

1323 2480 1426 2508 nuant
1445 2478 1653 2507 incrementa
1669 2477 1807 2513 favoris,
1826 2477 1896 2515 qui,
1914 2477 2117 2507 eorumtelis
2128 2477 2262 2513 armati,
2274 2477 2342 2508 for-

1322 2532 1391 2561 tius
1409 2533 1440 2561 et
1458 2531 1631 2561 crudelius
1649 2530 1690 2560 ad
1709 2530 1814 2560 totius
1831 2530 2086 2568 depressionem
2116 2530 2275 2560 insiliunt
2291 2539 2343 2562 re·

1322 2585 1443 2623 gioms.
1458 2585 1496 2615 lit
1508 2584 1596 2620 licet,
1609 2592 1725 2614 eorum
1738 2583 1849 2622 culpis
1858 2583 2086 2622 exigentibus,
2099 2583 2199 2622 digne
2209 2592 2246 2614 ac
2255 2583 2341 2615 dure

1321 2639 1553 2678 potuissemus
1571 2637 1611 2668 ab
1629 2637 1710 2667 011111
1729 2637 1911 2676 procedere
1926 2639 2041 2667 contra
2059 2637 2164 2676 ipsos,
2183 2636 2343 2668 volentes

1320 2694 1433 2722 tamen
1449 2691 1715 2722 misericorditer
1725 2690 1873 2729 experiri
1888 2692 2001 2720 utrum
2013 2690 2046 2720 in
2059 2690 2188 2720 eisdem
2201 2689 2338 2720 civibus

1321 2745 1404 2775 scint
1413 2745 1469 2775 illa
1482 2744 1671 2775 devotionis
1682 2743 1794 2782 aliqua
1806 2743 2039 2779 remansisset,
2051 2751 2126 2782 que,
2140 2741 2341 2773 salubribus

1321 2799 1466 2829 excitata
1480 2797 1631 2828 monitis.
1644 2797 1676 2826 in
1692 2796 1802 2827 debite
1813 2798 2003 2835 resurgeret
2017 2795 2168 2826 caritatis
2179 2795 2336 2826 ardorem

1322 2851 1526 2889 illorunnpie
1539 2850 1639 2880 corda
1649 2859 1690 2880 ex
1708 2849 1982 2889 rebellionisjam
1993 2849 2167 2888 *tepefacta
2179 2847 2289 2887 rigore
2300 2848 2336 2878 in

1288 2922 1289 2927 =
1319 2904 1470 2944 vigorem
1481 2903 1665 2943 pristinum
1678 2904 1708 2933 et
1720 2911 1870 2933 amorem
1881 2902 2022 2933 ecclesie
2034 2901 2184 2941 predicte
2198 2900 2338 2932 reduce—
