2547 3289
204 258 245 287 50
960 244 1208 276 uisscleTREs
1233 244 1445 275 b‘URssAlN
1470 245 1528 274 lv.

205 340 282 369 dam
299 337 340 368 ab
360 343 408 369 eo,
429 333 531 361 donec
547 330 679 365 vixerit,
695 328 887 359 auctoritate
906 327 1017 357 nostra
1037 334 1095 365 per
1113 326 1142 356 te
1160 326 1212 355 vel

205 392 308 422 alium
323 388 474 419 conseras
494 386 525 414 et
541 385 704 422 assignes,
723 384 754 412 et
769 382 877 411 amoto
894 380 934 409 ab
952 388 989 409 ea
1006 379 1124 409 dilecto
1143 378 1213 408 filio

205 442 381 475 Osredncio
402 441 442 471 de
464 438 685 478 Aquasparta,
698 434 856 465 canonico
867 433 1049 464 Tudertino
1065 432 1121 470 qui
1141 440 1214 461 eam

206 496 354 526 detinere
373 494 505 527 dicitur,
522 491 634 522 etalio
652 488 800 528 quolibet
815 487 997 520 detentore,
1010 485 1148 515 inducas
1167 484 1213 523 ip—

204 557 279 579 sum
291 547 495 586 Phylippum
512 543 819 582 velprocuratorem
831 548 929 570 suum
943 539 1014 577 ejus
1030 538 1164 568 nornine
1181 537 1213 567 in

202 601 295 632 illins
305 599 561 639 possessionem,
572 597 602 626 et
613 594 772 625 defendas
784 593 966 623 inductum.
977 591 1119 621 Proviso
1128 589 1214 628 quod

203 655 243 684 de
259 653 355 683 dictis
370 650 587 691 quadraginta
603 648 698 678 libris
711 655 769 686 pro
785 647 855 676 rata
877 645 1010 675 illorum
1026 643 1215 674 reddituum

203 705 403 745 quosdictus
415 703 603 742 phylippus
620 709 661 731 ex
677 699 802 738 capella
819 698 891 737 ipsa
912 697 1070 736 percipiet
1085 696 1164 725 dum
1182 695 1215 725 in

202 767 317 790 eorum
326 757 469 788 extiterit
478 754 688 795 possessione
697 750 1079 792 pacifica‚deducatur,et
1089 750 1216 787 partem

204 813 251 843 sic
273 812 445 841 deductam
463 809 504 839 ad
524 809 655 838 nostras
671 806 725 836 vel
744 805 968 844 predictorum
985 810 1215 833 successorum

206 866 393 896 nostrorum
411 871 530 893 manus
550 861 685 891 studeas
707 867 874 892 revocare,
891 857 952 887 sub
971 857 1083 886 nostra
1099 857 1130 885 et
1146 855 1215 885 illo-

205 927 279 948 rum
296 917 513 956 disposItione
537 914 622 944 sicut
644 914 675 942 et
696 912 795 942 ceteri
819 910 966 950 ejusdem
985 909 1123 939 ecclesie
1145 908 1216 938 red-

203 971 304 1006 ditus,
340 971 376 1000 ut
410 968 601 1008 predicitur,
637 972 904 1004 permansuram.
947 961 1216 993 Contradictores

204 1025 264 1054 etc.
282 1041 330 1053 -.
355 1023 511 1053 Invocato
528 1022 588 1051 etc.
603 1036 653 1049 —.
667 1017 793 1049 Datum
821 1016 908 1056 apud
931 1016 1215 1048 Urbemveterem,

203 1087 223 1105 x·
237 1075 398 1107 kalendas
415 1073 619 1108 novembris,
636 1080 723 1102 anno
738 1075 786 1101 11⁰.
805 1082 820 1097 »

704 1229 828 1260 Orvieto,
848 1229 876 1254 123
893 1227 1047 1254 novembre
1070 1227 1143 1251 1262.

277 1236 345 1267 155

242 1319 381 1353 Populum
398 1317 508 1344 insulae
524 1315 690 1342 Marthanae
705 1314 740 1340 ab
754 1311 976 1346 obligationibus
995 1312 1054 1336 tam
1067 1308 1216 1336 communi

205 1367 331 1395 civitatis
356 1366 551 1393 L'rbevctanae
578 1371 663 1398 qnam
690 1361 794 1388 Jacobo
821 1360 939 1395 ejusque
963 1358 1113 1390 fratribus,
1141 1356 1216 1382 uatis

205 1416 349 1451 quondam
370 1414 456 1441 sluitti
473 1414 506 1439 de
527 1412 662 1444 ltisentio,
684 1410 780 1441 sactis,
800 1407 1018 1442 absolvit.(Rssc.
1039 1408 1081 1437 20,
1100 1405 1150 1432 sol.
1173 1406 1215 1436 53,

205 1465 276 1491 anni
293 1464 327 1496 11,
344 1467 375 1489 n⁰
397 1465 439 1495 ¹73
459 1463 600 1488 Pormasr
618 1459 724 1492 18429.)

245 1569 260 1584 «
279 1555 397 1596 Populo
411 1553 507 1583 insule
524 1552 697 1583 Martlzane.
724 1550 816 1581 Sicut
839 1548 1068 1579 insenescente
1081 1547 1150 1586 jam
1165 1564 1215 1576 ——.

204 1611 328 1642 Datum
353 1608 440 1648 apud
462 1606 748 1640 Urbemveterem‚
774 1611 821 1633 xri
841 1602 1002 1633 kalendas
1017 1599 1214 1635 decembris,

204 1671 293 1695 anno
307 1671 339 1692 11.
361 1673 375 1689 ))

702 1812 826 1846 Orvieto,
842 1813 873 1838 ‘21
892 1811 1047 1838 novembre
1069 1810 1144 1836 1262.

275 1820 346 1851 156

240 1903 378 1938 Episcopo
394 1899 615 1928 Carcassonensi
632 1898 751 1925 mandat
767 1897 891 1923 declaret
910 1895 1024 1922 irritam
1044 1894 1218 1921 nominatio-

205 1960 273 1980 nem
290 1950 465 1985 sserengarii,
482 1949 621 1976 sacristae
641 1946 833 1974 Narbonensis
855 1944 1004 1976 ecclesiae,
1022 1944 1050 1970 in
1074 1943 1215 1978 majorem

205 1999 441 2027 archidiaconum
454 1997 582 2033 ejusdem
595 1995 731 2023 eeclesiae
746 2002 762 2020 a
776 1992 933 2020 Biterrensi
948 1991 1079 2026 episcopo
1095 1999 1128 2017 ex
1142 1999 1218 2017 com-

207 2048 345 2076 missione
365 2045 572 2080 archiepiscopi
593 2042 786 2071 Narbonensis
808 2041 927 2068 sactum.
950 2040 1028 2074 (aaa.
1052 2040 1099 2066 sol.
1119 2040 1150 2065 53
1172 2043 1216 2072 κὴ

205 2097 274 2125 anni
291 2096 326 2129 11,
343 2100 374 2122 n⁰
395 2095 446 2129 18.)

248 2190 439 2230 «..episcopo
462 2185 704 2218 Carcassonansi.
727 2183 941 2214 Venerabilis
958 2182 1058 2212 frater
1081 2182 1216 2212 noster..

205 2245 381 2283 episcopus
406 2240 613 2275 Sabinensis,
632 2238 729 2269 nobis
750 2236 915 2276 exposuit,
928 2235 1026 2274 qnod,
1039 2243 1114 2265 cum
1137 2235 1217 2264 olim

205 2298 277 2337 ipse
290 2298 367 2327 tunc
383 2293 655 2333 archiepiscopus
671 2289 903 2321 Narbonensis
913 2289 953 2319 ad
962 2288 1076 2319 sedem
1089 2289 1217 2327 aposto*

203 2351 302 2382 licam
313 2355 519 2382 accessurus,
529 2345 739 2376 collationem
749 2343 948 2382 dignitatum
959 2342 999 2372 ad
1009 2350 1104 2372 suam
1117 2341 1218 2371 dona-

204 2403 329 2434 tionem
344 2400 564 2442 spectantium
574 2407 668 2437 quas,
686 2398 760 2436 ipso
775 2396 922 2430 absente,
933 2396 965 2425 in
985 2395 1125 2425 ecclesia
1134 2394 1217 2424 Nar-

203 2455 345 2488 bonensi
374 2462 490 2484 vacare
513 2452 727 2490 contingeret,
752 2448 935 2480 venerabili
959 2448 1052 2478 fratri
1074 2449 1216 2478 nostro..

204 2507 390 2541 Biterrensi
408 2506 575 2546 episcopo,
593 2503 827 2537 commisisset,
844 2501 978 2532 tandem
996 2501 1084 2531 idem
1112 2500 1217 2531 Biter-

203 2562 312 2594 rensis
331 2561 507 2600 episcopus
527 2558 694 2589 intellecto
716 2557 789 2596 post
811 2563 979 2586 recessum
995 2554 1074 2584 dicti
1094 2554 1218 2584 archie-
1246 2597 1247 2604 ἵ

201 2614 331 2655 piscopi
354 2613 442 2652 quod
465 2611 679 2646 GuilIelmus,
703 2610 811 2640 dictus
825 2608 1005 2642 Bardinus,
1033 2607 1139 2646 major
1167 2617 1217 2638 ar-

202 2668 419 2700 chidiaconus
440 2664 682 2699 Narbonensis,
706 2663 855 2693 habitum
883 2661 1023 2692 fratrum
1048 2660 1216 2690 Minorum
1246 2678 1247 2682 ,

202 2720 440 2759 assumpserat,
473 2717 777 2748 archidiaconatum
810 2714 918 2754 ipsius
940 2713 1142 2752 Berengario
1167 2722 1216 2743 sa-

201 2774 300 2806 criste
326 2772 433 2812 ipsius
454 2770 603 2806 ecclesie,
622 2769 808 2799 sacristiam
829 2776 908 2798 vero
926 2766 1075 2805 ejusdem
1098 2766 1218 2797 Beren-
1244 2787 1245 2790 η

200 2826 284 2866 garii
301 2825 341 2856 G.
363 2823 464 2858 Petri,
481 2822 638 2853 canonico
654 2818 1007 2856 Narb011ensi,rectori
1020 2818 1159 2848 ecclesie
1176 2818 1216 2848 de

200 2877 364 2912 Minerba,
381 2877 412 2907 et
426 2876 565 2906 eandem
581 2874 755 2906 ecclesiam
772 2872 929 2911 magistro
945 2871 985 2902 B.
1004 2870 1126 2902 Bellini
1146 2879 1215 2901 suc-
1243 2898 1244 2901 ,

198 2929 325 2962 centeri
338 2927 562 2964 Narbonensi,
579 2926 754 2958 ecclesiam
771 2926 881 2956 autem
901 2924 941 2955 de
958 2923 1093 2959 Archis,
1114 2932 1214 2963 quam
1242 2956 1244 2960 ,

1278 326 1365 356 idem
1385 327 1558 357 succentor
1577 326 1729 361 habebat,
1748 327 1920 357 Rostanno
1940 327 2188 366 clerico,nepoti
2201 329 2286 367 ejus-

1276 379 1350 409 dem
1371 379 1567 410 Sabinensis
1582 380 1897 418 episcopi‚c0nferre
1916 382 1947 410 et
1961 380 2130 419 assignare
2146 382 2285 410 curavit.

1275 432 1491 469 Verum,cum
1502 432 1587 462 sicut
1598 433 1992 472 accepinms‚h11jusm0di
2000 433 2287 464 archidiaconatus

1278 484 1410 515 collatio
1430 485 1515 515 infra
1531 485 1737 524 probationis
1755 494 1879 516 annum
1894 486 1973 516 dicti
1992 486 2228 520 archidiaconi,
2246 486 2286 516 ab

1276 537 1392 567 eodem
1408 537 1500 569 nulla
1516 538 1723 577 professione
1740 538 1873 574 emissa,
1890 539 1975 569 facta
1988 539 2086 569 fuerIt
2106 541 2136 568 et
2156 539 2203 569 sic
2218 548 2288 578 pre-

1276 590 1389 620 sertim
1410 599 1485 621 cum
1503 591 1590 621 idem
1613 591 1866 621 archidiaconus
1881 592 1946 622 sibi
1965 592 2173 626 obtinuisset,
2193 592 2287 622 utdi—

1276 643 1372 678 citur,
1401 653 1460 683 per
1482 645 1662 683 apostolice
1683 645 1772 675 sedis
1790 645 1917 675 litteras
1941 645 2117 684 indulgeri,
2136 654 2194 684 per
2208 654 2285 676 euu-

1276 697 1351 727 dem
1369 706 1494 727 annum
1519 697 1621 728 libere
1643 698 1769 727 fructus
1786 697 2073 729 archidiaconatus
2091 699 2195 738 ipsius·
2213 707 2287 737 pos-

1276 751 1325 779 set
1342 750 1475 785 habere,
1498 759 1534 780 ac
1555 750 1687 780 decerni
1713 759 1770 789 per
1792 751 1924 780 easdem
1951 750 2077 781 litteras
2104 751 2234 781 irritum
2257 753 2287 781 et

1277 803 1386 838 inane,
1403 803 1432 833 si
1448 812 1544 833 secus
1560 803 1599 833 de
1619 803 1690 842 ipso
1707 803 1976 833 archidiaconatu
1992 804 2078 833 infra
2095 803 2287 842 hujusmodi

1275 865 1401 886 annum
1413 857 1616 895 contingeret
1627 857 1825 895 attemptari,
1837 856 1975 887 eandem
1989 857 2066 887 dicti
2088 857 2288 887 archidiaco-

1276 911 1373 940 natus
1389 910 1599 940 collationem
1623 910 1750 940 nullam
1773 911 1929 949 appareat
1952 910 2112 944 extitisse,
2139 918 2199 940 nos
2218 910 2287 941 fore

1276 962 1702 1002 arbitrantesincongruum
1717 963 1855 1002 quodex
1867 972 1944 1001 quo,
1956 965 1990 993 ut
2006 963 2132 993 dictum
2145 965 2205 997 est,
2222 963 2287 993 col-

1275 1015 1355 1045 latio
1370 1016 1442 1054 ipsa
1456 1025 1521 1046 non
1538 1016 1655 1051 tenuit,
1670 1016 1807 1054 predicti
1826 1016 1964 1046 sacrista
1980 1017 2010 1046 et
2028 1016 2085 1045 alii
2102 1016 2209 1046 suain
2227 1016 2286 1046 hac

1276 1070 1368 1107 parte
1386 1069 1768 1099 remaneantintentione
1785 1069 1943 1103 frustrati,
1955 1070 2103 1106 ejusdem
2125 1069 2285 1100 Sabinen-

1276 1122 1324 1151 sis
1342 1122 1489 1161 episcopi
1502 1122 1655 1161 precibus
1672 1122 1834 1156 inclinati,
1852 1122 2047 1152 fraternitati
2060 1124 2113 1152 tue
2122 1131 2180 1161 per
2193 1130 2285 1161 apos-

1275 1175 1375 1205 tolica
1391 1175 1513 1214 scripta
1528 1175 1726 1205 mandamus
1755 1177 1918 1214 quatenus
1931 1175 2122 1214 hujusmodi
2140 1175 2285 1205 collatio-

1277 1237 1353 1258 nem
1376 1228 1663 1258 archidiaconatus
1692 1228 1809 1266 presati
1829 1237 1895 1258 non
1917 1229 2027 1258 tenere
2052 1228 2182 1266 publice
2203 1236 2287 1257 nun-

1276 1282 1375 1319 tians,
1394 1283 1460 1312 tam
1477 1281 1584 1311 eidem
1601 1281 1749 1316 sacriste,
1773 1290 1872 1320 quam
1896 1282 1994 1311 etiam
2017 1281 2093 1311 aliis
2117 1281 2286 1320 predictis,

1276 1343 1351 1364 cum
1374 1335 1501 1372 relique
1518 1334 1712 1364 collationes
1727 1344 1745 1364 a
1763 1334 1890 1373 prefata
1906 1334 1984 1363 dicti
2001 1334 2288 1364 archidiaconatus

1276 1387 1452 1417 collatione
1472 1388 1580 1417 ortum
1602 1386 1759 1417 habuisse
1782 1388 1972 1420 noscantur,
1996 1386 2083 1424 quod
2105 1386 2146 1416 ad
2177 1386 2287 1425 priora

1276 1440 1347 1470 loca
1363 1442 1393 1470 et
1408 1440 1570 1470 beneficia
1586 1449 1657 1475 sua,
1670 1440 1698 1469 si
1713 1439 1752 1469 de
1773 1439 1921 1478 ipsorum
1935 1439 2106 1469 communi
2121 1439 2289 1469 voluntate

1275 1493 1485 1532 processerit,
1496 1492 1603 1523 redire
1618 1493 1721 1523 libere
1730 1493 1872 1526 valeant,
1883 1492 2116 1522 collationibus
2131 1492 2289 1531 predictis

1276 1555 1335 1577 seu
1362 1546 1567 1585 quibuslibet
1592 1546 1895 1576 renuntiationibus
1918 1545 2014 1575 factis
2034 1545 2129 1575 tacite
2152 1545 2206 1575 vel
2234 1554 2288 1576 ex-

1276 1608 1389 1639 presse
1420 1608 1629 1638 nequaquam
1656 1599 1877 1633 obstantibus,
1903 1599 2065 1630 concedas
2096 1599 2289 1630 auctoritate

1277 1654 1401 1689 nostra,
1417 1653 1556 1683 liberam
1574 1653 1775 1686 facultatem,
1788 1653 1913 1682 faciens
1932 1652 2023 1691 ipsos
2038 1652 2218 1682 eorundem
2234 1651 2290 1682 be·

1277 1707 1472 1737 neficiorum
1480 1706 1619 1746 pacifica
1631 1705 1843 1745 possessione
1853 1705 2007 1744 gaudere.
2025 1705 2290 1736 Contradictores

1276 1762 1336 1791 etc.
1356 1777 1405 1790 ——.
1432 1761 1556 1790 Datum
1579 1758 1666 1798 apud
1682 1759 1968 1792 Urbemveterem,
1995 1768 2027 1788 x¹
2056 1758 2217 1789 kalendas
2235 1758 2289 1788 de-

1276 1812 1420 1844 cembris
1442 1821 1528 1843 anno
1547 1817 1597 1842 11⁰.
1615 1823 1631 1839 »

1346 1973 1416 2003 157
1768 1970 1892 2001 Orvieto,
1914 1971 1950 1995 μ’
1966 1970 2121 1996 novembre
2143 1970 2217 1995 «262.

1315 2055 1459 2089 Hospitale
1471 2063 1493 2081 s.
1508 2054 1608 2080 Lazari
1624 2055 1788 2080 acconense
1802 2054 1837 2080 ab
1848 2053 1927 2080 omui
1939 2053 2140 2088 jurisdictione
2150 2056 2179 2080 et
2193 2053 2287 2080 domi-

1277 2104 1325 2130 nio
1345 2103 1627 2137 archiepiscoporum
1647 2104 1672 2128 et
1692 2102 1893 2136 episcoporum
1916 2102 2060 2133 omnium,
2077 2103 2105 2128 et
2125 2102 2289 2136 specialiter

1278 2152 1403 2188 episcopi
1420 2152 1594 2179 Acconensis
1617 2151 1730 2183 eximit,
1748 2153 1876 2177 statuens
1897 2153 1927 2177 ut
1944 2150 2085 2185 hospitale
2107 2153 2134 2177 et
2156 2150 2289 2177 membra

1278 2202 1361 2229 istius
1385 2201 1414 2228 in
1442 2200 1640 2235 spiritualibus
1666 2202 1691 2226 et
1719 2199 1924 2233 temporalibus
1951 2200 2004 2226 soli
2029 2199 2288 2234 Jerosolymitanae

1277 2251 1414 2278 ecclesiae
1437 2251 1493 2277 sint
1522 2250 1659 2285 subjecta.
1685 2250 1762 2285 (Rae.
1786 2251 1829 2282 26,
1854 2249 1902 2277 sol.
1927 2250 1959 2276 53
1979 2254 2018 2276 νο,
2039 2249 2108 2275 anni
2132 2248 2166 2279 ll,
2188 2254 2220 2274 n⁰
2243 2250 2286 2279 ¹9;

1278 2300 1412 2327 Pomm
1433 2299 1538 2333 18421.)

1319 2406 1359 2425 α..
1385 2394 1486 2434 priori
1511 2398 1537 2423 et
1554 2392 1704 2432 fratribus
1731 2390 1886 2431 hospitalis
1913 2401 1937 2420 s.
1958 2390 2067 2420 Lazari
2094 2391 2288 2419 Acconensis.

1278 2448 1373 2479 Circa
1395 2447 1597 2487 prelaturam
1621 2445 1978 2484 sei-osolymitanorum
1994 2461 2043 2474 —.
2063 2444 2187 2474 Datum
2203 2443 2290 2482 apud

1278 2501 1568 2535 Urbemveterem,
1586 2499 1739 2529 kalendis
1757 2497 1959 2534 novembris,
1976 2506 2062 2528 anno
2081 2500 2129 2527 11⁰.
2150 2509 2165 2524 »

1347 2659 1419 2690 158
1814 2655 1939 2687 Orrieto,
1958 2654 1990 2681 ‘29
2007 2655 2122 2682 octobre
2143 2655 2217 2682 1262.

1315 2742 1474 2770 Conventui
1496 2741 1611 2776 Major-is
1627 2740 1792 2767 ⁴llonasterii
1814 2739 1988 2766 Turonensis
2007 2740 2128 2766 mandat
2147 2740 2289 2773 quatenus

1279 2791 1435 2826 Stephano,
1453 2790 1481 2817 in
1502 2790 1636 2816 abbatem
1668 2789 1757 2823 ipsius
1793 2787 1962 2815 monasterii
1988 2787 2089 2820 electo,
2109 2785 2239 2814 obediant
2261 2788 2290 2812 et

1280 2840 1441 2867 intendant.
1459 2838 1537 2872 illac.
1554 2839 1598 2871 26,
1616 2837 1664 2864 sol.
1682 2838 1725 2870 54,
1743 2837 1812 2864 anni
1830 2837 1864 2869 11,
1882 2843 1913 2863 n·
1930 2837 1987 2870 20.)

1322 2934 1336 2949 οι
1356 2918 1668 2959 Conventuae'Majoris
1693 2917 1871 2948 Monosterii
1901 2915 2079 2946 Turonensis
2095 2920 2122 2944 ee
2143 2914 2289 2943 universis
