2547 3289
274 263 313 292 85
1008 254 1257 285 REGISTRES
1279 254 1493 286 D'URBAIN
1515 255 1573 286 IV.

274 346 342 376 Nos
358 345 466 383 itaque
485 341 602 373 vestris
618 342 651 372 in
666 341 726 371 hac
738 341 829 380 parte
843 338 1095 378 gravaminibus
1105 346 1276 368 occurrere
1306 341 1307 344 ’

273 397 454 435 cupientes,
472 396 508 425 ut
522 395 703 425 familiares
729 394 760 424 et
783 392 968 423 servientes
990 391 1090 422 vestri
1112 399 1275 421 commen-

271 449 357 480 sales
373 448 545 478 dumtaxat
566 447 600 476 in
621 446 766 485 predicto
783 445 853 475 foro
870 444 1041 475 conveniri
1064 444 1228 482 nequeant
1247 444 1279 473 et

273 501 305 531 in
327 500 425 530 datiis
447 501 477 530 et
503 499 578 529 aliis
599 498 772 538 premissis
792 497 922 528 solvere
940 498 972 527 et
991 497 1200 527 contribuere
1216 496 1276 526 mi-

270 554 358 583 nime
376 553 560 586 teneantur,
580 559 638 582 nec
661 551 702 581 ad
719 559 757 582 ea
774 550 928 589 compelli
954 550 1097 585 valeant,
1116 549 1188 580 sine
1204 558 1277 588 spe-

267 605 343 636 ciali
364 605 518 635 mandato
540 604 630 635 sedis
656 604 846 643 apostolice,
869 603 1009 633 faciente
1029 603 1162 642 plenam
1177 604 1209 633 et
1224 611 1278 632 ex-

270 666 417 697 pressam
439 658 479 688 de
503 657 715 696 presentibus
740 655 1061 691 mentionem,vobis
1084 655 1276 686 auctoritato

269 710 448 749 apostolica
480 710 703 749 indulgemus.
730 710 823 740 Nulli
853 718 930 748 ergo
953 710 1064 740 nostre
1092 709 1276 739 concessio-

270 763 334 797 nis,
357 764 418 793 etc.
443 779 490 793 -—.
506 763 629 793 Datum
645 763 731 802 apud
749 763 1031 799 Urbemveterem,
1050 772 1099 792 x11
1118 762 1277 792 kalendas

270 815 392 852 martii,
411 824 497 846 anno
516 825 551 845 11.
569 828 583 842 η

817 978 939 1009 Orvieto,
958 980 986 1004 2¹
1006 978 1112 1005 sevrier
1128 979 1204 1004 1262.

336 980 408 1012 208

305 1063 440 1098 Episcopo
457 1064 561 1090 Vicauo
579 1064 698 1089 mundat
715 1065 743 1089 ut
762 1063 932 1089 electionem
952 1064 980 1088 et
999 1070 1150 1096 personam
1167 1063 1277 1089 abbatis

269 1112 350 1139 electi
375 1112 544 1139 monasterii
572 1112 674 1138 Montis
698 1111 836 1145 Virginis,
860 1111 1050 1137 ¹&vellineusis
1075 1111 1207 1143 diocesis,
1230 1111 1277 1145 qui

271 1163 384 1195 propter
394 1161 463 1187 dicti
476 1160 644 1187 monasterii
656 1162 855 1194 paupertatem
873 1160 969 1186 sedem
981 1159 1168 1194 apostolicam
1181 1159 1279 1194 nequit

270 1209 359 1242 adire,
379 1209 536 1242 examinet,
556 1209 706 1243 ipsumque
726 1209 754 1235 in
775 1209 907 1234 abbatem
930 1209 1092 1239 confirmet,
1110 1208 1278 1243 juramento

271 1258 406 1285 ecclesiae
429 1259 573 1284 Romanae
597 1257 736 1291 praestari
773 1257 856 1283 solito
881 1257 959 1290 prius
983 1259 1104 1291 recepto.
1130 1257 1208 1289 (lim.
1234 1258 1278 1287 26,

270 1307 336 1333 anni
353 1306 400 1338 lv,
418 1315 450 1332 no
466 1308 510 1339 71,
528 1305 576 1332 sol.
593 1306 649 1339 71.)

313 1420 327 1435 «
352 1433 370 1438 ..
397 1408 531 1447 episcopo
564 1407 683 1438 Vicimo.
702 1408 752 1437 Ex
767 1409 857 1445 parte
874 1407 1069 1437 dilectorum
1088 1423 1136 1436 —.
1155 1407 1277 1437 Datum

271 1461 356 1500 apud
375 1461 657 1495 Urbemveterem,
682 1469 752 1489 vnn
773 1460 932 1490 kalendas
957 1459 1079 1493 martii,
1097 1468 1184 1489 anno
1205 1469 1226 1488 11
1246 1472 1261 1486 1)

842 1631 966 1661 Orvieto,
982 1631 1015 1656 ‘23
1032 1639 1110 1657 mars
1128 1632 1204 1656 ¹263.

336 1633 408 1664 209

306 1714 456 1742 isabellam
486 1714 661 1741 monasterio
690 1713 862 1740 monialium
877 1722 899 1740 s.
916 1713 1019 1740 Mariae
1036 1714 1183 1741 'l'recensis
1198 1723 1277 1748 prae-

269 1763 329 1790 ficit
343 1763 371 1790 iu
388 1763 576 1790 abbatissam.
594 1763 672 1794 (Rau.
687 1764 731 1795 26,
747 1762 814 1789 anm
832 1762 868 1795 Il,
886 1770 919 1788 no
932 1764 977 1794 72,
995 1762 1042 1788 sol.
1061 1764 1118 1796 71.)

314 1886 327 1899 «
354 1873 494 1909 Ysabelt'i,
518 1871 666 1901 abbatisse
683 1871 856 1901 monasterii
876 1871 1049 1901 itionialiwn
1065 1877 1166 1901 sancte
1183 1873 1278 1902 Maria

274 1925 437 1961 Trai-ensis,
460 1925 575 1954 ordinis
593 1925 689 1954 saneti
709 1925 871 1954 Benedicti.
892 1926 979 1954 Dum
997 1934 1109 1954 curam
1129 1926 1278 1955 omnium

271 1979 485 2009 eeclesiarum
508 1996 555 2007 —.
584 1979 672 2007 Inter
692 1978 775 2007 alias
799 1979 908 2007 autem
929 1978 1168 2007 monasterium
1187 1979 1278 2009 beate

271 2031 373 2061 Mario
390 2030 576 2063 Trecensis,
592 2030 718 2059 ordinis
735 2030 837 2059 sancti
855 2030 1036 2064 Benedicti,
1055 2030 1190 2068 speciali
1207 2040 1279 2068 pro-

271 2085 365 2122 sequi
391 2084 516 2113 favoris
542 2083 750 2121 [werogativa
777 2085 937 2119 tenemur,
960 2091 1034 2112 cum
1054 2083 1151 2113 fuerit
1172 2084 1279 2113 solum

272 2137 391 2166 natalis
415 2138 522 2166 nostre
548 2136 765 2174 parrochialis
787 2136 924 2165 ecclesie
950 2135 1036 2165 int'ra
1058 2137 1149 2173 septa
1172 2136 1279 2175 ipsius

271 2189 461 2219 monasterii
483 2189 670 2222 constitute,
689 2189 731 2223 ct,
742 2188 818 2218 dato
837 2188 931 2218 nohis
953 2189 985 2218 in
1002 2189 1116 2218 eadem
1141 2189 1278 2219 eeclesia

271 2242 705 2280 sacramentobaptismatis,
720 2250 824 2271 annos
841 2241 962 2271 ibidem
980 2242 1189 2279 exegerimus
1201 2251 1277 2280 pue-

272 2295 360 2325 riles.
380 2295 508 2324 Indue-it
526 2303 584 2324 nos
603 2295 712 2332 itaque
728 2296 794 2324 tam
810 2294 985 2332 pastoralis
1002 2294 1102 2324 oflicii
1119 2295 1277 2331 debitum,

271 2356 368 2386 quam
394 2348 464 2386 ipse
498 2348 658 2377 naturalis
688 2348 834 2381 affectus,
861 2349 895 2376 ut
921 2347 1057 2386 predicti
1085 2349 1278 2378 monasterii

271 2401 463 2430 studeamus
487 2409 662 2439 precavere
672 2400 857 2438 dispendiis
879 2401 910 2430 et
926 2400 1007 2437 ejus,
1027 2402 1187 2438 quantum
1204 2410 1277 2431 cum

276 2454 341 2483 Deo
355 2462 546 2491 pos-sunum,
557 2453 729 2482 commoda
743 2461 948 2491 promovere.
962 2454 1058 2487 Sane,
1077 2454 1278 2484 monasterio

273 2506 343 2544 ipso
367 2506 532 2535 abbatisse
559 2506 717 2543 regimine
742 2506 909 2539 destituto,
932 2505 1068 2543 contigit
1087 2506 1120 2535 in
1139 2516 1176 2536 eo
1195 2507 1278 2537 duas

272 2559 574 2592 0101‘ti01ies,1111a111
599 2559 749 2588 videlicet
776 2559 814 2588 de
832 2560 874 2592 te.
888 2560 965 2588 tune
987 2558 1182 2592 infirmaria,
1202 2560 1278 2590 reli-

273 2620 370 2650 quam
386 2620 462 2641 vero
480 2611 519 2641 do
534 2611 738 2646 Emeniardi,
755 2611 961 2641 thesauraria
977 2611 1053 2641 dicti
1074 2613 1276 2648 monasterii,

263 2664 307 2694 ·in
325 2664 489 2694 discordia
505 2663 674 2694 celebrari.
696 2664 775 2693 Orta
791 2664 891 2701 igitur
906 2672 1006 2702 super
1022 2664 1082 2694 hoc
1098 2665 1181 2694 inter
1196 2666 1226 2694 te
1242 2672 1279 2694 ac

274 2716 422 2750 eandem,
446 2717 482 2746 E.
511 2717 649 2746 materia
671 2717 856 2754 questionis
878 2718 909 2746 et
931 2716 1122 2755 hujusmodi
1148 2717 1278 2755 negotio

275 2778 332 2807 per
346 2769 600 2808 appellationem
615 2769 655 2798 ad
674 2769 785 2799 sedem
802 2769 1016 2807 apostolicam
1034 2769 1200 2804 devoluto,
1218 2778 1279 2800 nos

275 2821 392 2852 dilecto
418 2822 487 2852 filio

277 2874 389 2904 nensis
413 2874 566 2910 diocesis,
589 2875 757 2913 negotium
784 2875 893 2914 ipsum
918 2883 976 2914 per
999 2875 1125 2906 litteras
1149 2877 1278 2906 nostras

274 2926 336 2956 sub
362 2928 449 2956 certa
472 2927 576 2957 forma
593 2927 821 2958 commisimus
845 2927 1102 2958 terminandum.
1128 2927 1277 2967 Cumque

513 2845 532 2852 ..
554 2822 664 2852 abbati
685 2822 877 2852 monasterii
900 2822 1280 2858 Deruensis‚Catbalau-
1308 2857 1309 2861 Ἰ

1338 337 1426 369 idem
1440 338 1609 377 negotium
1624 338 1742 369 fuisset
1758 338 1799 369 ad
1813 347 1874 369 nos
1887 347 1948 378 per
1961 338 2216 378 appellationem
2232 339 2348 371 iterato

1337 390 1930 430 delatum,tandem,procuratoribus
1944 391 2088 431 partium
2104 391 2138 422 in
2151 393 2263 423 nostra
2277 401 2349 431 pre-

1337 444 1444 474 sentia
1463 444 1831 479 constitutis,dilectum
1853 444 1962 474 filium
1985 446 2135 475 nostrum
2170 445 2191 475 J
2195 468 2215 480 .‚
2237 447 2348 476 sancte

1337 496 1440 527 Marie
1457 497 1489 526 in
1505 497 1684 527 Cosmedin
1697 497 1873 527 diaconum
1891 497 2105 532 cardinalem,
2120 506 2158 528 eo
2170 498 2259 536 quod
2274 506 2349 528 cau-

1336 558 1409 579 sam
1425 549 1657 588 appellationis
1674 549 1708 579 in
1722 549 1874 588 partums
1890 549 1960 580 illis
1977 550 2181 580 duxeramus
2195 550 2347 580 commit-

1335 602 1479 637 tendam,
1490 602 1565 632 aliis
1578 611 1643 632 non
1657 602 1819 637 obstante,
1835 603 1869 632 in
1885 602 1957 641 ipso
1972 603 2102 641 negotio
2114 604 2350 642 deputavimus

1336 655 1433 685 dictis
1448 655 1598 693 partibus
1613 655 1809 685 auditorem.
1825 655 1991 691 Ceterum,
2004 663 2080 685 cum
2095 656 2181 686 idem
2199 656 2350 686 cardina-

1336 708 1378 738 lis
1397 707 1494 738 nobis
1515 709 1547 738 et
1567 707 1726 737 fratribus
1745 708 1865 738 nostris
1876 707 1994 738 merita
2008 708 2116 746 ipsius
2132 709 2254 747 negotii
2269 717 2346 747 que,

1336 762 1465 791 servato
1482 761 1569 799 Juris
1590 761 1823 800 ordine,plcne
1845 761 2059 798 discusserat,
2072 761 2250 796 retulisset,
2275 770 2348 796 nos.

1337 814 1464 845 eisdem
1488 814 1615 844 meritis
1636 813 1814 844 intellectis
1830 815 1861 844 et
1883 822 1959 844 cum
1979 814 2077 844 dictis
2093 814 2252 845 fratribus
2269 814 2350 845 deli·

1337 867 1505 897 beratione
1516 866 1629 896 habita
1638 866 1800 905 diligenti,
1815 866 1853 896 de
1867 867 2016 905 ipsorum
2028 866 2168 897 consilio
2183 867 2349 906 predictas

1337 920 1526 955 electiones,
1552 928 1618 950 non
1646 928 1865 958 personarum
1890 920 1947 950 sed
1974 920 2122 958 ipsarum
2149 919 2348 950 electionum

1339 973 1430 1007 vitio,
1450 973 1583 1011 justitia
1604 973 1812 1003 cassavimus
1834 972 2087 1011 exigente‚illas
2110 973 2348 1003 nichilominus

1337 1034 1451 1056 cassas
1477 1027 1508 1056 et
1536 1026 1648 1056 irritas
1676 1026 1877 1056 nuntiantes.
1908 1026 2045 1061 Verum,
2060 1034 2100 1056 ne
2127 1026 2348 1056 memoratum

1338 1079 1577 1109 monasterium
1594 1079 1690 1117 cujus
1706 1080 1827 1109 statum
1844 1087 2040 1117 prosperum
2056 1078 2161 1109 multo
2182 1078 2348 1109 desiderio

1338 1132 1539 1167 affectamus,
1553 1131 1744 1170 prolixioris
1758 1131 1942 1161 vacationis
1955 1131 2165 1161 incommoda
2177 1131 2350 1169 deplorare

1338 1186 1483 1223 cogatur,
1508 1186 1539 1214 te
1564 1185 1602 1214 ‹le
1624 1185 1720 1223 quus
1743 1184 1929 1222 prudentia,
1953 1185 2022 1214 vita
2045 1185 2075 1214 et
2097 1184 2349 1214 conversatione

1338 1237 1511 1271 laudabili,
1529 1245 1726 1275 morumque
1746 1237 1906 1275 gravitate
1936 1237 2061 1267 bonum
2082 1236 2179 1266 nobis
2197 1246 2215 1267 a
2234 1236 2348 1267 fidedi-

1338 1290 1412 1329 gnis
1436 1290 1665 1320 testimonium
1685 1289 2018 1327 perhibetur,cuique
2040 1289 2171 1327 generis
2194 1289 2350 1319 nobilitas

1338 1343 1458 1372 dicitur
1470 1342 1656 1380 suffragari,
1666 1342 1774 1371 eidem
1789 1341 1991 1371 monasterio
2007 1341 2040 1370 in
2056 1341 2259 1371 abbatissam
2274 1349 2350 1380 pre-

1339 1395 1481 1425 fecimus*
1492 1395 1532 1424 de
1550 1394 1730 1432 apostolice
1746 1394 1954 1432 plenitudine
1970 1394 2142 1432 potestatis
2159 1411 2209 1423 ——.
2226 1394 2349 1424 Datum

1337 1448 1425 1486 apud
1443 1447 1726 1483 Urbemveterem,
1743 1456 1765 1477 X
1780 1447 1940 1478 kalendas
1954 1447 2082 1486 aprilis,
2100 1456 2187 1477 anno
2205 1456 2240 1476 11.
2262 1459 2275 1474 n

1402 1604 1476 1635 210
1888 1600 2012 1633 Orvieto,
2030 1601 2062 1625 {2
2076 1599 2180 1627 sevrier
2199 1601 2277 1627 ¹263.

1371 1688 1475 1713 Omnes
1492 1687 1591 1713 domos
1605 1686 1776 1712 monialium
1793 1694 1815 1711 s.
1834 1685 1932 1711 Lazari
1945 1685 1978 1711 de
1992 1684 2131 1711 Bethania
2147 1684 2176 1711 in
2192 1685 2350 1711 acconensi

1336 1735 1460 1768 civitate,
1478 1735 1506 1761 in
1523 1743 1610 1770 regno
1628 1735 1712 1768 Cypri
1729 1737 1754 1760 et
1773 1734 1841 1760 alibi
1857 1733 2082 1764 constitutas,ab
2095 1733 2175 1759 omni
2192 1732 2350 1767 archiepis-

1336 1791 1474 1818 coporum
1490 1786 1516 1809 et
1529 1784 1727 1817 episcoporum
1739 1781 1940 1817 jurisdictione
1953 1781 2065 1808 eximit.
2080 1781 2158 1815 (nm.
2174 1782 2219 1813 ⁶26,
2231 1781 2300 1808 anni
2314 1780 2348 1813 H,

1337 1841 1369 1858 no
1387 1834 1430 1864 73,
1446 1832 1494 1859 fol.
1514 1833 1542 1858 τι
1561 1832 1617 1865 vo.)

1379 1937 1392 1952 α
1418 1949 1438 1955 ,.
1468 1925 1615 1954 abbatisse
1639 1930 1664 1953 ec
1690 1925 1848 1954 conventui
1867 1925 2042 1954 ’iuniaslei'ii
2058 1925 2156 1953 saneti
2181 1924 2293 1953 Lazari
2313 1924 2348 1953 de

1338 1978 1500 2011 Bethania,
1521 1978 1635 2006 ordinis
1651 1979 1750 2006 sancte·
1770 1977 2188 2012 Benedicti,Jerosolimitane
2211 1977 2346 2007 diocesis.

1339 2032 1432 2061 Circa
1462 2031 1643 2069 preclaram
1667 2030 1973 2060 Jerosolimitanznn
1987 2030 2159 2060 eeclesiam
2181 2048 2228 2059 —.
2247 2030 2348 2065 Sane,

1338 2083 1489 2113 hostibus
1501 2083 1659 2112 catholice
1678 2083 1753 2112 fidei
1767 2085 1796 2112 et
1814 2082 2236 2121 persecutoribusnominis
2248 2083 2350 2113 chris—

1339 2136 1565 2167 tiaanvilicet
1581 2136 1730 2174 reprobis
1743 2137 1773 2166 et
1787 2136 1953 2174 spurcidis
1968 2135 2348 2167 §arras-cuis,civitatem

1338 2189 1655 2223 Jerosolimitannm,
1671 2189 1798 2218 cunetis
1816 2188 1931 2218 mundi
1950 2188 2131 2226 provinciis
2149 2188 2347 2225 digniorem,

1339 2242 1477 2271 terribili
1506 2242 1567 2271 Dei
1594 2241 1719 2279 juncia
1749 2241 1974 2271 detinentibus
2001 2243 2204 2279 occupatam,
2232 2250 2292 2271 vos
2317 2242 2348 2271 et

1338 2295 1554 2333 quamplures
1577 2295 1640 2324 alie
1670 2294 1823 2332 religiose
1862 2302 2003 2332 persone
2027 2294 2172 2324 clvitatis
2198 2293 2348 2332 ejusdem

1339 2356 1462 2385 sueque
1479 2347 1621 2377 diocesis
1636 2347 1773 2376 ecclesio
1791 2348 1915 2384 pretate
1930 2347 2074 2384 subjecte
2092 2346 2270 2376 incivitate
2286 2347 2346 2376 Ac-

1338 2401 1472 2430 eonensi
1493 2403 1602 2430 coacte
1628 2400 1738 2430 fuistis
1753 2400 1852 2429 anxio
1868 2400 1987 2438 spiritu
2008 2400 2348 2438 connnorari.quous-

1338 2462 1401 2491 que
1409 2453 1511 2489 Regis
1527 2453 1631 2483 eterni
1648 2453 1834 2490 benignitas
1845 2453 1939 2490 juxta
1956 2461 2092 2482 suorum
2110 2452 2165 2490 pia
2181 2454 2256 2482 vota
2270 2452 2346 2482 tide-

1338 2506 1420 2535 lium
1446 2506 1625 2535 clementer
1652 2514 1753 2544 super
1780 2505 1840 2535 hoc
1865 2505 1994 2534 duxerit
2024 2505 2276 2543 providendum.
2298 2504 2347 2535 Ne

1339 2559 1448 2597 itaque
1464 2567 1523 2588 vos
1548 2559 1653 2596 ipsius
1671 2558 1808 2588 ecclesie
1826 2558 1893 2587 filie
1910 2557 2070 2596 speciales
2090 2558 2222 2588 interim
2243 2557 2348 2587 homi—

1339 2620 1417 2641 num
1435 2611 1554 2641 at‘lliete
1573 2611 1745 2641 molestiis.
1768 2611 1975 2641 occasionem
1993 2610 2140 2648 aliquam
2159 2609 2347 2650 tepescendi

1338 2665 1423 2694 circa
1437 2664 1544 2694 divini
1559 2664 1668 2694 cultus
1684 2664 1831 2694 studium
1859 2664 2019 2697 habeatis,
2040 2664 2096 2693 sed
2114 2672 2152 2692 eo
2172 2665 2278 2701 major
2292 2663 2347 2693 de-

1338 2717 1468 2748 lectatio
1485 2717 1581 2747 vobis
1597 2717 1628 2747 in
1644 2717 1700 2746 illo
1715 2717 1899 2755 proveniat,
1910 2725 1974 2755 quo
1987 2725 2046 2755 per
2063 2716 2242 2755 apostolice
2257 2715 2347 2746 sedis

1337 2770 1501 2800 auxilium
1525 2769 1686 2800 obtinebit
1715 2771 1824 2800 vestra
1847 2769 1978 2799 devotio
2004 2771 2109 2799 status
2127 2768 2298 2807 tranquilli
2314 2769 2346 2799 et

1337 2822 1434 2852 liberi
1456 2822 1699 2858 fulcimentum,
1718 2831 1778 2853 nos
1800 2822 1920 2853 vestris
1939 2822 2094 2861 precibus
2111 2821 2274 2855 inclinati,
2289 2820 2346 2852 do-

1338 2883 1429 2905 mum
1455 2882 1556 2914 quam
1580 2875 1615 2904 in
1639 2875 1771 2905 civitate
1799 2875 1984 2905 Acconensi
2013 2874 2153 2908 habetis,
2180 2881 2217 2904 ac
2243 2874 2346 2904 vestri

1340 2928 1533 2958 monasterii
1555 2927 1722 2966 prioratus
1745 2928 1776 2958 et
1793 2927 1942 2957 membra
1960 2926 2136 2958 existentia
2152 2926 2186 2956 in
2207 2925 2345 2964 quibus-
