2547 3289
260 274 319 302 376

261 356 409 389 5011111111·,
439 353 478 382 de
505 351 679 390 potcstatis
707 349 890 388 apostolice
916 347 1126 386 plenitudine
1155 355 1266 376 cassa-

260 416 335 436 mus
352 409 381 436 et
403 405 586 438 irritamus,
612 411 708 432 cassa
726 404 757 431 et
776 402 872 431 irrita
894 403 925 430 et
942 400 1070 430 nullius
1094 399 1266 429 firmitatis

261 461 405 491 05151011·
442 458 647 491 nuntiamus,
679 464 783 494 penas
814 462 1043 493 quascumque
1074 461 1174 492 super
1206 453 1266 482 hoc

260 513 405 549 adjectas
429 513 459 539 01
482 511 674 548 juramenta
698 508 839 547 prestita
860 508 1063 543 relaxantes,
1092 516 1128 536 ac
1156 506 1267 536 decer-

261 567 376 596 nentes
397 571 625 602 quoscumque
649 562 690 592 ad
708 561 979 592 observationem
995 559 1265 598 juramentorum

259 617 449 655 hujusmodi
477 617 507 646 et
536 615 577 645 ad
602 615 737 645 easdem
760 623 863 652 penas
889 613 1105 651 aliquatenus
1132 620 1197 641 non
1222 612 1267 641 te-

260 671 341 700 11011.
359 669 450 699 Nulli
470 677 546 707 ergo
564 685 612 697 -.
629 668 663 698 Si
677 667 754 706 quis
769 668 880 697 autem
893 684 940 694 —.
958 666 1081 695 Datum
1099 664 1188 703 apud
1205 664 1265 694 Ur-

258 724 496 759 bemveterem,
517 731 535 751 x
554 721 718 751 kalendas
737 720 868 758 apriliS,
892 727 978 749 anno
996 718 1106 748 tertio.
1133 729 1146 745 »

829 875 952 907 orvieto,
970 876 1004 902 24
1022 883 1099 902 mars
1118 875 1196 903 1204.

349 882 419 912 777

295 957 486 992 luti-ascriptis
502 955 624 990 praelati
639 955 767 981 mandati
789 954 984 981 executionem
1001 953 1169 981 committit.
1189 954 1267 988 (Rae.

259 1010 302 1035 235.
322 1007 370 1034 fol.
387 1008 431 1038 118,
447 1014 505 1032 cur.
522 1013 589 1031 ann.
606 1004 651 1034 111,
669 1010 698 1030 n⁰
717 1006 768 1037 633
792 1004 940 1030 Pommsr
960 1003 1068 1038 18839.)

301 1107 314 1124 11
342 1120 372 1126 .,
406 1094 637 1134 archiepiscopo
668 1093 896 1128 Canium-iensi,
917 1098 943 1121 ct
969 1117 975 1123 .
1000 1116 1006 1121 .
1038 1092 1142 1121 abbati
1173 1093 1270 1121 sam-li

262 1149 401 1188 Dyonisii
420 1149 450 1177 in
470 1146 614 1182 Francia,
635 1146 820 1176 Parisicnsis
835 1145 971 1175 diocesis.
993 1145 1217 1175 Carissimum
1236 1146 1269 1175 in

262 1202 395 1232 Christo
415 1201 522 1230 tilium
541 1202 691 1231 nostrum
709 1225 713 1229 .
729 1224 733 1228 .
753 1208 864 1238 regem
882 1199 1069 1237 Anglorum
1087 1199 1268 1234 illustrem,

262 1257 293 1286 et
307 1263 446 1294 regnum
461 1254 545 1293 ejus,
558 1255 632 1287 etc„
646 1254 681 1283 ut
698 1253 731 1282 in
747 1252 925 1291 superiori,
942 1261 1049 1291 usque
1067 1261 1131 1282 non
1152 1252 1268 1282 teneri.

260 1308 424 1343 Quocirca
443 1307 641 1336 mandamus
661 1305 821 1344 quatinus
840 1314 898 1334 vos
920 1305 970 1335 vel
998 1305 1082 1335 altor
1105 1306 1268 1341 vestrum,

261 1370 320 1400 per
339 1370 397 1390 vos
416 1360 467 1390 vel
487 1360 660 1389 aliuinscu
676 1359 761 1388 alios
782 1358 1005 1396 provisiones.
1026 1358 1269 1392 ordinationes,

261 1413 496 1452 obligationes,
512 1412 773 1450 conjurationes,
793 1411 1037 1449 psaligutionos,
1051 1410 1271 1449 conspiratio-

262 1476 320 1497 nes
335 1468 366 1496 et
383 1467 507 1495 statuta
530 1464 722 1503 hujusmodi
752 1465 783 1493 in
807 1464 890 1493 locis
913 1464 944 1493 in
972 1463 1095 1502 (11111105
1112 1463 1270 1502 expedire

265 1519 431 1553 videritis,
450 1518 583 1556 publice
603 1526 638 1547 ac
657 1517 890 1554 51111011111111101
908 1526 1004 1546 cassa
1019 1518 1049 1546 et
1072 1517 1168 1546 irrita
1189 1525 1271 1546 nun-

262 1573 395 1607 tiantes,
414 1570 666 1601 venerabilibus
682 1569 845 1600 fratribus
864 1571 988 1599 nostris
1007 1569 1271 1608 archiepiscopis

263 1626 295 1654 01
312 1624 493 1662 episcopis,
519 1634 554 1653 ac
578 1623 711 1653 dilectis
729 1623 808 1652 111115
828 1623 1019 1659 abbatibus,
1046 1622 1217 1661 prioribus
1235 1632 1271 1653 ac

260 1677 338 1707 aliis
363 1677 582 1706 ecclesiarum
607 1676 758 1714 prelatis,
789 1685 847 1705 ne<-
868 1685 933 1705 non
956 1675 1149 1712 comitibus,
1178 1675 1272 1705 baro-

260 1730 376 1764 nibus,
406 1729 620 1768 magnatibus
652 1730 681 1759 01
711 1729 789 1759 aliis
821 1730 960 1768 predicti
991 1729 1081 1768 regni
1114 1729 1270 1767 personis

260 1783 502 1813 ecclesiasticis
520 1785 550 1812 et
570 1782 792 1814 secularilms.
814 1782 1055 1821 cujuscumipie
1081 1782 1269 1821 dignitatis,

261 1837 382 1872 status,
403 1835 532 1865 ordinis
551 1837 582 1865 et
606 1835 810 1865 conditionis
828 1836 973 1869 suerunt,
1001 1835 1142 1865 firmiter
1164 1835 1270 1874 preci-

260 1889 373 1927 piatis,
397 1898 437 1918 ex
456 1890 550 1926 parte
574 1890 700 1924 nostra,
718 1890 754 1917 111
779 1888 1004 1926 1110115101105,
1026 1888 1269 1923 ordinationes,

261 1941 484 1980 obligationes
503 1942 764 1978 conjurationcS,
786 1941 1031 1979 colligationes,
1051 1941 1271 1980 conspiratio—

263 2003 322 2024 nes
337 1995 367 2024 et
395 1995 519 2024 statuta
546 1994 712 2032 premissa
743 2003 802 2032 pro
820 1995 927 2023 cassis
950 1996 981 2024 et
1009 1995 1117 2024 irritis
1136 1995 1271 2033 penitus

262 2047 417 2082 habeant,
450 2047 498 2076 015
524 2047 764 2076 nichilominus
797 2047 987 2077 districtius
1016 2047 1197 2077 inhibendo
1231 2056 1271 2077 ne

265 2102 379 2129 contra
405 2100 607 2129 cassationis
630 2101 658 2129 ct
681 2100 881 2129 irritationis
908 2100 1013 2129 nostri
1042 2102 1193 2130 tenorem
1213 2100 1272 2129 ali-

265 2153 346 2191 quid
367 2154 566 2191 attemptare
593 2155 800 2190 presumant.
824 2153 906 2182 Illos
931 2154 1041 2183 autem
1069 2154 1126 2192 qui
1157 2155 1271 2183 contra

265 2206 502 2241 cassatioiwm,
523 2206 746 2235 irritationem
773 2214 831 2235 5011
853 2207 1048 2244 preceptum
1068 2208 1123 2236 aut
1150 2205 1271 2235 inhibi—

265 2259 389 2288 tionem
415 2258 608 2296 hujusmodi
633 2258 886 2296 quomodolibet
913 2259 1027 2289 venire
1057 2268 1272 2297 presumpse-

265 2312 341 2347 rint,
361 2320 379 2340 a
400 2312 456 2341 tali
478 2311 731 2349 111051111111110110
753 2311 949 2342 auctoritate
976 2314 1101 2348 nostra,
1127 2312 1273 2350 appella—

263 2365 353 2394 tione
382 2364 582 2402 postposita,
616 2365 849 2402 compescatis.
877 2365 952 2395 Non
984 2364 1137 2395 obstante
1165 2365 1191 2394 si
1221 2382 1272 2394 —.

264 2416 388 2446 Datum
416 2417 503 2455 apud
533 2416 820 2453 Urbcmvcterem,
852 2409 923 2446 vnii
949 2418 1112 2448 kalendas
1142 2417 1271 2457 aprilis,

263 2477 349 2498 anno
372 2469 430 2498 1[Ι”
451 2480 465 2497 11

355 2624 426 2653 773
836 2622 959 2654 Orvicto,
978 2624 1011 2649 27
1030 2631 1107 2650 mars
1126 2624 1201 2651 1204.

301 2701 338 2727 De
355 2700 563 2735 praedicatione
577 2701 653 2728 verbi
668 2702 764 2728 Crucis
779 2702 884 2728 Romae
901 2705 927 2729 et
942 2702 969 2728 in
985 2702 1198 2729 circumvicinis
1213 2711 1274 2737 par-

265 2748 340 2775 tibus
358 2750 492 2775 adversus
515 2750 693 2776 Manl'rcdum
719 2754 745 2777 ct
769 2759 828 2786 ejus
851 2751 1052 2785 stipendiarios
1077 2753 1271 2786 proponenda.

266 2797 343 2831 (linc.
361 2800 404 2831 za,
424 2798 471 2824 t‘ol.
486 2802 531 2832 118,
547 2807 605 2825 cur.
622 2807 689 2825 ann.
710 2799 756 2831 111,
777 2805 805 2825 11ο
821 2800 878 2833 ot.)

307 2900 320 2914 «
347 2912 352 2916 .
371 2911 375 2916 .
393 2887 532 2926 episcopo
551 2887 798 2925 Bellilecmilano‚
816 2890 931 2919 vicario
948 2895 1050 2919 nostro
1065 2891 1096 2919 in
1115 2890 1203 2921 Urbe.
1223 2892 1274 2922 Ad

266 2940 370 2972 1011111,
398 2941 583 2971 venerande
608 2941 723 2976 frater,
749 2944 780 2972 et
805 2942 949 2973 aliorum
975 2943 1100 2974 Christi
1124 2944 1273 2975 fidelium

1018 264 1260 295 REGISTRES
1282 262 1496 294 D'URBAIN
1521 263 1578 293 IV.

1327 345 1367 375 de
1388 344 1487 374 Italia
1505 344 1674 374 credimus
1691 344 1887 383 pervenisse
1910 344 2063 374 notitiam
2083 344 2230 383 qualiter
2248 345 2339 375 Man—

1329 398 1458 434 fredus,
1492 398 1661 436 quondam
1698 398 1856 436 princeps
1886 398 2106 434 Tarentinus,
2141 399 2340 436 persecutor

1327 451 1478 481 Romane
1497 450 1638 480 ecclesie
1659 450 1872 487 manifestus,
1897 450 2034 489 injuriis
2052 452 2084 480 et
2107 450 2246 480 offensis
2266 451 2339 489 qui-

1327 502 1390 533 bus
1411 503 1551 533 eandem
1570 503 1747 533 ecclesiam
1769 503 1803 532 in
1824 503 2042 541 occupatione
2060 503 2154 542 regni
2175 503 2288 534 Sicilie
2308 505 2341 534 et.

1327 556 1474 586 Marchie
1498 556 1707 586 Anconitane
1738 556 1951 595 aliorumque
1977 565 2117 586 suorum
2139 556 2268 594 jurium
2293 556 2339 586 la-

1328 609 1477 644 cessivit,
1501 608 1664 639 hactenus
1687 617 1752 639 non
1775 610 1962 643 contentus,
1987 609 2143 639 duriores
2163 609 2233 647 jam
2252 609 2339 647 cepit

1328 661 1362 690 in
1379 670 1451 691 eam
1464 662 1718 700 persecutiones
1731 670 1888 692 exercere
1899 661 1938 692 de
1951 670 2049 698 novo,
2065 663 2095 692 et
2107 661 2340 700 asperioribus

1328 714 1438 752 ipsam
1455 714 1692 745 vexationibus
1708 715 1902 745 molestare.
1919 715 2003 745 Ecce
2022 723 2167 753 namque
2186 723 2340 753 persecu-

1327 769 1380 797 tor
1396 768 1497 803 idem,
1516 768 1547 797 in
1564 768 1694 797 viscera
1708 767 1818 806 ipsius
1833 767 1974 798 ecclesie
1992 767 2202 798 truculentas
2220 775 2342 797 manus

1328 820 1527 857 immittens,
1548 830 1666 860 nuper,
1686 823 1887 859 procurante
1917 821 2013 850 Petro
2032 821 2072 851 de
2097 821 2187 856 Vico,
2206 819 2342 859 publico

1328 873 1438 912 ipsius
1454 874 1594 904 ecclesie
1614 874 1708 904 hoste
1730 875 1759 904 et
1779 874 1949 912 proditore
1967 874 2193 912 nequissimo,
2214 873 2343 904 milites

1329 927 1582 966 stipendiarios,
1599 936 1658 957 sue
1672 927 1789 966 utiquc
1799 927 2049 966 persecutionis
2058 927 2248 963 ministros,
2259 935 2344 965 quos

1330 988 1436 1018 nuper
1453 980 1492 1010 de
1507 981 1641 1016 Tuscia,
1657 981 1697 1009 ad
1716 981 1968 1019 suggestionem
1986 980 2127 1018 predicti
2146 979 2343 1018 proditoris,

1330 1033 1372 1063 ad
1389 1034 1532 1063 confinia
1554 1034 1755 1063 Patrimonii
1772 1033 1861 1063 beati
1888 1033 1981 1063 Petri
2001 1033 2033 1062 in
2051 1033 2175 1063 Tuscia
2190 1033 2344 1066 miserat,

1331 1086 1363 1116 in
1380 1087 1629 1117 Patrimonium
1649 1087 1760 1125 ipsum
1779 1088 1855 1116 ante
1873 1086 1988 1116 oculos
2005 1088 2142 1116 nostros
2160 1085 2344 1116 immittere

1331 1140 1593 1178 dampnabiliter
1606 1141 1637 1170 et
1652 1139 1796 1178 superbe
1811 1140 2032 1178 presumpsit,
2046 1139 2078 1168 in
2094 1139 2257 1169 offensam
2266 1139 2342 1174 Dei,

1332 1193 1473 1223 ecclesie
1492 1193 1640 1232 predicte
1663 1193 1880 1231 dispendium
1907 1194 1938 1222 et
1962 1192 2190 1222 turbationem
2213 1191 2346 1230 pacifici

1333 1248 1441 1276 status
1451 1246 1569 1281 Urbis,
1581 1246 1620 1275 de
1631 1254 1696 1284 11110
1708 1246 1800 1275 tanto
1807 1253 2031 1284 provocamur
2042 1244 2209 1281 acerbius,
2219 1246 2346 1283 quanto

1332 1300 1421 1330 idem
1446 1300 1654 1333 Mansredus,
1680 1299 1777 1329 solite
1802 1299 1933 1329 malitie
1952 1300 2148 1337 prosecutor
2172 1300 2204 1328 et
2227 1298 2346 1328 arden—

1332 1352 1398 1382 tior
1415 1352 1454 1382 ad
1472 1352 1695 1382 cumulandas
1711 1351 1821 1382 eidem
1849 1351 1991 1382 ecclesie
2017 1351 2178 1385 lesiones,
2205 1358 2265 1389 per
2284 1350 2344 1381 hu·

1329 1405 1479 1443 jusmodi
1512 1405 1753 1443 stipendiarios
1780 1413 1879 1434 suum
1910 1404 2067 1443 iniquum
2091 1405 2207 1434 contra
2232 1404 2343 1442 ipsam

1332 1458 1509 1488 ecclesiam
1522 1460 1661 1488 conatur
1670 1457 1894 1496 pernitiosius
1904 1465 2102 1496 promovere
2117 1457 2345 1496 propositum,

1332 1520 1474 1549 eamque
1494 1511 1527 1540 in
1545 1520 1580 1541 se
1601 1511 1741 1549 suisque
1755 1510 1914 1541 fidelihus
1930 1510 2195 1549 ignominiosius
2212 1510 2346 1540 concul-

1333 1573 1418 1594 care.
1439 1564 1606 1599 Profecto,
1634 1564 1662 1593 si
1685 1573 1703 1594 a
1731 1564 1884 1594 Romano
1907 1563 2032 1602 populo
2057 1565 2089 1594 et
2116 1563 2193 1593 aliis
2217 1563 2345 1593 Christi

1332 1616 1491 1647 fidelibus
1509 1617 1690 1656 diligenter
1704 1617 1946 1651 attenderetur,
1967 1617 2001 1646 in
2020 1618 2185 1655 quantum
2202 1616 2344 1646 ecclesie

1334 1670 1575 1700 detrimentum
1607 1673 1637 1700 et
1657 1670 1879 1709 obprobrium
1901 1670 1935 1700 id
1956 1670 2132 1706 redundet,
2155 1678 2221 1699 non
2244 1669 2346 1708 jussi,

1332 1732 1398 1753 non
1423 1724 1541 1762 rogati,
1574 1732 1638 1753 non
1672 1723 1803 1757 moniti,
1831 1723 1956 1753 animis
1988 1723 2147 1754 deberent
2176 1723 2346 1762 promptis

1332 1785 1535 1815 consurgere
1559 1777 1599 1806 ad
1619 1778 1747 1806 tantam
1764 1785 1824 1806 sue
1850 1776 1969 1806 matris
1989 1777 2148 1816 injuriam
2173 1775 2347 1806 vindican-

1334 1830 1422 1866 dam,
1435 1839 1510 1860 cum
1522 1830 1714 1868 persecutio
1730 1830 1925 1869 hujusmodi
1938 1830 2048 1868 ipsius
2063 1829 2205 1860 ecclesie
2220 1831 2288 1860 tam
2299 1829 2346 1858 vi-

1332 1884 1418 1919 cina,
1431 1884 1522 1913 omni
1539 1884 1634 1922 peste
1651 1883 1866 1921 pestilentior
1879 1891 1954 1913 esse
1968 1883 2090 1922 possit,
2105 1883 2135 1912 si
2147 1881 2189 1912 ad
2203 1881 2346 1912 eandem

1332 1937 1504 1975 potentius
1533 1936 1799 1975 reprimendum,
1824 1944 1865 1966 ne
1893 1936 2048 1966 nocivius
2073 1935 2279 1975 graviusque
2304 1935 2345 1965 ad

1333 1990 1571 2028 circumposita
1590 1989 1659 2019 loca
1678 1990 1864 2028 perveniat,
1886 1989 2002 2019 eadem
2022 1989 2165 2019 ecclesia
2191 1997 2251 2018 sue
2269 1996 2345 2027 pro-

1333 2043 1477 2073 visionis
1496 2051 1664 2081 opponere
1686 2044 1875 2081 opportuna
1895 2042 2037 2072 consilia
2053 2051 2180 2081 sueque
2196 2041 2344 2072 ulterius

1333 2096 1476 2125 contlare
1501 2096 1651 2125 ‹litl'crret
1677 2095 1853 2125 molimina
1879 2095 2068 2133 potestatis.
2093 2095 2136 2125 Ut
2162 2095 2267 2134 igitur
2291 2103 2344 2125 eo-

1332 2149 1473 2179 rundem
1495 2148 1661 2178 Mansredi
1677 2150 1709 2178 et
1726 2148 1817 2178 Petri
1832 2149 1871 2178 de
1888 2148 1971 2178 Vico
1991 2157 2026 2178 ac
2042 2148 2344 2187 stipendiariorum

1333 2210 1516 2241 corumque
1543 2202 1711 2231 fautorum
1740 2204 1771 2232 et
1798 2201 2026 2239 complicium,
2055 2201 2268 2240 aliorumque
2296 2201 2346 2240 ip-

1333 2255 1405 2285 sius
1424 2255 1564 2285 ecclesie
1582 2254 1849 2285 inobedientium
1862 2256 1893 2284 et
1910 2254 2102 2291 rebellium,
2123 2254 2345 2285 existentium

1335 2309 1367 2338 in
1384 2308 1486 2338 terris
1504 2308 1591 2338 dicte
1609 2308 1761 2344 ecclesie,
1777 2308 1970 2347 temerariis
1987 2307 2128 2338 ausibus
2143 2309 2173 2338 et
2189 2307 2346 2338 nefandis

1334 2361 1510 2392 conatibus
1525 2361 1679 2391 celeriter
1693 2363 1723 2390 et
1739 2360 1920 2391 efficaciter
1935 2361 2124 2394 resistatur,
2141 2361 2346 2392 fraternitati

1333 2416 1389 2445 tue
1406 2423 1465 2453 per
1483 2414 1668 2453 apostolica
1688 2414 1813 2452 scripta
1825 2414 2041 2452 precipiendo
2054 2414 2256 2444 mandamus
2268 2423 2346 2454 qua-

1333 2468 1426 2497 tinus
1448 2476 1506 2506 per
1528 2469 1558 2497 te
1585 2476 1621 2497 ac
1643 2476 1701 2505 per
1723 2467 1821 2503 alios,
1844 2475 1928 2506 quos
1950 2467 1989 2497 ad
2011 2467 2072 2497 hoc
2097 2467 2246 2506 ydoneos
2269 2475 2345 2498 esse

1334 2521 1541 2560 cognoveris
1554 2528 1758 2559 proponens,
1768 2520 1865 2558 juxta
1875 2520 1988 2550 datam
1998 2519 2061 2550 tibi
2076 2529 2093 2550 a
2103 2520 2175 2550 Deo
2188 2520 2343 2559 gratiam,

1335 2574 1366 2604 in
1387 2574 1475 2604 Urbe
1494 2576 1523 2604 01
1552 2573 1914 2612 circumadjacentibus
1933 2572 2099 2612 partibus,
2123 2573 2249 2604 Christi
2267 2573 2347 2604 fide-

1334 2626 1436 2662 libus,
1458 2629 1525 2657 tam
1544 2626 1732 2665 peregrinis
1756 2635 1858 2665 11011111
1878 2626 2010 2656 civibus
2032 2626 2207 2660 Romanis,
2225 2627 2257 2657 et
2275 2627 2346 2666 qui-

1334 2679 1543 2719 buscumque
1568 2679 1646 2709 aliis
1673 2679 1811 2709 verbum
1831 2679 1960 2713 Crucis,
1981 2688 2038 2709 eos
2056 2681 2091 2709 ut
2112 2681 2225 2710 contra
2250 2679 2344 2710 Man-

1335 2733 1466 2763 t'redum
1490 2742 1526 2763 ac
1547 2733 1685 2763 Petrum
1714 2733 1754 2762 de
1779 2733 1862 2762 vico
1885 2732 2195 2771 stipendiariosque
2217 2732 2348 2772 predic-

1333 2788 1398 2822 tos,
1420 2795 1478 2816 nec
1501 2795 1565 2816 non
1583 2788 1697 2816 contra
1717 2785 1899 2824 complices
1919 2787 1949 2815 et
1972 2784 2123 2815 fautores
2140 2785 2294 2824 ipsorum
2312 2786 2346 2816 et

1335 2838 1505 2878 quoslibet
1518 2839 1604 2869 alios
1619 2838 1729 2878 ipsius
1739 2837 1880 2868 ecclesie
1890 2837 2124 2868 inobedientes
2136 2841 2168 2868 et
2183 2837 2343 2874 rebelles,

1335 2892 1521 2922 existentes
1537 2891 1681 2922 interris
1695 2890 1847 2929 ejusdem
1857 2889 2152 2929 ecclesie,signum
2169 2890 2346 2921 salutifere

1335 2945 1445 2975 crucis
1463 2946 1650 2975 assumant.
1671 2945 1701 2974 et
1721 2943 1755 2973 in
1773 2945 1927 2973 nostrum
1946 2951 1982 2973 ac
1999 2943 2109 2982 ipsius
2132 2943 2273 2974 ecclesie
2292 2943 2348 2974 ad-
