2547 3289
210 210 263 237 174

205 291 244 320 ad
264 291 451 320 facit-ndum
472 290 629 319 arrestari
648 289 734 319 bona
756 289 919 327 ipsorum,
940 289 1143 328 ubicumque
1163 290 1209 319 in-

206 343 408 377 venirentur,
434 344 464 372 ct
489 343 572 372 alias
600 342 700 372 etiam
727 344 841 372 contra
868 342 961 381 ipsos
984 344 1015 372 et
1039 343 1209 372 civitatem

202 396 383 434 predictam
404 395 629 433 spiritualiter
647 397 677 425 et
699 396 942 434 temporaliter,
964 397 1063 434 prout
1082 395 1210 426 videre-

202 458 276 477 mus
295 448 488 486 expediens,
506 448 684 486 procedere
703 458 910 478 curaremus.
929 449 993 479 Sed
1011 449 1089 488 quia
1107 449 1208 479 iidem

201 501 290 530 cives
308 501 710 539 Florcntini,‡hujusm‹‘›‹li
730 502 856 531 nostris
874 502 1012 531 monitis
1027 504 1057 532 et
1076 511 1209 541 precep-

199 553 244 582 tis
259 553 394 582 omnino
412 554 624 592 contemptis,
646 554 766 583 nedum
786 554 872 584 infra
890 555 1076 593 predictum
1096 556 1210 585 termi-

200 614 278 635 num
301 606 408 636 redire
427 607 466 636 ad
487 607 682 636 mandatum
703 607 842 637 ecclesie
870 616 932 638 11011
957 612 1127 643 curarunt,
1150 609 1208 638 sed

199 659 310 688 nullos
336 659 436 688 etiam
455 662 592 698 propter
610 660 669 690 hoc
689 662 824 690 nuntios
849 661 888 690 ad
908 663 1056 691 nostram
1075 670 1209 700 presen-

198 712 279 741 tiam
310 712 583 748 transmiserunt,
610 722 682 750 nos,
712 713 790 743 licet
818 714 857 743 de
876 714 952 752 jure
976 714 1208 753 potuissemus

198 765 275 793 tunc
300 765 479 802 procedere
503 767 619 795 contra
647 766 751 804 ipsos,
782 767 931 797 volentes
958 769 1069 797 tamen
1101 767 1207 797 adhuc

197 816 374 855 benignius
387 819 418 847 et
432 818 632 848 clementius
648 828 745 857 agere
760 829 834 849 cum
849 821 988 857 eisdem,
1002 823 1207 851 memoratos

197 870 288 899 cives
308 870 521 901 Florentinos
540 872 572 901 in
594 872 743 910 predicto
759 873 844 903 festo
864 874 1083 904 Ascensionis
1101 874 1206 904 domi-

197 924 281 959 nice,
301 926 456 962 presente
475 925 553 954 tunc
570 925 721 955 fidelium
739 926 956 956 multitudine
977 927 1124 966 copiosa,
1146 928 1206 958 ite-

196 981 268 1007 rato
286 978 492 1014 monuimus,
513 978 629 1017 eisque
647 979 800 1009 districte
819 980 1031 1019 precepimus
1051 983 1084 1011 ut
1100 990 1206 1020 usque

197 1031 237 1060 ad
249 1031 371 1060 testum
380 1030 552 1062 beatorum
563 1032 793 1070 apostolorum
805 1033 895 1063 Petri
907 1034 1041 1064 etPauli
1051 1035 1206 1073 proximo

195 1084 406 1122 preteritum,
432 1085 520 1123 quod
544 1093 604 1123 pro
631 1086 858 1124 peremptorio
885 1087 934 1116 eis
957 1087 1206 1126 assignavimus

196 1137 352 1172 termino,
372 1137 412 1166 ab
427 1138 517 1167 ovnni
536 1138 687 1177 ejusdem
703 1139 867 1170 Manfredi
879 1140 992 1170 favore
1003 1141 1206 1171 desisterent

196 1191 228 1219 et
245 1189 419 1220 humiliter
434 1191 473 1220 ad
490 1192 686 1222 mandatum
702 1195 733 1222 et
750 1193 963 1223 devotionem
975 1194 1116 1223 ecclesie
1133 1203 1206 1233 pre-

195 1242 282 1273 dicte
300 1243 464 1278 redirent,
490 1243 630 1274 firmiter
652 1245 791 1284 insuper
811 1246 860 1275 eis
877 1246 1037 1276 duximus
1056 1247 1206 1277 inhiben—

195 1295 274 1325 dum
299 1304 338 1326 ne
365 1298 480 1327 contra
501 1297 673 1328 civitatem
701 1299 884 1335 Lucanam,
907 1300 998 1329 sedis
1024 1301 1206 1338 apostolice

195 1348 463 1386 devotissimam,
475 1351 659 1380 exercitum
675 1360 875 1391 congregare
886 1354 917 1382 et
931 1353 1094 1383 adversus
1111 1353 1205 1383 illam

194 1401 308 1439 ejusve
327 1402 536 1433 territorium
553 1413 613 1434 seu
627 1404 818 1435 districtum
838 1405 1008 1436 hostiliter
1024 1407 1205 1444 procedere

194 1455 446 1493 quomodolibet
464 1457 714 1495 attemptarent.
737 1458 955 1488 Prediximus
970 1468 1102 1498 quoque
1120 1460 1205 1498 ipsis

193 1507 291 1545 quod,
314 1508 380 1538 nisi
402 1508 442 1538 ab
461 1509 612 1547 ejusdem
631 1510 797 1541 Manfredi
818 1511 931 1542 favore
949 1512 1154 1543 desisterent
1173 1514 1205 1543 et

193 1560 342 1591 redirent
358 1561 399 1591 ad
414 1562 609 1592 mandatum
627 1563 768 1593 ecclesie
787 1564 876 1594 infra
889 1565 1074 1595 terminum
1088 1574 1205 1604 supra-

192 1613 330 1647 dictum,
348 1614 399 1644 vel
419 1615 446 1644 si
461 1617 576 1646 contra
589 1615 784 1655 hujusmodi
800 1620 950 1648 nostram
968 1618 1204 1649 inhibitionem

193 1666 302 1697 facere
318 1667 371 1697 vel
388 1668 503 1699 venire
520 1671 768 1707 presumerent,
783 1679 844 1700 nos
863 1671 904 1701 ad
919 1671 1111 1702 faciendum
1130 1673 1203 1712 capi

192 1728 355 1757 personas
382 1723 414 1751 et
434 1721 520 1751 bona
544 1722 709 1760 ipsorum,
729 1723 934 1763 ubicumque
956 1725 1201 1763 invenirentur,

191 1774 223 1803 et
237 1773 322 1803 alias
335 1774 437 1804 etiam
452 1776 567 1805 contra
579 1775 672 1814 ipsos
687 1778 718 1806 et
733 1777 905 1807 civitatem
918 1778 1071 1816 ipsorum
1084 1779 1202 1810 durius

191 1827 224 1856 et
243 1827 408 1865 asperius,
428 1827 653 1866 spiritualiter
678 1831 710 1859 et
734 1831 977 1869 temporaliter,
995 1834 1095 1870 prout
1112 1833 1203 1864 vide-

192 1888 306 1910 remus
325 1881 520 1918 expediens,
542 1883 722 1920 procedere
741 1892 948 1915 curaremus.

231 1933 338 1963 Iidem
357 1942 435 1963 vero
461 1934 552 1964 cives
570 1935 757 1966 Florentini
784 1937 960 1975 patientia,
985 1948 1085 1977 quam
1106 1949 1203 1978 apos-

191 1985 293 2015 tolica
311 1986 408 2016 sedes
426 1986 589 2017 habuerat
607 1988 695 2018 circa
715 1989 820 2027 ipsos,
840 1991 994 2029 nequiter
1013 1992 1200 2030 abutentes,

191 2039 316 2076 spretis
336 2039 463 2069 nostris
487 2041 628 2070 monitis
653 2042 685 2072 et
702 2043 881 2081 preceptis,
903 2043 990 2074 infra
1006 2044 1203 2083 hujusmodi

190 2092 373 2122 terminum
394 2092 434 2122 ab
461 2093 570 2132 ipsius
598 2094 765 2125 Manfredi
784 2096 898 2126 favore
916 2097 1082 2128 desistere
1100 2107 1136 2128 ac
1154 2108 1203 2129 re-

190 2144 262 2174 dire
287 2145 326 2174 ad
351 2146 549 2177 mandatum
567 2148 599 2177 et
618 2147 831 2179 devotionem
857 2150 997 2181 ecclesie
1018 2159 1084 2181 non
1109 2161 1202 2182 cura-

190 2199 286 2233 runt,
305 2199 506 2237 quinimmo,
522 2201 638 2230 contra
656 2200 890 2233 inhibitionem
910 2205 1059 2234 nostram
1076 2206 1202 2236 temere

190 2251 365 2288 veniendo,
400 2252 563 2283 adversus
601 2254 787 2292 predictam
824 2256 995 2287 civitatem
1030 2258 1202 2289 Lucanam

190 2304 341 2335 exercitu
362 2308 574 2345 congregato,
595 2316 661 2337 una
682 2316 757 2337 cum
779 2309 1028 2341 maledictionis
1049 2311 1131 2342 filiis
1151 2312 1201 2342 Pi-

190 2357 282 2387 sanis
315 2357 445 2388 civibus
478 2359 683 2398 perfidisque
721 2360 928 2393 Senensibus
961 2372 998 2394 ac
1033 2365 1201 2403 protervis

190 2409 458 2441 Pistoriensibus
485 2413 517 2442 et
535 2413 798 2452 quampluribus
815 2415 904 2451 aliis,
927 2425 1044 2447 eorum
1063 2418 1199 2457 compli-

190 2462 296 2500 cibus,
328 2464 498 2495 hostiliter
527 2466 708 2504 procedere
736 2472 1028 2507 presumpserunt,
1060 2471 1200 2510 ersque

189 2517 398 2547 territorium
416 2519 448 2548 et
465 2518 656 2549 districtum
670 2520 759 2558 ignis
777 2521 932 2553 incendio
948 2524 980 2554 et
997 2523 1075 2554 aliis
1092 2524 1200 2555 diver-

189 2569 238 2599 sis
263 2570 563 2609 depopulationum
581 2573 761 2612 gencribus
786 2575 1004 2612 devastando,
1028 2577 1062 2607 in
1087 2577 1199 2609 divine

189 2622 378 2661 majestatis
394 2625 556 2656 offensam
569 2634 606 2656 ac
623 2628 773 2658 nostram
789 2630 821 2658 et
835 2629 922 2659 dicte
937 2630 1028 2660 sedis
1040 2630 1200 2670 injuriam

189 2675 415 2707 manifestam.
446 2678 588 2717 Propter
616 2679 705 2718 quod
730 2688 803 2717 nos,
829 2681 871 2711 ad
893 2690 978 2720 quos
1007 2683 1200 2721 specialiter

187 2728 334 2766 pertinet
351 2730 419 2759 tam
437 2731 551 2768 pravis
568 2733 705 2771 tamque
722 2733 895 2771 perversis
907 2735 1103 2765 eorumdem
1122 2734 1197 2765 Flo-

187 2782 399 2812 rentinorum
423 2783 547 2814 civium
569 2785 721 2822 ausibus,
750 2785 874 2825 quibus
891 2795 1074 2826 possumus
1094 2796 1199 2819 reme-

186 2834 266 2871 diis,
294 2833 442 2872 obviare,
465 2837 618 2868 nolentes
646 2838 789 2869 ulterius
817 2848 934 2870 eorum
959 2840 1198 2880 iniquitatibus

187 2887 373 2928 indulgere,
394 2890 563 2928 predictos
583 2891 673 2922 cives
689 2892 917 2930 Florentfflos,
931 2896 1069 2933 propter
1084 2894 1198 2934 hujus-

963 206 1206 237 REffls'stiEs
1228 207 1440 238 b'URBAIN
1465 208 1522 238 [V.

1260 290 1350 319 modi
1381 298 1497 319 eorum
1523 292 1824 329 presumptuosam
1851 293 2097 324 contumaciam
2117 297 2284 326 0100010-

1273 351 1399 372 macem
1425 343 1727 382 presumptionem,
1759 345 2121 376 excommunicationis
2147 350 2177 378 et
2208 358 2286 379 ana-

1271 395 1430 425 thematis
1449 396 1582 425 vinculo
1606 396 1766 426 duximus
1793 397 2024 433 innodandos,
2054 399 2224 430 universis
2252 403 2285 432 et

1272 449 1416 488 singulis
1438 458 1553 479 eorum
1579 449 1853 480 Florentinorum
1873 451 1996 481 civium
2015 451 2226 483 debitoribus
2252 456 2284 484 et

1271 502 1428 531 omnibus
1448 502 1488 531 de
1511 502 1610 532 bonis
1640 503 1791 541 ipsorum
1811 503 2026 539 habentibus,
2048 505 2284 545 undecumque

1271 557 1301 585 et
1316 555 1558 594 cujuscumque
1571 557 1692 591 status,
1709 556 1917 586 comlicionis
1927 558 1957 587 et
1971 557 2147 596 dignitatis
2162 558 2283 595 forent,

1271 609 1401 637 astante
1419 608 1509 637 fideli
1531 608 1668 646 populo,
1690 609 1729 638 de
1752 608 1895 639 fratrum
1918 611 2108 640 nostrorum
2127 611 2283 647 consilio,

1270 661 1467 691 auctoritate
1497 661 1682 699 apostolica
1714 661 1776 691 sub
1805 671 1889 700 pena
1919 663 2284 693 excommunicationis

1270 713 1458 743 districtius
1477 713 1667 743 inhibentes
1685 723 1724 744 ne
1745 714 1829 752 ipsis
1848 714 1979 745 civibus
1998 715 2206 746 Florentinis
2223 716 2283 746 ali-

1270 775 1334 805 qua
1348 767 1386 796 de
1404 766 1526 797 debitis
1538 769 1566 797 ct
1584 767 1681 797 imnis
1695 767 1900 806 hujusmodi,
1919 768 1951 798 111
1964 771 2060 807 parte
2076 769 2128 799 vel
2149 769 2182 798 in
2199 771 2282 806 toto,

1269 820 1485 850 restituerent
1507 821 1579 850 sine
1604 821 1761 851 mandato
1783 823 1899 850 nostro
1918 821 1970 851 vel
1989 821 2125 851 licentia
2142 822 2282 861 speciali

1269 873 1410 903 faciente
1436 874 1569 912 plenam
1590 875 1621 904 et
1648 883 1845 913 expressam
1875 874 1915 904 de
1941 875 2142 905 inhibitione
2169 875 2283 914 hujus-

1268 926 1358 955 modi
1377 927 1594 963 mentionem,
1620 927 1678 957 sed
1701 927 1759 957 illa
1776 930 1949 966 tamquam
1969 929 2135 958 arrestata
2151 929 2282 959 tamdiu

1269 978 1418 1009 detinere
1444 982 1611 1016 curarent,
1631 980 1734 1010 donec
1753 981 1802 1010 eis
1823 989 1925 1019 super
1943 981 2137 1021 hujusmodi
2158 982 2283 1013 debitis

1268 1034 1299 1062 et
1325 1032 1423 1062 bonis
1448 1033 1649 1063 duceremus
1668 1034 1760 1063 aliud
1787 1034 2041 1073 injungendum,
2062 1043 2126 1065 non
2146 1035 2282 1065 obstan-

1268 1085 1359 1115 tibus
1374 1086 1546 1125 aliquibus
1562 1087 1685 1117 littoris
1704 1087 1902 1125 apostolicis
1919 1097 2021 1127 ¹super
2037 1088 2165 1118 eisdem
2183 1088 2282 1119 bonis

1268 1141 1299 1169 ct
1317 1138 1441 1169 debitis
1468 1140 1508 1169 ad
1536 1148 1766 1178 quoscumque
1791 1140 1923 1178 judices
1950 1141 2141 1179 impetratis
2168 1142 2220 1171 vel
2247 1142 2282 1171 in

1267 1195 1441 1231 posterum
1462 1193 1695 1231 impetrandis,
1717 1193 1781 1222 nisi
1804 1194 1837 1223 in
1856 1194 1983 1224 eisdem
2004 1195 2226 1232 impetrandis
2242 1195 2283 1225 de

1268 1246 1327 1275 hac
1346 1245 1546 1275 inhibitione
1571 1246 1669 1284 plena
1698 1247 1730 1275 et
1757 1254 1919 1284 expressa
1939 1247 2065 1276 mentio
2089 1246 2282 1278 haberetur.

1268 1299 1446 1329 Manifeste
1476 1299 1615 1337 insuper
1636 1299 1849 1337 prediximus
1867 1301 1899 1329 et
1918 1301 2031 1337 aperte
2051 1301 2285 1338 pronuntiavi-

1268 1360 1344 1381 mus
1361 1351 1460 1390 quod,
1482 1351 1547 1381 nisi
1567 1351 1646 1381 dicti
1665 1352 1755 1381 cives
1773 1351 1962 1382 Florentini
1980 1361 2088 1391 usque
2103 1353 2143 1383 ad
2158 1353 2283 1384 festum

1266 1404 1524 1442 Assumptionis
1537 1404 1632 1435 beate
1647 1405 1800 1444 Virginis
1812 1405 1968 1443 proximo
1984 1408 2175 1442 venturum,
2192 1407 2282 1446 quod

1266 1466 1326 1496 pro
1359 1458 1587 1496 peremptorio
1615 1458 1665 1487 eis
1697 1458 1899 1496 prefiximus
1926 1459 2084 1495 termino,
2118 1458 2159 1489 ab
2190 1460 2282 1490 omni

1266 1519 1406 1549 prorsus
1437 1510 1588 1549 ejusdem
1613 1511 1779 1541 Mansredi
1805 1511 1918 1541 favore
1947 1512 2151 1542 desisterent
2178 1514 2209 1542 et
2241 1513 2283 1543 ad

1266 1564 1461 1594 mandatum
1485 1564 1626 1594 ecclesie
1645 1564 1822 1595 lmmiliter
1844 1567 1875 1596 et
1898 1565 2017 1595 devote
2035 1565 2196 1599 redirent,
2221 1574 2284 1596 nos

1266 1617 1505 1647 mandaremus
1530 1626 1571 1647 ex
1598 1620 1676 1648 tunc
1695 1618 1949 1648 venerabilibus
1973 1618 2136 1649 fratribus
2154 1619 2282 1649 nostris

1265 1670 1437 1700 universis
1463 1670 1676 1709 patriarchis,
1699 1671 1964 1710 archiepiscopis
1983 1674 2014 1702 et
2036 1672 2206 1711 episcopis
2231 1681 2283 1702 ce-

1264 1724 1414 1762 terisque
1445 1723 1667 1754 ecclesiarum
1696 1724 1850 1763 prelatis,
1885 1733 2013 1755 necnon
2052 1725 2279 1764 principibus,

1264 1776 1418 1813 ducibus,
1450 1777 1714 1814 marchionibus,
1745 1777 1928 1808 comitibus
1956 1780 1986 1808 et
2017 1777 2213 1815 baronibus,
2244 1787 2282 1809 ac

1264 1830 1502 1869 potestatibus,
1519 1831 1716 1870 capitaneis,
1736 1830 1946 1865 consulibus,
1967 1831 2121 1863 consiliis
2140 1833 2171 1862 et
2195 1840 2283 1862 com-

1264 1883 1425 1914 munibus
1452 1884 1640 1921 civitatum,
1665 1885 1853 1914 castrorum
1885 1884 2098 1923 aliorumque
2128 1884 2280 1915 locorum

1264 1936 1407 1967 ubilibet
1427 1937 1633 1973 constitutis,
1655 1938 1690 1967 ut
1710 1946 1875 1976 personas
1897 1937 2093 1968 eorumdem
2116 1937 2280 1968 Florenti-

1265 1999 1385 2020 norum
1400 1990 1537 2027 civium,
1557 2000 1700 2029 quarum
1716 1990 1977 2020 arrestationem
1994 1992 2072 2020 tunc
2091 1990 2280 2029 apostolica

1264 2043 1471 2082 benignitate
1495 2043 1749 2082 suspendimus,
1768 2052 1897 2073 necnon
1915 2044 1945 2073 et
1964 2043 2052 2073 bona
2074 2043 2226 2082 ipsorum
2244 2043 2278 2073 in

1264 2096 1365 2126 terris
1383 2104 1499 2126 eorum
1518 2096 1668 2126 dominio
1691 2098 1724 2126 et
1743 2096 1975 2134 jurisdictioni
2005 2095 2167 2135 subjectis
2189 2096 2280 2126 exis—

1263 2149 1381 2184 tentia,
1405 2151 1562 2188 caperent
1589 2158 1625 2179 ac
1652 2149 1853 2185 detinerent,
1875 2149 1979 2179 donec
2001 2149 2051 2179 eis
2077 2149 2279 2180 duceremus

1264 2211 1366 2241 super
1385 2202 1445 2233 1100
1462 2204 1616 2233 nostrum
1640 2201 1890 2241 beneplacitum
1910 2203 2148 2236 intimandum,
2172 2205 2203 2233 et
2229 2203 2279 2233 ni-

1263 2255 1467 2286 chilominus
1485 2258 1553 2286 tam
1567 2264 1730 2294 personas
1747 2264 1849 2295 quam
1867 2255 1954 2285 bona
1969 2255 2162 2295 hujusmodi
2176 2264 2278 2295 expo-

1263 2318 1422 2340 neremus
1452 2309 1570 2345 libere,
1605 2310 1673 2339 tam
1705 2309 1792 2348 ipsis
1826 2318 1927 2348 quam
1960 2309 2082 2339 ceteris
2116 2309 2278 2340 fidelibus

1263 2362 1470 2401 occupanti-,13
1502 2364 1533 2393 et
1562 2363 1647 2393 alias
1678 2362 1779 2393 etiam
1811 2362 1851 2392 ad
1880 2362 2028 2398 duriora,
2058 2362 2214 2401 graviora
2246 2364 2280 2393 et

1262 2416 1436 2455 asperiora
1449 2418 1565 2446 contra
1577 2416 1670 2455 ipsos
1685 2417 1717 2446 et
1733 2415 1905 2446 civitatem
1921 2424 2038 2446 eorum
2053 2415 2279 2454 spiritualiter

1262 2471 1294 2500 et
1310 2469 1554 2508 temporaliter,
1583 2471 1681 2508 prout
1705 2469 1858 2508 ipsorum
1882 2469 2054 2507 protervia
2073 2468 2222 2508 exigeret
2244 2470 2277 2499 et

1261 2522 1455 2553 videremus
1484 2523 1682 2562 expediens,
1713 2524 1916 2559 constanter,
1951 2523 2087 2552 auctore
2117 2522 2275 2559 Domino,

1259 2575 1440 2614 procedere
1460 2584 1669 2606 curaremus,

1300 2628 1386 2659 Sane
1403 2628 1521 2659 Dulcis
1539 2630 1570 2659 et
1588 2629 1734 2659 Boldrus
1752 2628 1792 2658 de
1814 2628 1924 2667 Burgo
1943 2630 1972 2659 et
1994 2628 2092 2667 Hugo
2111 2627 2273 2665 Monahfi,

1261 2682 1352 2712 cives
1370 2684 1402 2712 et
1420 2684 1626 2713 mercatores
1643 2681 1846 2717 Florentini‚
1866 2680 1999 2719 reprobi
2019 2690 2141 2712 sensus
2159 2681 2276 2720 damp-

1260 2737 1339 2766 nata
1371 2735 1482 2765 studia
1514 2735 1744 2774 predictorum
1782 2734 2059 2765 l='loi·enti110rum
2095 2733 2275 2772 prudentie

1261 2787 1540 2819 meditationibus
1557 2788 1782 2824 advertentes,
1803 2796 1841 2817 ea
1859 2796 1941 2817 sano
1959 2787 2177 2817 decreverunt
2199 2794 2276 2816 con-

1260 2841 1337 2872 silio
1368 2840 1537 2872 declinare
1565 2850 1602 2871 ac
1631 2841 1740 2871 cidem
1767 2840 1908 2871 ecclesie
1934 2840 1968 2870 in
1995 2840 2053 2870 illo
2081 2840 2275 2870 constanter

1261 2894 1421 2925 adherere
1437 2894 1623 2934 proposito,
1641 2902 1706 2933 quo
1726 2894 1798 2933 ipsa
1817 2902 1877 2933 pro
1895 2893 2090 2924 defensione
2105 2891 2275 2923 libertatis
