2547 3289
222 253 279 282 276

311 335 381 365 547
820 336 942 362 ‹iri-icto.
961 340 977 361 δ’
998 345 1073 362 mars
1089 336 1154 363 1:264

221 482 336 499 vcnscm
352 476 374 497 ct
394 472 586 498 tit—llercnscm
608 479 638 496 ac
658 470 752 504 plures
777 471 847 496 alios
861 472 908 505 qui
929 472 1002 497 circa
1028 472 1224 498 liberationem

220 521 423 555 archicpiscopi
449 519 623 546 coloniensis
646 518 783 545 sollicitos
810 519 944 545 Coloniae
972 520 1156 554 inpenderant
1187 520 1224 546 la-

220 570 312 600 bores,
333 569 449 594 absolvit
476 576 492 594 a
511 567 655 601 praestitis
680 576 729 600 pro
757 569 856 593 codem
880 567 1025 594 liberando
1040 569 1224 602 juramentis.

220 619 296 653 (then.
316 620 359 649 28,
378 617 423 643 sol.
443 618 485 643 siti.
503 625 568 642 ann.
585 616 630 647 111,
646 621 676 642 n⁰
694 617 756 647 1:3th
776 617 919 642 l'oT’ruAST
940 618 1048 649 isola.)

257 758 271 775 «
294 747 475 785 ..episcopo
500 744 669 780 Leodiensi.
693 746 947 776 Coloniensium
970 747 1093 777 civium
1123 748 1224 777 nimis

217 801 386 834 effrenata,
409 799 436 828 si
469 798 573 828 relata
593 799 734 828 veritate
763 799 925 835 nituntur,
954 801 1128 831 temeritas
1159 810 1223 831 non

216 852 326 883 solum
342 851 515 881 fidelitatis
532 850 695 887 debitum,
711 860 776 890 quo
796 877 801 882 .
823 877 828 882 .

972 251 998 279 Η
1006 251 1038 279 Ε(
1049 249 1214 279 ils'l‘l'tEs
1238 247 1451 278 D'L'RBAIN
1476 247 1531 276 IV.

1258 341 1260 386 y
1289 330 1440 360 tionibus
1467 339 1503 359 ac
1528 329 1792 369 obligationibus
1822 330 2013 363 antedictis,
2034 339 2118 369 quas
2136 339 2176 360 ex
2195 331 2299 361 officii

1258 391 1259 405 ¹
1289 383 1396 413 nostri
1411 382 1524 413 debito
1541 392 1716 413 cassamus
1731 385 1761 413 et
1778 383 1906 412 nullius
1922 383 2136 413 decernimus
2152 383 2299 414 existere

258 426 409 458 Epist-opos
434 424 615 450 {leodiensem
637 424 660 447 ct
688 423 942 448 Monafflcriensvm
966 426 990 448 ct
1022 424 1143 449 vomit-:s
1166 423 1226 449 Cle-
1257 434 1258 452 l

1290 436 1473 471 tirmitatis,
1494 444 1706 474 nequaquam
1724 435 1952 472 obstantibus‚
1979 435 2111 466 civibus
2135 445 2299 466 memora-

1256 501 1257 512 *
1288 489 1332 518 tis
1350 491 1464 518 contra
1479 489 1605 519 dictum
1619 488 1910 527 archiepiscopum
1929 489 2090 519 assistere
2110 489 2143 518 in
2159 489 2301 527 premis-

853 852 1107 892 archiepiscopo
1126 856 1157 883 et
1173 863 1223 884 ec·
1255 859 1256 865 ¹

215 905 316 936 clesie
333 904 594 935 Coloniensibus
609 906 777 941 tenentur,
792 905 924 935 cultura
944 914 1009 936 non
1028 907 1142 936 colens
1161 909 1221 937 etc.
1254 911 1255 939 i

214 960 251 989 ut
269 959 302 988 in
319 957 486 996 superiori
506 957 672 996 proxima,
691 957 804 988 verbis
827 961 1055 997 competenter
1071 961 1220 996 mutatis,
1254 970 1255 986 ³

214 1019 320 1050 usque
336 1011 504 1049 captivato
521 1010 583 1041 sub
598 1012 689 1041 certa
706 1011 856 1042 detinere
871 1012 1025 1042 custodia
1048 1021 1222 1052 presump-

214 1066 340 1095 serunt.
362 1066 512 1103 Cumque
528 1063 589 1094 hoc
603 1064 644 1094 ad
658 1066 750 1095 tuam
769 1065 925 1095 notitiam
944 1066 1167 1104 pervenisset,
1187 1067 1222 1096 tu

213 1118 254 1148 ad
273 1117 415 1148 eundem
442 1117 745 1156 archiepiscopum,
777 1119 1077 1157 metropolitanum
1113 1121 1219 1155 tuum,

212 1179 332 1209 gerens
348 1169 458 1200 debite
472 1170 720 1208 compassionis
745 1171 914 1207 affectum,
935 1173 966 1201 te
984 1172 1219 1210 personaliten

212 1224 301 1254 sicut
320 1223 522 1262 accepimus,
539 1223 714 1253 Coloniam
733 1224 953 1261 transtulisti,
973 1227 1003 1255 et
1022 1225 1068 1255 ibi
1085 1234 1219 1256 venera-

211 1277 273 1307 bili
291 1276 393 1307 fratre
411 1278 524 1306 nostro
542 1299 548 1305 .
570 1299 590 1313 .‚
610 1277 869 1307 Monasteriensi
887 1278 1056 1317 episcopo,
1078 1288 1115 1309 ac
1131 1279 1221 1309 nobi-

211 1330 302 1361 libus
319 1330 402 1360 viris
421 1354 426 1359 .
450 1355 468 1366 .‚
484 1330 650 1364 Clevensi,
670 1332 713 1361 et.
735 1355 754 1367 .‚
768 1331 957 1361 Gellerensi
975 1332 1168 1365 vomitibus,
1185 1342 1221 1363 ac
1250 1354 1251 1374 i

1250 1380 1251 1428 ζ
1283 1395 1357 1416 rum
1393 1388 1578 1416 conventus
1607 1387 1806 1416 monasterii
1841 1386 2026 1416 Grecorum
2064 1396 2089 1415 s.
2122 1386 2228 1416 Marie
2257 1385 2297 1416 de

210 1383 368 1422 pluribus
385 1383 462 1412 aliis
488 1383 690 1419 convocatis,
709 1384 796 1414 circa
814 1384 1049 1414 liberationem
1070 1386 1218 1423 ejusdem

212 1436 456 1474 archiepiscopi
474 1445 540 1466 una
558 1445 632 1466 cum
650 1437 698 1466 eis
723 1437 890 1467 sollicitos
916 1438 1112 1475 impendisti
1133 1438 1219 1468 labo-

210 1498 277 1519 res.
296 1490 422 1519 Verum
442 1489 695 1519 malefactorum
715 1489 858 1519 durities
873 1491 913 1520 ad
932 1491 1076 1521 eundem
1095 1492 1220 1522 archie-

209 1542 384 1581 piscopum
406 1541 629 1577 liberandum,
651 1542 823 1580 aliquibus
841 1544 1121 1581 persuasionibus
1139 1545 1219 1575 mol-

209 1595 263 1625 liri
290 1595 341 1625 vel
376 1594 533 1624 inclinari
565 1603 630 1624 non
660 1595 779 1633 potuit,
813 1596 917 1626 donec
944 1597 1218 1636 archiepiscopus

208 1648 280 1685 ipse
303 1648 451 1686 prestitit¹
477 1647 697 1686 corporaliter
721 1648 964 1686 juramentum,
996 1651 1084 1688 quod
1118 1660 1219 1690 super
1248 1673 1249 1679 ,

207 1700 285 1737 hiis,
312 1709 370 1738 per
395 1709 429 1730 se
455 1700 508 1730 vel
532 1709 592 1739 per
615 1701 731 1736 alium,
757 1702 928 1740 querelam
952 1712 1016 1732 non
1036 1703 1219 1742 deponeret

209 1755 324 1784 contra
338 1762 407 1790 eos,
427 1762 487 1783 nec
507 1753 547 1783 ob
564 1753 597 1783 id
621 1753 758 1792 aliquod
777 1755 862 1793 ipsis
878 1764 1056 1794 gravamen
1080 1757 1218 1787 inferret

208 1807 260 1836 vel
281 1808 475 1845 procuraret
499 1807 628 1841 inferri,
648 1807 837 1845 quinimmo
866 1818 925 1846 pro
949 1809 1100 1848 ipsorum
1123 1810 1218 1840 abso-

208 1859 335 1890 lutione
353 1860 497 1890 fideliter
518 1859 696 1890 laboraret.
716 1861 761 1891 Te
778 1870 911 1900 quoque
929 1862 1170 1893 nichilominus
1186 1865 1216 1894 et

208 1913 404 1951 episcopum
421 1921 458 1942 ac
474 1912 605 1943 nobiles
632 1913 803 1952 predictos
822 1917 853 1944 et
875 1915 961 1945 alios
986 1917 1146 1954 oportuit,
1164 1926 1216 1946 ur-

207 1968 303 2003 gente
324 1966 515 2005 hujiismodi
543 1967 756 2002 necessitate,
772 1968 885 2005 jurare
901 1969 1000 2007 quod,
1019 1970 1045 1998 si
1067 1970 1216 2007 prefatus

1288 542 1336 571 sis
1354 542 1493 572 minime
1519 542 1715 575 teneamini,
1737 542 1946 579 presentium
1977 542 2176 572 auctoritate
2206 541 2301 571 duxi-

1287 604 1363 625 mus
1386 595 1621 631 absolvendos,
1651 595 1892 625 nichilominus
1918 594 1979 624 tibi
2005 597 2037 625 et
2063 595 2191 625 eisdem
2213 595 2298 633 epis-

1286 657 1368 687 copo
1400 658 1436 678 ac
1473 648 1660 681 nobilibus,
1699 647 1760 677 sub
1798 656 1883 685 pena
1915 648 2296 683 excommunicationis,

1287 706 1475 736 districtius
1507 705 1698 735 inhibentes
1728 714 1767 735 ne
1800 704 1931 735 civibus
1958 705 2044 743 ipsis
2068 706 2101 735 in
2120 705 2300 744 premissis

1287 759 1543 798 quomodolibet
1575 759 1737 788 assistere
1768 759 1988 797 presumatis.
2020 759 2144 789 Datum
2180 761 2213 788 ut
2247 767 2300 788 su-

1287 817 1355 846 pra.
1375 817 1392 837 »

1374 1002 1447 1032 548
1887 999 2011 1028 Orvieto,
2030 1000 2046 1025 2
2064 999 2121 1025 mai
2145 998 2225 1026 1204.

1320 1084 1458 1119 Episcopo
1483 1086 1662 1119 Syracusano
1692 1085 1810 1111 mandat
1835 1086 1875 1114 ut,
1905 1083 2089 1118 inquisitione
2115 1082 2294 1117 praehabita,

1284 1133 1454 1160 electionem
1472 1134 1507 1160 (le
1525 1133 1611 1159 fratre
1629 1133 1721 1159 Marco
1737 1133 1763 1158 in
1778 1133 1912 1159 abbatem
1933 1131 2100 1158 monasterii
2121 1132 2295 1158 Graecorum

1284 1192 1306 1207 s.
1323 1182 1426 1208 Mariae
1447 1183 1481 1208 de
1501 1183 1587 1208 (lari-a
1608 1181 1726 1207 sartam.
1744 1181 1897 1208 confirmet
1911 1181 2062 1214 «eidemque
2081 1180 2174 1207 eleeto
2190 1187 2294 1206 munus

1284 1231 1492 1257 benedictionis
1511 1231 1667 1264 impendat.
1688 1230 1769 1263 (linc.
1786 1230 1830 1261 28,
1852 1229 1900 1255 fol.
1920 1230 1954 1255 46
1974 1234 2013 1255 v0.
2036 1237 2102 1255 ann.
2118 1228 2164 1261 111,
2182 1234 2210 1254 n⁶
2226 1229 2299 1260 151.)

1323 1344 1338 1362 «
1361 1358 1365 1362 .
1384 1358 1388 1362 .
1415 1335 1556 1373 episcopo
1580 1333 1787 1373 Syracusano.
1809 1334 1858 1363 Ex
1879 1336 1974 1371 parte
1993 1333 2194 1363 dilectorum
2213 1332 2301 1362 filio-

1282 1441 1397 1473 Carra,
1425 1439 1465 1469 ad
1491 1448 1551 1469 nos
1576 1442 1607 1470 et
1640 1440 1827 1470 Romanam
1859 1439 2036 1469 ecclesiam
2064 1439 2156 1469 nullo
2186 1438 2296 1469 medio

1249 1500 1251 1516 ι’
1281 1493 1496 1530 pertinentis,
1512 1493 1774 1522 Neocastrensis
1794 1493 1952 1528 diocesis,
1971 1492 2033 1523 fuit
2048 1491 2146 1522 nobis
2161 1492 2297 1522 bumili-

1280 1547 1331 1575 ter
1353 1545 1593 1584 supplicatum,
1627 1549 1673 1581 ut,
1706 1554 1780 1575 cum
1801 1546 1882 1575 olim
1914 1546 2064 1584 predicto
2089 1545 2296 1575 monasterio

1280 1599 1427 1636 pastoris
1455 1599 1577 1628 solatio
1602 1599 1776 1631 destituto,
1803 1599 1881 1637 ipsi,
1903 1599 2031 1628 vocatis
2053 1598 2210 1628 omnibus
2237 1598 2295 1637 qui

1280 1651 1663 1686 voluerunt,debuerunt
1685 1654 1715 1681 et
1732 1654 1912 1690 potuerunt
1926 1652 2100 1681 commode
2117 1652 2294 1687 interesse,

1279 1705 1333 1734 die
1352 1705 1393 1735 ad
1414 1705 1607 1743 eligendum
1627 1705 1768 1743 prefixa,
1788 1705 2024 1735 convenientes
2051 1705 2084 1734 in
2108 1713 2225 1740 unum,
2247 1703 2296 1733 di-

1280 1758 1403 1788 lectum
1441 1758 1549 1788 filium
1580 1758 1718 1788 fratrem
1751 1758 1913 1793 Marcum,
1947 1758 2056 1796 ipsius
2096 1756 2295 1788 monasterii

1281 1811 1491 1846 monachum,
1513 1811 1622 1840 virum
1650 1811 1777 1849 utiquc,
1799 1814 1831 1841 ut
1859 1813 2028 1847 asserunt,
2051 1813 2145 1841 tanto
2174 1811 2293 1841 honori

1246 1872 1248 1885 ³
1278 1866 1309 1894 et
1329 1864 1421 1894 oneri
1447 1866 1699 1902 congruentem.
1727 1865 1758 1893 in
1783 1863 1937 1894 abbatem
1956 1865 2065 1902 ipsius
2094 1863 2292 1894 monasterii

1247 1908 1248 1911 Ἰ
1278 1917 1488 1947 concorditer
1498 1917 1655 1946 duxerint
1670 1917 2082 1955 eligendum.confirmare
2092 1917 2292 1947 electionem

1246 1962 1247 2003 J
1279 1970 1470 2007 hujusmodi
1490 1970 1529 1999 de
1555 1969 1761 2007 benignitate
1789 1970 1887 2000 solita
1914 1979 2121 2000 curaremus.
2143 1970 2213 2000 Nos
2231 1970 2296 2008 igi-

207 2019 480 2057 archiepiscopus
506 2027 555 2053 ea,
581 2028 644 2057 que
672 2020 886 2057 jurejurando
912 2022 1125 2059 promiserat,
1151 2032 1215 2053 non
1246 2046 1247 2053 1

207 2073 367 2105 servaret,
390 2080 448 2101 vos
473 2073 587 2101 contra
609 2073 720 2110 ipsum
747 2073 873 2102 eisdem
901 2074 1032 2104 civibus
1057 2078 1135 2105 totis
1165 2085 1216 2105 as·
1245 2078 1247 2097 t

208 2126 328 2155 sistere
343 2124 472 2154 viribus
488 2124 668 2159 deberetis,
688 2134 747 2154 vos
776 2126 814 2155 ad
835 2126 866 2156 id
891 2135 949 2164 per
970 2130 1121 2165 patentes
1145 2138 1217 2158 ves-

206 2179 276 2208 tras
306 2177 437 2208 litteras
469 2178 501 2207 et
523 2177 696 2207 cautiones
727 2178 811 2208 alias
835 2178 1031 2217 obligaudo3
1053 2181 1093 2210 ad
1127 2183 1215 2220 quod

206 2230 357 2268 prefatus
383 2230 539 2260 dominus
558 2230 597 2260 de
620 2231 844 2270 Falkemberg
862 2241 896 2262 se
913 2233 1036 2263 dicitur
1055 2234 1216 2265 similiter

207 2282 386 2322 obligasse.
408 2283 478 2313 Nos
497 2283 610 2321 igitur.
631 2285 687 2322 qui
719 2284 858 2314 fratrum
878 2287 909 2315 et
937 2287 1213 2325 coepiscoporum

205 2338 397 2366 nostrorum
425 2336 570 2366 offensas
593 2338 669 2372 etc„
694 2346 801 2376 usque
831 2337 1085 2370 absolvendum.
1106 2340 1213 2375 Unde,

204 2398 279 2419 cum
311 2389 421 2419 eidem
451 2389 704 2428 archiepiscopo
734 2391 774 2420 ad
798 2391 855 2429 jus
878 2391 1071 2429 hujusmodi
1100 2403 1213 2432 prose-

204 2442 491 2481 quendum,juxta
506 2443 728 2481 prescriptam
739 2443 895 2481 sormam,
907 2446 1087 2484 procedere
1101 2447 1212 2483 liceat,

204 2496 341 2534 propter
360 2496 447 2533 quod
479 2495 549 2525 sore
571 2497 702 2526 constat
721 2496 891 2534 illicitum,
925 2498 953 2527 si
983 2498 1097 2529 forsan
1116 2501 1152 2530 tu
1181 2502 1212 2531 et

204 2548 345 2586 predicti
365 2551 542 2587 episcopus
557 2550 589 2579 et
605 2549 748 2585 nobiles,
762 2553 917 2588 pretextu
930 2553 1127 2590 juramenti,
1139 2562 1213 2584 cau-

203 2602 333 2631 tionum
352 2603 383 2631 ct
399 2601 642 2640 obligationum
663 2611 765 2641 super
792 2603 852 2634 hoc
877 2605 1098 2642 prestitorum
1121 2616 1139 2637 a
1157 2616 1210 2638 vo-

202 2652 267 2687 bis,
286 2654 494 2684 assisteretis
523 2656 718 2686 memoratis
743 2657 919 2696 sacrilegis
943 2661 1058 2689 contra
1085 2659 1211 2690 dictum

205 2706 502 2745 arcliie11›isc‹›puin,
526 2708 582 2745 jus
612 2708 806 2747 hujusmodi
832 2713 1105 2750 prosequentem,
1136 2722 1209 2750 nOS,

203 2759 354 2789 volentes
385 2763 565 2790 memorato
587 2761 782 2792 Coloniensi
805 2764 945 2794 ecclesie
964 2766 1158 2803 specialiter
1174 2776 1211 2797 ac

203 2811 299 2842 vobis
316 2811 556 2843 nichilominus
580 2814 707 2845 salubri
737 2824 838 2854 super
859 2817 919 2847 hoc
937 2819 1080 2849 consilio
1100 2821 1209 2857 provi-

203 2865 292 2901 dere,
318 2867 349 2895 te
375 2874 412 2895 ac
433 2866 627 2904 episcopum
653 2870 681 2897 ct
709 2868 840 2899 nobiles
864 2871 1012 2909 prefatos
1044 2881 1060 2901 a
1080 2873 1209 2911 predic-

202 2918 246 2948 tis
260 2918 475 2957 juramentis,
495 2927 552 2957 pcr
572 2928 629 2949 vos
646 2922 809 2958 prestitis,
825 2926 857 2953 ut
873 2924 923 2954 eis
939 2933 1066 2955 necnon
1085 2929 1113 2956 et
1134 2935 1208 2956 cau-

1278 2025 1342 2057 tur.
1359 2023 1570 2052 attendentes
1591 2023 1679 2060 quod
1702 2022 1744 2051 ab
1759 2023 1839 2052 olim
1860 2031 1918 2060 per
1936 2022 2049 2052 sedem
2071 2023 2292 2061 apostolicam

1277 2076 1478 2113 generaliter
1503 2075 1683 2105 inhibitum
1708 2076 1819 2105 extitit
1839 2076 2007 2105 universis
2031 2076 2201 2114 capitulis,
2227 2075 2294 2105 col-

1278 2129 1375 2165 legiis
1411 2131 1441 2158 et
1476 2129 1693 2159 conventibus
1727 2129 1945 2158 ecclesiarum
1985 2129 2228 2159 cathedralium
2260 2130 2293 2159 et

1279 2182 1560 2211 monasteriorum
1597 2184 1831 2220 exemptorum
1872 2182 1965 2220 regui
2004 2182 2134 2215 Sicilie,
2169 2191 2210 2212 ne
2249 2182 2291 2212 ad

1278 2235 1521 2273 providendum
1560 2235 1644 2273 ipsis
1685 2235 1839 2265 ecclesiis
1873 2238 1903 2265 et
1949 2236 2176 2271 monasteriis,
2214 2244 2290 2266 cum

1277 2290 1444 2323 vacarent,
1475 2288 1654 2326 procedere
1686 2288 1922 2326 quoquomodo
1952 2291 2197 2326 presumerent,
2218 2289 2291 2319 sine

1277 2340 1386 2379 ipsius
1405 2341 1496 2370 sedis
1513 2341 1670 2370 mandato
1686 2342 1716 2370 et
1735 2340 1870 2370 licentia
1891 2341 2042 2379 speciali,
2063 2341 2205 2371 faciente
2221 2341 2290 2380 ple-

1276 2402 1351 2423 nam
1381 2396 1410 2423 et
1430 2402 1627 2432 expressam
1647 2393 1686 2423 de
1710 2394 1910 2424 inhibitione
1935 2394 2129 2433 hujusmodi
2151 2394 2291 2425 mentio-

1276 2457 1363 2482 nem,
1385 2448 1586 2478 fraternitati
1604 2450 1661 2478 tue
1681 2449 1883 2478 mandamus
1903 2451 2070 2487 quatenus
2088 2449 2287 2479 electionem

1274 2501 1477 2540 hujusmodi,
1509 2503 1622 2539 utpote
1649 2503 1764 2531 contra
1792 2503 1942 2531 tenorem
1973 2501 2185 2532 inhibitionis
2214 2510 2289 2540 pre-

1274 2554 1361 2584 dicte
1379 2556 1623 2593 presumptam,
1651 2555 1850 2585 auctoritate
1870 2557 1986 2585 nostra
2005 2564 2138 2585 cassare
2162 2557 2194 2586 et
2213 2555 2288 2585 irri-

1274 2610 1355 2642 tare,
1375 2607 1478 2637 immo
1499 2608 1612 2646 potius
1636 2616 1767 2637 cassam
1785 2610 1815 2638 et
1846 2608 1976 2638 irritam
1996 2608 2152 2639 nuntiare
2169 2617 2287 2647 procu-

1274 2670 1338 2691 res.
1358 2661 1495 2690 Verum.
1518 2661 1608 2699 quia,
1628 2661 1713 2690 sicut
1735 2661 1979 2696 intelleximus,
1997 2662 2084 2691 idem
2105 2661 2288 2691 monachus

1273 2722 1333 2753 pro
1357 2714 1546 2748 devotione,
1567 2723 1666 2752 quam
1691 2714 1731 2743 ad
1760 2715 1947 2745 Romanam
1977 2715 2061 2753 gerit
2094 2715 2285 2750 ecclesiam,

1273 2767 1528 2805 persecutiones
1544 2767 1751 2806 multiplices
1771 2767 1922 2806 pertulit,
1939 2770 1969 2798 et
1986 2768 2071 2798 alias
2089 2767 2187 2798 homo
2199 2767 2286 2797 bone

1273 2820 1341 2850 vite
1368 2829 1403 2850 ac
1433 2820 1571 2850 honeste
1591 2821 1859 2850 conversationis
1883 2821 2012 2857 existit,
2038 2821 2194 2860 quodque
2219 2820 2285 2859 ipsi

1274 2874 1491 2907 monasterio,
1510 2874 1537 2903 si
1558 2874 1586 2903 ei
1604 2874 1644 2903 de
1663 2874 1734 2912 ipso
1751 2874 1925 2912 provisum
1943 2874 2054 2908 fuerit,
2075 2874 2181 2904 multa
2199 2873 2285 2904 bona

1273 2926 1499 2966 spiritualiter
1517 2929 1545 2957 et
1567 2926 1799 2965 temporaliter
1824 2929 1979 2965 poterunt
1998 2927 2186 2966 provenire,
2212 2935 2285 2962 nos,
