2547 3289
1034 230 1273 269 'ri-:OffiIEME
1296 229 1457 266 ANNEE.
2227 233 2281 261 33¹

206 325 329 363 piendo
351 324 553 354 mandamus
571 324 731 362 quatinus
758 323 799 353 ad
824 322 1066 353 monasterium
1093 322 1215 360 ipsum,

208 378 237 408 si
254 377 415 416 permissi
434 377 579 413 fueritis,
599 376 825 415 personaliter
842 375 1048 410 accedentes,
1069 375 1217 413 alioquin

207 430 383 470 proposito
401 431 434 460 in
451 430 594 460 ecclesia
613 429 794 468 Heginensi
816 437 927 458 coram
946 428 1069 466 populo
1089 427 1219 466 publice

209 483 380 513 citationis
399 483 518 517 edicto,
546 482 713 520 prefatum
736 481 891 512 abbatem
918 482 957 510 ad
981 483 1126 510 vestram
1149 489 1220 518 prc-

209 536 353 567 sentiam
377 537 564 569 evocantes,
589 535 770 574 inquiratis
789 536 904 564 contra
921 534 1032 572 ipsum
1051 533 1218 565 abbatem.

209 589 280 619 sive
302 589 431 619 venerit
453 589 524 618 sive
546 597 624 622 non,
648 596 750 626 super
767 587 950 617 eorundem
970 586 1162 616 nuntiorum
1189 587 1221 615 et

209 642 380 672 santorum
411 641 614 679 receptione,
644 641 904 678 participatione
937 650 988 669 ac>
1008 640 1119 668 favore
1149 647 1221 676 pre·
1252 662 1254 672 ,

209 694 320 730 dictis,
337 694 376 724 de
393 694 493 732 plano
509 695 539 723 et
554 693 626 723 sine
639 693 843 731 judiciorum
858 692 1012 730 strepitu,
1028 692 1219 725 veritatonig

208 747 472 777 contradictores
496 755 554 784 per
580 754 757 775 censuram
780 745 1056 776 01το1051351103111ξ
1076 743 1222 782 311110113-

208 800 299 829 110110
318 799 518 837 postposita‚
538 798 793 836 compescendo,
817 798 849 827 et
872 797 1026 826 invocato
1041 797 1081 826 ad
1100 796 1172 830 boc,
1193 796 1221 825 si

209 860 293 889 opus
317 851 429 884 fuerit,
449 851 577 880 auxilio
601 850 729 880 brachii
750 850 930 884 secularisg
955 851 986 878 et
1007 858 1070 887 que
1089 849 1221 878 invene-

196 904 296 947 Ἠ11113,
313 903 410 933 nobis
430 912 488 942 per
514 905 656 935 vestras,
676 903 820 938 litteras,
840 903 992 932 tenorem
1010 901 1221 939 presentium

206 956 430 992 continentes,
460 955 661 994 quantocius
687 954 942 989 transmittatis,
962 954 1092 992 pretixo
1111 954 1221 983 eidem

207 1008 335 1045 abbati,
357 1008 456 1047 juxta
473 1008 680 1047 premissum
704 1008 852 1042 modum,
870 1007 1015 1037 termino
1034 1008 1223 1044 perempto-

207 1062 257 1092 rio
274 1062 488 1100 competenti,
509 1070 574 1100 quo
594 1069 630 1091 se
647 1061 833 1100 apostolico
853 1059 1045 1098 conspectui
1063 1068 1222 1097 persona-

206 1115 287 1145 liter
303 1117 523 1153 representet,
541 1123 600 1153 pro
619 1114 750 1144 meritis
763 1114 972 1152 recepturus.
993 1112 1092 1142 Diem
1109 1113 1222 1142 autem

209 1168 411 1206 prefixionis
427 1167 623 1206 hujusmodi
642 1167 739 1197 nobis
754 1175 812 1205 per
829 1166 965 1196 easdem
984 1167 1115 1195 vestras
1134 1165 1221 1194 litte-

209 1230 265 1252 ras
281 1221 458 1251 intimetis.
473 1221 547 1251 Non
564 1220 719 1250 obstante
733 1219 943 1259 indulgentia
957 1219 1038 1248 dicte
1056 1218 1146 1248 sedis
1162 1226 1222 1256 per

208 1283 310 1313 quam
332 1273 496 1304 fratribus
517 1274 673 1303 ordinum
696 1274 886 1303 vestrorum
910 1272 1033 1302 dicitur
1055 1280 1129 1301 esse
1148 1279 1222 1300 con-

209 1335 355 1364 cessum,
367 1329 403 1357 ut
420 1327 542 1365 exequi
557 1327 691 1366 negotia
702 1326 842 1356 minime
854 1327 1044 1360 teneantur,
1056 1333 1119 1363 que
1135 1324 1221 1363 ipsis

209 1389 228 1410 a
243 1380 321 1410 sede
337 1380 594 1410 committuntur
611 1380 739 1410 eadem.
760 1380 884 1410 Datum
900 1378 988 1417 apud
1004 1377 1221 1408 Urbemvete-

208 1442 291 1468 rem,
312 1443 332 1462 11
350 1441 456 1463 nonas
477 1432 678 1469 decembris,
698 1432 869 1462 ann01110.
892 1443 906 1457 »

705 1585 829 1616 Orvicto,
845 1585 879 1612 27
895 1584 1050 1611 novembre
1071 1584 1148 1611 1203.

299 1587 372 1618 739

244 1670 383 1705 Episcopo
406 1669 557 1704 Anagnino
581 1670 699 1696 mandat
718 1669 821 1703 quibus
841 1667 1051 1695 conditionibus
1073 1667 1221 1698 Mathiani,

208 1719 301 1745 civem
314 1718 511 1753 Anagninum,
526 1717 657 1752 Gregorii
671 1725 760 1752 papae
776 1718 810 1744 ix
825 1720 970 1751 nepotem,-
985 1720 1009 1743 et
1024 1717 1117 1743 socios
1128 1724 1144 1742 a
1160 1724 1222 1741 scn-

207 1767 299 1794 tentia
314 1766 622 1794 excommunicationis
639 1766 785 1793 absolvere
798 1766 903 1793 valeat.
921 1766 999 1800 (Iti-zo.
1012 1766 1057 1798 28,
1072 1765 1119 1791 fol.
1133 1766 1167 1792 &5
1182 1770 1221 1797 νο,

207 1824 268 1843 cur.
284 1824 350 1843 anni
369 1816 416 1847 111,
433 1822 462 1842 11ο
479 1817 538 1848 25.)

249 1931 264 1950 (1
291 1946 321 1951 ..
343 1921 481 1961 episcopo
507 1920 684 1959 Anaqne'no.
702 1913 892 1950 ⁴Credimus
917 1922 1009 1949 tuam
1035 1928 1101 1948 11011
1119 1919 1221 1950 latere

206 1975 365 2004 notitiam
382 1973 528 2012 qualiter
551 1973 632 2003 olim
650 1981 848 2011 processum
870 1972 981 2002 extitit
999 1973 1113 2002 contra
1131 1972 1222 2002 nobi-

205 2027 274 2057 lem
288 2029 398 2057 virum
416 2026 591 2061 Mathizrm,
609 2026 717 2056 civem
734 2025 963 2064 Anagninum,
985 2025 1095 2055 felicis
1113 2034 1220 2055 recor-

205 2080 354 2111 dationis
367 2079 521 2118 Gregorii
535 2088 632 2118 pape,
647 2079 899 2118 predecessoris
916 2079 1036 2114 nostri,
1052 2081 1220 2117 nepotem,

205 2135 344 2173 propter
361 2133 524 2163 offensam
543 2141 644 2171 quam
670 2133 834 2162 hactenus
849 2132 884 2162 in
902 2132 1004 2162 castri
1019 2132 1222 2162 Frusinonis

206 2186 468 2225 depopulatione
497 2185 681 2216 commisit.
700 2185 877 2216 Intellecto
897 2185 999 2224 igitur
1017 2185 1107 2224 quod
1128 2187 1163 2215 tu
1181 2185 1221 2215 ob

206 2240 242 2270 id
267 2239 308 2270 ab
333 2240 451 2270 eodem
477 2239 583 2269 nobili
608 2240 751 2278 pignora
775 2239 1038 2277 quingentarum
1056 2238 1222 2268 librarum

206 2301 395 2331 receperas,
427 2301 488 2322 nos
515 2292 578 2322 tibi
601 2292 757 2322 dedimus
776 2292 902 2322 nostris
927 2292 1053 2322 litteris
1070 2292 1104 2321 in
1129 2301 1221 2322 man-

207 2345 307 2382 datis,
326 2347 374 2382 ut,
393 2345 460 2375 nisi
478 2345 589 2375 dictus
607 2346 650 2375 M.
672 2345 779 2375 adhuc
798 2345 943 2375 aliarum
960 2345 1222 2384 quingentarum

206 2398 373 2429 librarum
391 2398 544 2437 pignora,
561 2399 594 2428 et
610 2397 853 2428 nichilominus
876 2398 910 2427 in
927 2398 1021 2428 mille
1045 2397 1143 2428 libris
1159 2397 1222 2427 tibi

207 2460 222 2482 c
236 2452 398 2482 iunonem
408 2451 658 2489 fidejussoriam
666 2450 851 2486 exhiberet,
860 2450 974 2489 ipsum
984 2453 1013 2481 et
1025 2450 1219 2493 nonnullos,

207 2505 266 2543 qui
291 2513 405 2535 secum
437 2504 574 2534 fuerunt
599 2504 634 2534 in
661 2504 922 2542 depopulatione
951 2504 1115 2542 predicta,
1146 2512 1221 2534 cum

207 2557 334 2587 fuerint
358 2558 496 2596 propter
514 2557 575 2587 hoc
605 2556 968 2587 excommunicationis
989 2557 1156 2587 sententia
1174 2556 1222 2586 in-

207 2610 334 2644 nodati,
363 2610 676 2640 excommunicatos
698 2609 832 2648 publice
858 2610 1046 2640 nuntiares.
1075 2610 1117 2640 Et
1143 2610 1222 2648 quia

207 2663 299 2694 idem
311 2663 437 2693 nobilis
449 2663 609 2693 exhibere
624 2663 765 2702 pignora
777 2664 809 2693 et
825 2663 1016 2693 cautionem
1027 2662 1221 2701 hujusmodi

207 2726 275 2747 non
298 2717 440 2753 curavit,
462 2718 499 2746 tu
526 2717 654 2746 01111101
682 2715 781 2751 alios,
804 2716 903 2754 juxta
930 2716 1125 2746 mandatum
1146 2724 1222 2745 nos·

207 2772 311 2805 trum,
324 2769 636 2800 excommunicatos
654 2768 788 2807 publice
803 2769 978 2799 nuntiasti.
991 2769 1130 2804 Verum,
1142 2768 1222 2807 quia

208 2823 361 2862 prefatus
386 2822 523 2858 nobilis,
545 2822 633 2852 sicut
659 2822 861 2861 accepimus,
885 2830 986 2860 super
1009 2821 1075 2851 hiis
1095 2822 1222 2851 nostris

209 2878 242 2906 et
259 2875 400 2906 ecclesie
419 2876 571 2906 Romane
587 2875 757 2905 desiderat
773 2883 891 2913 parere
905 2874 1087 2910 mandatis,
1104 2874 1222 2904 frater-

210 2929 307 2959 nitati
325 2931 382 2959 tue
401 2928 602 2958 mandamus
621 2928 793 2967 quatinus,
814 2928 842 2957 si
861 2927 971 2957 Lucas
989 2927 1097 2957 donne
1115 2927 1222 2957 'sode-

1251 331 1252 337 ¹
1281 329 1395 355 rannc,
1411 320 1490 349 olim
1513 319 1621 349 felicis
1638 318 1879 349 recordationis
1899 316 2081 346 Alexandri
2101 325 2195 354 pap-2
2216 325 2287 353 pre-

1281 372 1468 402 decessoris
1484 372 1602 405 005111,
1624 371 1814 405 familiaris,
1833 369 2003 399 Nichoaus
2022 368 2285 402 .x1*(·l1illo1ii.<‚‹=t

1251 443 1252 446 =
1281 425 1408 455 Paulus
1437 424 1614 462 Seniorilis
1647 425 1850 453 mercatores
1880 422 2029 451 confiteri
2059 421 2222 450 voluerint
2253 430 2287 449 se

1282 478 1402 507 habore
1428 477 1468 507 ab
1499 478 1614 507 eodeni
1639 477 1682 506 M.
1714 476 1913 514 quingentas
1940 474 2044 504 libras
2073 474 2286 503 denariorum

1283 533 1418 561 senatus
1444 530 1494 559 vel
1521 530 1659 568 pignora
1677 529 1935 567 quingentarum
1963 527 2138 562 librarum,
2158 528 2189 556 et
2217 526 2284 559 illa,

1252 603 1253 609 ,
1282 585 1398 613 nostro
1417 586 1444 612 et
1473 583 1623 621 ejusd-[2111
1642 582 1783 611 ecclesie
1809 581 1954 611 1101111110.
1975 581 2129 610 rotun-ro,
2151 591 2187 608 ac
2205 579 2288 609 obli-

1282 645 1359 675 gare
1380 646 1414 665 sc
1436 635 1659 674 personaliter
1674 635 1763 673 qnod
1780 635 1837 664 illa
1855 634 1951 663 nobis·
1968 642 2025 662 svn
2043 632 2158 662 nuntio
2175 634 2289 662 nostro

1283 689 1469 718 liberaliter
1495 687 1712 722 exhibebunt,
1729 687 1994 726 quandocunque
2022 686 2061 715 de
2086 687 2289 722 0001101110-

1283 742 1419 771 cesserit
1448 741 1658 779 beneplacito
1684 740 1880 769 voluntatis.
1902 740 1946 768 ita
1966 739 2065 777 quod,
2087 739 2289 776 computatis

1283 794 1493 831 pignoribus,
1511 803 1573 832 que
1592 796 1625 823 tu
1642 792 1764 822 habere
1780 792 1913 827 diceris,
1931 801 2004 821 cnm
2022 791 2099 820 aliis·
2119 791 2288 829 predictis,

1283 847 1423 885 pignora
1450 846 1542 875 mille
1571 845 1733 875 librarum
1763 845 1920 880 existanty
1949 847 1976 873 ct
2002 844 2087 873 :ilias
2112 844 2221 872 dictus
2245 844 2289 873 M.

1283 899 1473 928 cautionem
1492 898 1737 937 fidejussoriam
1766 898 1797 926 in
1823 897 1915 926 mille
1941 896 2036 926 libris
2061 896 2133 926 tibi.
2157 897 2290 926 nomine

1284 954 1410 981 nostro.
1430 952 1565 981 duxerit
1584 951 1819 985 exhibendam,
1837 952 1871 979 tu
1889 950 2031 979 eiindoni
2052 950 2095 978 M.
2115 951 2144 977 et
2165 949 2292 977 nobiles

1283 1004 1375 1033 viros
1393 1004 1611 1034 Thomasium
1628 1005 1657 1033 et
1676 1003 1892 1033 Balduinum,
1917 1002 2071 1031 dominos
2090 1001 2129 1029 de
2152 1002 2289 1038 supino,

1284 1065 1319 1086 ac.
1351 1065 1467 1086 omnes
1490 1057 1587 1086 alios.
1607 1058 1675 1085 tam
1702 1055 1896 1094 Anagninos
1923 1063 2021 1092 quam
2048 1054 2291 1089 Ferentinates,

1284 1109 1340 1148 qui
1361 1109 1401 1139 ob
1420 1110 1453 1139 id
1472 1108 1755 1139 excommunicati
1770 1108 1904 1137 fuerunt
1924 1116 1960 1137 ac
1978 1107 2164 1136 denuntiati
2185 1116 2241 1144 per
2261 1110 2292 1137 te

1284 1171 1343 1192 seu
1367 1171 1424 1200 per
1450 1161 1678 1191 venerabilem
1700 1161 1839 1190 fratrem
1867 1162 2019 1189 nostrum
2042 1183 2046 1187 .
2068 1183 2072 1188 .
2097 1160 2293 1198 epis‹·=:·11›um

1284 1215 1547 1250 Ferentinatem,
1565 1213 1606 1244 ab
1622 1214 1739 1244 eadem
1756 1213 1920 1243 sententia
1936 1222 1993 1250 per
2006 1214 2036 1242 te
2053 1212 2103 1241 vel
2122 1221 2178 1250 per
2189 1212 2293 1241 alium

1284 1267 1452 1303 absolvas,
1469 1268 1567 1305 juxta
1594 1268 1736 1297 sormam
1755 1266 1894 1296 ecclesie
1915 1267 2121 1295 consuetam.
2142 1266 2187 1294 ita
2205 1265 2294 1303 quod

1282 1323 1433 1360 prestent
1463 1321 1497 1350 in
1527 1321 1698 1359 presentia
1727 1323 1782 1351 tua
1806 1319 2027 1357 corporaliter
2048 1320 2291 1356 Juramentnin,

1284 1375 1373 1413 quod
1402 1383 1502 1413 super
1528 1374 1708 1412 premissis
1738 1373 1846 1412 ipsius
1867 1372 2007 1403 ecclesie
2034 1381 2070 1401 :lc
2091 1372 2204 1402 dilecti
2232 1372 2293 1401 tilii

1283 1427 1390 1457 nostri
1415 1427 1459 1461 J.,
1484 1427 1683 1457 Sanctorum
1703 1427 1824 1457 Cosme
1848 1428 1879 1455 et
1898 1425 2056 1455 Damiani
2074 1425 2205 1454 diaconi
2225 1433 2294 1454 car-

1284 1480 1420 1516 dinalis,
1453 1480 1636 1518 Campanie
1668 1479 1906 1517 Maritimeque
1939 1478 2090 1513 rectoris,
2125 1478 2293 1507 mandatis

1282 1533 1413 1572 precise
1433 1533 1609 1572 parebunt.
1629 1533 1663 1563 si
1682 1540 1760 1562 vero
1780 1532 1901 1570 prefati
1930 1532 1977 1567 L„
1999 1532 2039 1561 N.
2063 1533 2093 1561 et
2120 1531 2154 1560 Ρ.
2177 1530 2293 1561 haberi

1283 1595 1350 1616 non
1368 1588 1519 1625 possent,
1537 1586 1589 1616 vel
1610 1585 1675 1624 ipsi
1698 1594 1800 1624 super
1822 1585 1888 1614 hiis
1909 1584 2144 1614 difficultatem
2164 1584 2291 1623 ingere-

1283 1641 1368 1673 rent,
1396 1642 1432 1669 tu
1452 1641 1521 1669 tres
1547 1639 1633 1669 alios
1661 1640 1866 1668 mercatores
1884 1628 2091 1675 Anagninos,
2112 1646 2196 1676 quos
2214 1646 2292 1675 pru-

1283 1693 1397 1723 dentia
1412 1695 1470 1723 tua
1495 1692 1701 1722 sufficientes
1721 1694 1751 1722 et
1772 1691 1922 1730 ydoneos
1943 1700 2017 1720 esse
2035 1691 2242 1729 cognoveris,
2262 1691 2293 1720 et

1284 1746 1322 1776 de
1342 1746 1466 1784 quibus
1481 1745 1578 1775 nobis
1597 1745 1640 1775 sit
1654 1745 1751 1784 plene
1769 1746 1914 1780 cautum,
1942 1753 2000 1773 nec
2016 1744 2054 1774 de
2076 1743 2160 1782 ipsis
2185 1743 2294 1773 valeat

1284 1800 1499 1838 aliquatenus
1520 1799 1680 1833 dubitari,
1709 1798 1789 1837 quin
1817 1797 2010 1836 hujusmodi
2036 1797 2175 1835 pignora
2199 1797 2294 1835 quin-

1284 1854 1457 1891 gentarum
1484 1852 1649 1882 librarum
1667 1851 1707 1881 ab
1729 1851 1778 1881 eis
1803 1851 1925 1880 habere
1944 1851 2129 1888 possimus,
2147 1850 2293 1888 quando-

1283 1914 1426 1944 cumque
1446 1906 1485 1935 de
1506 1907 1621 1935 nostro
1640 1904 1844 1943 processerit
1862 1903 2072 1942 beneplacito
2095 1903 2292 1937 voluntatis,

1284 1958 1325 1988 ab
1351 1959 1470 1989 eodem
1490 1958 1615 1988 Mathia
1640 1957 1796 1996 recipias,
1821 1956 1883 1986 sub
1907 1956 2004 1986 modo
2024 1958 2053 1986 et
2074 1956 2181 1985 forma
2204 1964 2296 1994 pres-

1283 2012 1414 2050 criptis,
1431 2020 1532 2050 super
1547 2011 1670 2050 quibus
1683 2011 1801 2040 confici
1816 2010 1919 2039 facias
1935 2009 2068 2048 publica
2082 2009 2291 2039 documenta.

1283 2065 1449 2103 Quicquid
1464 2066 1575 2094 autem
1592 2064 1669 2094 inde
1682 2063 1813 2098 feceris,
1831 2062 1927 2092 nobis
1943 2062 2080 2092 studeas
2092 2062 2295 2092 tuislitteris

1284 2118 1429 2148 fideliter
1447 2118 1616 2147 intimare.
1636 2117 1761 2147 Datum
1781 2116 1870 2154 apud
1891 2115 2176 2150 [rbemveteremy
2201 2124 2219 2143 v
2239 2115 2295 2145 ka·

1283 2172 1401 2202 lendas
1419 2170 1620 2206 decembris,
1636 2178 1722 2200 anno
1736 2170 1809 2199 111⁰.
1828 2179 1843 2197 »

1373 2325 1445 2356 740
1837 2321 1944 2350 Ovieto,
1961 2322 1994 2347 23
2011 2320 2125 2346 o‹·t0bre
2144 2320 2219 2347 1203.

1319 2409 1352 2435 Ut
1367 2409 1438 2434 bene
1453 2410 1477 2435 et
1504 2406 1659 2433 honorilice
1679 2405 1820 2440 recipiant
1844 2405 2016 2438 magistrum
2041 2404 2175 2430 (larinum
2192 2403 2293 2430 Callia-

1282 2457 1462 2487 launensem,
1480 2457 1515 2482 ad
1533 2457 1630 2490 partes
1645 2454 1800 2488 Hispaniae
1822 2461 1872 2487 pro
1890 2452 2004 2487 negotio
2022 2452 2133 2486 imperii
2150 2453 2292 2478 Constan-

1281 2506 1462 2541 tinopolitani
1480 2505 1666 2531 destinatum.
1688 2503 1767 2538 (Rae.
1780 2503 1824 2533 28,
1842 2502 1890 2528 sol.
1906 2502 1950 2531 80,
1966 2510 2026 2528 cur.
2041 2510 2108 2527 ann.
2125 2501 2168 2527 111.
2186 2505 2216 2527 11ο
2234 2501 2292 2536 26.)

1323 2620 1337 2636 «
1374 2607 1528 2637 [fnium-sis
1561 2604 1797 2644 archiepiscopis
1822 2608 1850 2633 et
1872 2603 2029 2642 episcopis,
2053 2612 2089 2631 ac
2122 2602 2290 2637 abbatibus,

1279 2660 1448 2701 prioribus,
1467 2659 1600 2694 decanis,
1626 2656 1861 2692 archidiaconis,
1879 2655 2043 2695 prepositis
2064 2660 2090 2684 ct
2115 2655 2184 2684 aliis
2201 2655 2291 2685 eccle-

1281 2715 1395 2744 siarum
1416 2712 1548 2753 prelatis
1574 2716 1599 2740 ec
1630 2709 1808 2745 rectoribus,
1829 2719 1879 2738 nec
1903 2718 1962 2738 non
1982 2708 2136 2748 capitulis,
2157 2707 2293 2747 collcyiis

1281 2772 1307 2797 ct
1325 2766 1517 2796 conventibus
1535 2763 1698 2803 ceterisque
1714 2763 1850 2801 personis
1867 2761 2085 2797 ecclesiasticis,
2102 2761 2248 2800 exemptis
2265 2766 2293 2790 et

1282 2830 1342 2850 non
1359 2819 1514 2858 exemplis,
1525 2827 1583 2857 per
1595 2826 1688 2855 reyna
1703 2815 1832 2846 castelle
1847 2820 1876 2844 ct
1890 2814 2029 2853 chionis
2040 2814 2178 2854 aliasque
2195 2819 2291 2843 lerras

1282 2872 1437 2903 carissimo
1457 2872 1486 2900 in
1507 2871 1630 2901 Christo
1642 2869 1709 2908 filio
1724 2874 1828 2898 nostro
1845 2892 1864 2898 ..
1884 2867 1999 2897 illustri
2016 2868 2082 2906 reqi
2100 2867 2239 2902 castelle,
2261 2867 2292 2896 in

1283 2924 1383 2965 regem
1396 2925 1600 2955 Romanorum
1613 2923 1717 2957 electo,
1731 2921 1889 2961 subjectas,
1900 2920 2077 2950 constitutis.
2092 2920 2194 2955 Olim,
2211 2920 2290 2949 dum
