2547 3289
303 267 363 296 470

306 358 320 377 »
338 349 393 384 tis,
406 356 441 377 ac
453 345 654 384 prebendam
670 352 735 373 non
753 341 997 372 sacerdotalem
1010 342 1042 371 et
1059 340 1177 370 domos
1195 347 1231 369 ac
1241 348 1314 378 pre·
1344 366 1345 384 ἶ

305 411 320 430 »
337 401 524 439 posituram
545 406 607 436 que
625 401 758 425 mensam
775 394 959 433 vulgariter
984 393 1185 432 appellatur,
1203 392 1313 431 primo

305 463 320 482 »
339 454 371 483 in
389 452 505 483 eadem
529 450 671 481 ecclesia
690 450 878 483 vacaturos,
898 446 1118 477 conferendos
1135 445 1195 476 tibi
1211 445 1314 475 dona·
1344 467 1345 485 ¹

305 517 319 535 »
337 506 419 535 tioni
445 503 628 543 apostolice
646 504 871 537 reservantes,
890 499 1104 530 decernimus
1128 499 1263 528 irritum
1282 499 1315 528 et
1343 516 1345 544 3

304 570 319 587 n
341 560 436 588 inane
455 557 483 586 si
501 565 599 586 secus
616 555 655 585 de
670 555 754 592 ipsis
769 553 955 592 apostolica
972 553 1025 582 vel
1037 551 1158 591 quavis
1176 552 1314 581 auctori·

304 623 318 641 »
337 614 402 641 tate
422 620 439 640 a
457 617 626 648 quoquam
644 607 822 646 contigerit
841 605 1051 644 attemptari,
1069 613 1135 635 non
1159 603 1314 634 obstante

303 675 318 694 »
339 682 385 700 —,
407 665 463 693 aut
485 662 573 701 quod
597 661 682 691 alias
709 659 933 690 beneficiatus
953 658 1084 689 existis.
1115 657 1209 688 Nulli
1235 665 1313 696 ergo

303 727 317 746 »
338 717 474 747 omnino
493 716 607 745 nostre
625 713 830 749 collationis,
864 712 1078 749 investiture,
1115 710 1315 741 reservatio-

302 780 317 800 »
337 771 388 800 nis
407 772 437 799 et
457 767 711 798 constitutionis
730 768 795 796 etc.
815 773 922 804 usque
938 765 1166 794 incursurum.
1186 763 1314 794 Datum

302 834 317 852 »
335 823 422 861 apud
446 821 732 853 Urbelnveterein,
755 829 787 849 xi
809 819 972 849 kalendas
989 817 1189 852 decembris,
1204 817 1313 855 ponti-

303 887 317 905 »
334 877 450 906 ticatus
471 874 578 904 nostri
597 882 684 903 anno
702 872 860 903 secundo.
884 882 898 900 »

341 940 356 958 1(
375 929 412 959 111
430 928 526 967 cujus
538 927 586 957 rei
603 926 838 957 testimonium
850 927 881 956 et
894 926 929 955 in
945 924 1095 955 futuram
1113 924 1314 954 memoriam

300 982 548 1022 premissorum
563 981 756 1019 presentem
770 978 1018 1009 ordinationem
1028 979 1180 1008 nostram
1194 985 1254 1016 per
1267 977 1315 1007 in-

301 1035 518 1074 frascriptum
547 1033 767 1064 tabellionem
787 1033 942 1062 nostrum
970 1030 1073 1061 scribi
1092 1032 1124 1061 et
1146 1029 1314 1069 publicari

302 1088 538 1119 mandavimus
558 1088 590 1117 et
608 1086 713 1125 sigilli
737 1085 844 1115 nostri
863 1084 1069 1123 appensione
1089 1083 1224 1113 muniri.
1243 1083 1313 1122 Ego

301 1142 399 1172 Paris
418 1141 457 1171 de
480 1140 629 1179 spoleto,
657 1139 811 1169 notarius
830 1137 1000 1177 publicus,
1022 1136 1205 1176 prolationi
1222 1145 1313 1175 pres-

301 1195 406 1234 cripte
417 1193 641 1224 ordinationis
653 1192 793 1222 interfui
814 1193 845 1222 et
864 1191 1020 1221 mandato
1032 1190 1175 1229 predicti
1185 1189 1314 1220 domini

302 1248 496 1283 cardinalis,
518 1249 553 1277 ut
571 1255 673 1285 supra
691 1246 827 1285 legitur,
849 1245 983 1284 scripsi,
1003 1246 1034 1274 et
1059 1246 1193 1274 tenores
1214 1243 1315 1274 dicta-

302 1310 376 1331 rum
393 1301 584 1331 litterarum
602 1298 912 1338 apostolicarumin
930 1297 990 1327 hac
1005 1297 1217 1327 ordinatione
1228 1296 1314 1326 sicut

302 1355 336 1384 in
356 1353 579 1392 originalibus
599 1352 725 1388 inveni,
738 1352 777 1382 de
797 1351 898 1382 verbo
917 1350 1111 1381 adverbum
1130 1350 1314 1386 inserui,et

302 1416 369 1437 una
387 1416 461 1437 cum
481 1407 558 1436 aliis
577 1405 782 1445 supradictis
799 1405 833 1434 in
850 1404 1021 1443 publicam
1038 1403 1182 1433 formam
1201 1403 1314 1442 redegi

303 1469 339 1491 ac
359 1468 432 1490 ineo
447 1461 608 1490 consueto
623 1459 719 1497 signo
738 1458 880 1497 signavi.
899 1468 913 1486 »

343 1513 435 1543 Nulli
460 1522 537 1552 crgo
563 1514 677 1542 nostre
700 1511 968 1542 confirmationis
995 1513 1056 1540 ete.
1082 1510 1207 1540 Datum
1227 1509 1315 1548 apud

302 1566 590 1601 Issrbffluveterein,
608 1574 680 1594 xum
700 1564 863 1594 kalendas
874 1563 1048 1599 februarii,
1066 1571 1152 1593 anno
1166 1563 1278 1593 tertio.
1299 1573 1314 1591 »

841 1734 969 1768 Orvieto,
985 1735 1019 1762 30
1031 1734 1143 1769 janvier
1163 1734 1241 1762 1264.

390 1738 463 1768 973

339 1820 439 1846 Abbati
461 1819 628 1846 monasterii
647 1827 671 1846 5.
695 1817 869 1852 Cucuphatis
887 1818 1005 1845 mandat
1023 1820 1163 1852 quatenus
1186 1818 1313 1853 praedie-

301 1870 362 1894 111111
381 1868 553 1902 magistrum
568 1868 596 1894 B.
615 1868 649 1894 de
665 1866 769 1894 Olorda
789 1866 817 1893 in
834 1866 1048 1901 possessionem
1067 1866 1216 1894 sacristiae
1233 1867 1313 1893 indu-

303 1920 357 1943 cat.
375 1917 454 1951 (Rae.
473 1918 516 1944 29.
535 1916 583 1943 sol.
602 1916 634 1943 14
648 1921 685 1949 v0,
708 1921 736 1942 11ο
755 1916 812 1949 21.)

346 2034 358 2047 υ
378 2021 488 2050 Abbati
506 2021 680 2050 monasterii
701 2021 799 2049 sancti
827 2019 1023 2059 Cztcuplmtis,
1045 2019 1161 2050 ordinis
1182 2030 1205 2049 s.
1223 2020 1314 2050 Bene-

300 2074 384 2109 dieti,
407 2073 660 2103 Barchinonense's
679 2073 818 2103 diocesis.
838 2073 997 2103 Exhibita
1014 2073 1112 2103 nobis
1131 2073 1245 2103 dilecti
1262 2092 1311 2104 —.
1342 2071 1343 2099 1

301 2133 424 2163 Datum
453 2132 542 2170 apud
570 2131 859 2165 Urbemveterem,
892 2131 1103 2161 uikalendas
1136 2130 1311 2168 februarii,

302 2194 388 2215 anno
406 2186 478 2215 1110.
500 2196 514 2212 »

389 2350 462 2381 974
793 2347 919 2380 Orvicto,
937 2346 970 2374 31
991 2347 1145 2374 decembre
1164 2348 1239 2376 1203.

339 2434 464 2460 Waltero
480 2433 513 2459 de
533 2432 705 2466 solempniis
727 2439 854 2459 annuam
875 2431 1044 2465 pensionem
1068 2435 1094 2458 et
1120 2432 1313 2466 praebendam
1341 2462 1342 2465 Ἴ

304 2482 506 2509 i11c1·‹·lcsias.
528 2481 626 2508 Crucis
650 2481 872 2508 Cameracensis
894 2483 1058 2508 vacaturum
1080 2483 1216 2508 reservat.
1236 2490 1313 2508 com·

302 2532 443 2566 promisso
465 2532 509 2563 ‹;.,
528 2529 603 2557 tituli
626 2530 654 2556 S.
671 2530 757 2556 Marci
786 2529 946 2564 presbyteri
962 2529 1126 2561 cardinalis,
1144 2531 1311 2565 approbato.

303 2581 379 2609 (Rea.
397 2581 439 2610 29,
466 2579 515 2606 fol.
537 2579 568 2606 14
584 2584 624 2610 νο,
643 2584 672 2605 [1⁰
686 2579 744 2613 22.)

1058 256 1302 305 REGISTRES
1332 256 1548 287 D'URBAIN
1578 256 1636 286 lv.

1377 338 1454 368 dam
1473 339 1634 377 magister
1652 338 1821 369 Gobertus
1840 339 1880 370 de
1897 340 2051 376 Maceuo,
2077 341 2229 379 ejusdem
2249 343 2390 374 ecclesie

1375 391 1568 427 canonicus,
1585 392 1617 421 in
1630 400 1669 422 ea
1686 391 1844 427 obtinuit,
1861 401 2030 432 quamque
2045 396 2080 423 tu
2097 393 2171 431 tibi,
2189 394 2300 425 dictus
2311 404 2391 427 vero

1375 446 1414 475 A.
1434 444 1499 475 sibi
1519 444 1631 475 deberi
1658 445 1834 482 dicebatis,
1854 455 1896 476 ex
1921 446 2038 483 altera,
2059 447 2265 483 vertebatur,
2291 449 2392 480 dilec-

1374 499 1447 528 tum
1462 498 1571 528 filium
1596 500 1751 529 nostrum
1768 499 1821 535 (3.,
1839 499 1929 529 tituli
1955 500 2061 529 sans-ti
2086 499 2190 531 Marci
2216 501 2393 541 presbyte-

1376 559 1450 581 rum
1476 551 1682 582 cardinalem
1704 552 1918 582 dedissemus
1946 552 2100 591 partibus
2129 553 2332 591 auditorem,
2353 563 2390 585 ac

1374 605 1510 635 tandem
1536 613 1554 634 a
1582 607 1794 643 procuratore
1826 608 1882 636 tuo
1913 609 1943 636 et
1974 606 2055 636 dicti
2082 607 2223 645 capituli
2247 607 2390 638 habente

1343 664 1344 678 ³
1375 666 1477 696 super
1493 657 1554 687 hoc
1574 657 1721 696 speciale
1745 658 1954 693 mandatum,
1975 661 2005 689 et
2025 659 2113 689 dicto
2132 660 2172 690 A.
2192 661 2225 690 in
2245 661 2390 691 eundem

1342 703 1343 707 ¹
1374 711 1581 741 cardinalem
1613 712 1775 750 tanquam
1809 711 1842 741 iu
1874 711 2051 748 arbitrum,
2088 712 2326 744 arbitratorem
2358 714 2390 744 et

1374 763 1588 794 amicabilem
1606 765 1880 803 compositorem,
1897 765 2090 803 juramento
2105 765 2180 796 hinc
2200 766 2276 797 inde
2294 775 2389 806 pres-

1370 817 1435 851 tito
1454 820 1484 848 et
1502 819 1591 848 certa
1610 826 1696 856 pena
1717 817 1930 856 interposita,
1948 819 2233 857 compromissum
2254 819 2389 856 suisset,

1374 872 1541 908 potestate
1571 870 1638 900 sibi
1660 870 1843 909 judiciaria
1871 874 2054 905 reservata⁷
2086 872 2176 902 idem
2205 872 2390 903 cardinalis

1375 923 1564 958 ordinandi,
1588 924 1799 962 providendi.
1818 925 2000 961 statuendi,
2018 925 2222 960 diffiniendi,
2241 933 2388 964 pronun·

1374 977 1481 1007 tiandi
1499 979 1531 1007 et
1544 976 1731 1008 arbitrandi
1751 986 1852 1016 super
1868 977 1940 1014 hoc,
1961 981 2059 1017 prout
2073 978 2139 1008 sibi
2160 978 2282 1009 melius
2298 978 2390 1009 vide-

1374 1033 1478 1066 retur,
1501 1040 1519 1061 a
1536 1030 1634 1061 nobis
1651 1031 1851 1061 auctoritate
1871 1033 1902 1061 et
1920 1031 2073 1070 plenaria
2087 1034 2254 1070 potestate
2275 1031 2390 1063 obten-

1373 1084 1430 1120 tis,
1449 1084 1613 1123 inspectis
1635 1093 1768 1123 quoque
1797 1084 1986 1114 rationibus
2012 1085 2190 1124 utriusque
2216 1085 2334 1124 partis,
2353 1093 2392 1116 ac

1374 1137 1474 1168 dictis
1497 1139 1715 1176 procuratore
1732 1139 1763 1167 et
1780 1137 1934 1168 Amando
1959 1138 2189 1176 presentibus
2215 1140 2286 1168 tam
2300 1138 2390 1177 judi-

1375 1191 1479 1221 ciaria
1506 1199 1607 1230 quam
1632 1190 1811 1220 arbitraria
1826 1192 2005 1229 potestate,
2033 1191 2198 1221 servando
2227 1190 2280 1221 vel
2302 1191 2391 1221 ordi-

1375 1244 1484 1274 nando
1503 1246 1559 1274 aut
1576 1243 1806 1282 componendo
1826 1243 1914 1273 inter
1940 1245 2066 1282 partes,
2092 1243 2298 1282 prebendam
2317 1252 2391 1283 pre-

1374 1297 1499 1327 dictam
1515 1296 1669 1326 Amando
1695 1296 1898 1335 adjudicavit
1922 1296 2043 1332 eidem,
2072 1297 2118 1327 ita
2141 1297 2230 1336 quod
2257 1297 2330 1336 ipse
2349 1297 2390 1328 de

1374 1349 1595 1389 proventibus
1609 1349 1682 1388 ejus
1700 1350 1868 1388 quandam
1882 1358 2050 1380 summam
2062 1350 2202 1388 pecunie
2213 1351 2391 1381 annuatim

1374 1406 1465 1434 certo
1495 1403 1640 1433 termino
1659 1402 1722 1433 tibi
1740 1402 1859 1433 tandiu
1883 1403 2066 1442 persolvat,
2087 1403 2191 1434 donec
2215 1407 2250 1434 tu
2274 1403 2309 1434 in
2332 1412 2390 1434 no-

1374 1457 1502 1487 minata
1517 1456 1659 1487 ecclesia
1672 1456 1722 1487 sis
1731 1455 1939 1495 prebendam
1947 1456 2085 1495 pacifice
2095 1458 2284 1487 assecutus.
2297 1457 2391 1488 Idem

1374 1510 1476 1540 etiam
1491 1509 1687 1545 cardinalis,
1712 1509 1909 1540 auctoritate
1927 1509 1993 1539 sibi
2011 1519 2028 1539 a
2047 1509 2145 1540 nobis
2163 1510 2197 1540 in
2215 1510 2276 1540 1130
2295 1511 2391 1549 parte

1374 1563 1568 1599 commissa,
1599 1562 1781 1599 ordinavit,
1803 1562 1921 1593 statuit
1939 1564 1970 1594 et
1988 1563 2136 1601 providit
2155 1563 2245 1602 quod
2263 1565 2311 1600 tu,
2331 1563 2392 1602 qui

1375 1616 1409 1646 in
1426 1616 1543 1647 eadem
1570 1616 1714 1647 ecclesia
1728 1616 1764 1645 in
1785 1616 1983 1646 canonicum
2012 1625 2048 1646 es
2067 1620 2234 1656 receptus,
2262 1616 2390 1647 habeas

1374 1671 1407 1700 et
1428 1669 1797 1708 obtineasprebendam
1813 1669 1927 1705 aliam,
1940 1670 2038 1709 siqua
2055 1670 2089 1700 in
2107 1669 2225 1700 eadem
2242 1669 2388 1700 ecclesia

1373 1725 1451 1754 tunc
1472 1722 1623 1758 vacabat,
1646 1731 1788 1762 eamque
1804 1722 1894 1753 dicto
1910 1723 2134 1762 procuratori,
2155 1723 2291 1754 nomine
2315 1725 2385 1758 tuo,

1374 1776 1625 1815 presentialiter
1652 1776 1795 1806 contulit
1824 1778 1855 1806 et
1882 1777 1985 1807 etiam
2012 1776 2211 1815 assignavit.
2241 1776 2339 1812 Quod
2359 1777 2388 1807 si

1372 1832 1452 1860 tunc
1471 1830 1506 1861 in
1523 1830 1641 1860 eadem
1667 1829 1810 1860 ecclesia
1832 1829 1926 1860 nulla
1948 1829 2118 1869 prebenda
2140 1829 2293 1864 vacabat,
2316 1830 2390 1869 ipse

1373 1883 1579 1922 prebendam
1603 1883 1760 1922 proximo
1779 1885 1974 1913 vacaturam
1992 1883 2130 1919 ibidem,
2149 1883 2388 1913 conferendam

1373 1936 1436 1968 tibi
1453 1945 1512 1976 per
1531 1936 1629 1967 illum
1652 1936 1706 1966 cui
1726 1945 1787 1967 nos
1809 1936 1842 1966 id
1869 1936 2068 1967 duxerimus
2093 1936 2386 1973 committendum,

1374 1990 1558 2030 apostolice
1586 1990 1760 2020 donationi
1792 1999 1982 2026 reservans,
2013 1990 2161 2020 decrevit
2191 1990 2327 2020 irritum
2357 1991 2390 2020 et

1342 2060 1343 2069 1
1374 2043 1473 2073 inane
1501 2044 1531 2073 si
1554 2052 1652 2073 secus
1675 2043 1715 2073 de
1736 2043 1795 2073 illa
1825 2044 2034 2082 contingeret
2058 2043 2265 2082 attemptari,
2286 2044 2386 2081 prout

1373 2097 1407 2126 in
1424 2097 1650 2126 instrumento
1669 2095 1805 2134 publico
1826 2096 1948 2126 exinde
1964 2096 2114 2126 consecto
2136 2098 2165 2126 et
2185 2095 2264 2126 dicti
2281 2095 2389 2126 cardi-

1374 2149 1461 2179 nalis
1483 2149 1597 2188 sigillo
1622 2149 1764 2185 munito,
1790 2148 1925 2188 plenius
1942 2149 2142 2179 continetur.
2171 2148 2241 2179 Nos
2260 2149 2386 2188 itaque,

1372 2203 1441 2233 tuis
1462 2202 1771 2241 supplicationibus
1797 2202 1962 2237 inclinati,
1992 2203 2197 2232 sententiam
2224 2210 2285 2232 seu
2303 2202 2389 2232 ordi-

1373 2256 1545 2286 nationem
1577 2255 1629 2286 vel
1656 2256 1950 2294 compositionem.
1983 2255 2198 2286 collationem
2222 2264 2259 2285 ac
2283 2263 2389 2286 reser-

1373 2309 1542 2340 vationem
1569 2308 1764 2348 hujusmodi
1800 2312 1890 2339 ratas
1917 2311 1947 2339 et
1981 2308 2096 2338 tirmas
2122 2308 2296 2343 hahentes,
2330 2317 2388 2339 eas

1341 2397 1342 2405 ἵ
1372 2363 1553 2393 autoritate
1573 2362 1759 2402 apostolica
1773 2362 2013 2393 confirmamus
2030 2364 2090 2393 etc.
2111 2370 2218 2401 usque
2238 2370 2389 2393 commu-

1373 2424 1497 2446 nimus.

1413 2469 1580 2500 Tenorem
1598 2471 1711 2500 autem
1730 2469 1839 2508 ipsius
1854 2469 2073 2499 instrumenti
2090 2468 2130 2498 de
2145 2467 2247 2499 verbo
2261 2468 2303 2499 ad
2316 2476 2390 2498 ver-

1372 2522 1452 2552 bum
1470 2522 1687 2562 presentibus
1704 2522 1847 2553 fecimus
1865 2522 2033 2558 annotari,
2053 2522 2110 2561 qui
2127 2521 2206 2552 talis
2223 2524 2273 2552 est
2288 2532 2294 2551 :

1413 2588 1427 2605 κ
1446 2577 1484 2606 111
1502 2577 1638 2606 1101111110
1655 2576 1793 2607 Domini
1813 2584 1921 2606 amen.
1940 2575 2139 2606 Presidente
2164 2575 2306 2606 rationis
2328 2575 2390 2605 im-

1342 2620 1343 2626 *
1374 2629 1466 2668 perio
1484 2647 1533 2658 -.
1556 2630 1641 2660 Sane
1668 2638 1744 2659 011111
1761 2629 1938 2660 Amandus
1962 2628 2002 2659 de
2025 2628 2185 2659 Castello.
2210 2627 2390 2667 presbyter

344 2692 358 2707 η
387 2679 515 2710 ll'altero
530 2679 566 2710 de
579 2678 774 2719 Solempnsts,
790 2679 934 2709 canonico
949 2678 1071 2710 ecclesie
1087 2684 1189 2710 sancte
1209 2679 1314 2711 Crucis

304 2732 540 2763 Cmncracensis.
561 2733 642 2764 Cum
660 2742 677 2763 a
700 2731 798 2762 nobis
816 2750 864 2763 -.
885 2732 1045 2764 Exhibita
1069 2733 1239 2773 siquidem
1257 2743 1314 2765 no-

304 2787 355 2816 bis
372 2789 428 2817 tua
447 2787 564 2826 petitio
583 2785 775 2817 continebat
793 2786 894 2825 quod,
908 2795 984 2817 cum
1005 2795 1066 2818 nos
1084 2787 1117 2817 in
1135 2796 1235 2818 causa
1250 2797 1313 2827 que
1342 2823 1343 2826 Ἴ

305 2840 390 2870 inter
410 2842 441 2870 te
467 2848 503 2870 ac
519 2839 706 2878 capitulum
726 2839 867 2870 ecclesie
885 2841 999 2871 sancte
1023 2841 1141 2871 Crucis
1158 2840 1312 2872 Camera-

303 2893 425 2924 censis.
443 2902 484 2923 ex
502 2894 595 2931 parte
615 2901 693 2927 una,
715 2895 746 2922 et
768 2893 960 2923 Amandum
988 2893 1237 2933 presbyterum,
1264 2903 1314 2925 03-

306 2946 462 2976 nonicum
475 2945 626 2985 ejusdem
636 2945 789 2980 ecclesie,
801 2954 903 2985 super
914 2946 1083 2985 prebenda
1100 2956 1201 2987 quam
1213 2957 1313 2988 quon-

1373 2683 1628 2714 Cameracensis
1643 2683 1798 2718 diocesis,
1815 2683 1855 2713 ad
1873 2708 1892 2713 ..
1913 2682 2123 2721 prepositum
2140 2681 2282 2712 ecclesie
2292 2680 2389 2712 Sicli-

1375 2737 1501 2771 nensis,
1520 2744 1621 2775 super
1642 2736 1834 2774 receptione
1853 2739 1883 2766 et
1904 2735 2097 2774 provisione
2117 2743 2176 2764 sua
2196 2735 2228 2764 in
2246 2733 2390 2765 ecclesia

1374 2792 1487 2820 sancte
1506 2789 1625 2820 Crucis
1646 2789 1913 2820 Cameracensis.
1933 2788 2140 2818 sanctissimi
2156 2787 2264 2827 patris
2283 2788 2316 2818 et
2333 2787 2390 2818 do-

1374 2843 1456 2873 mini
1484 2842 1612 2873 Urbani
1630 2851 1714 2882 pape
1740 2842 1816 2878 1111,
1834 2841 1897 2872 sub
1913 2844 2002 2873 certa
2022 2841 2129 2872 forma
2153 2840 2285 2871 litteras
2313 2848 2390 2871 exe-

1373 2896 1520 2926 cutorias
1539 2896 1769 2935 impetrasset,
1782 2895 1916 2926 tandem
1934 2894 2052 2925 abbate
2069 2893 2269 2925 monasterii
2281 2893 2389 2924 sancti

1372 2949 1506 2980 Andr-ee
1522 2949 1562 2980 de
1580 2948 1744 2984 Castello,
1761 2949 1912 2988 ejusdem
1926 2948 2084 2984 diocesis,
2096 2948 2150 2978 cui
2164 2947 2253 2978 idem
2270 2954 2390 2986 prepo-
