2547 3289
1078 257 1318 295 'sumsimus
1346 257 1507 294 ANNFJE.

290 358 304 375 (ι
337 373 342 378 .
370 373 374 378 .
403 348 630 388 archiepiscopo
661 347 836 382 Turi-imno,
866 347 895 375 in
916 346 1065 375 Sardinia
1085 352 1110 375 cc
1136 345 1260 375 Corsica
1293 368 1294 376 1

249 400 414 440 apostolice
431 401 508 430 sedis
526 400 633 440 leqaco.
652 400 704 430 Ad
718 400 925 430 audientiam
944 402 1093 429 nostram
1110 400 1261 438 pervenit

250 454 339 492 quod
358 454 391 483 in
418 454 574 484 Sardinia
593 455 624 484 et
643 453 780 484 Corsica
803 456 858 483 tue
879 453 1036 491 legationi
1056 453 1261 488 commissis,

250 508 404 537 nonnulli
424 507 591 537 illitterati
608 516 672 536 non
687 507 797 536 solum
812 506 846 535 in
863 506 1012 541 abbateS,
1029 515 1144 535 verum
1159 505 1261 535 etiam

250 560 284 590 in
313 560 490 599 episcopos
521 562 553 590 et
585 559 869 597 archiepiscopos,
903 560 1057 597 pretextu
1086 559 1261 597 cujusdam

251 614 505 644 consuetudinis
523 622 587 651 que
606 613 745 642 dicenda
764 614 815 642 est
832 612 1023 650 corruptela
1041 612 1164 650 potius,
1184 613 1261 641 sunt

249 667 428 704 assumpti.
446 667 479 696 in
497 666 779 696 monasteriorum
798 667 828 695 et
843 665 1061 694 ecclesiarum
1082 674 1116 693 ac
1134 665 1262 694 anima·
1292 694 1293 697 ,

249 728 324 749 rum
346 720 395 749 eis
420 719 647 757 subjectarum
678 726 743 747 non
764 717 934 747 modicum
966 717 1204 747 detrii‘nentum
1230 719 1261 747 et

250 772 445 802 scandalum
477 772 714 809 plurimorum.
746 770 908 800 Nolentes
937 770 1041 808 igitur
1066 772 1195 800 tantum
1227 771 1261 800 in
1291 804 1292 808 Ἰ

247 825 441 863 hujusmodi
460 824 600 862 prelatis
619 823 763 853 tolerare
785 823 964 858 defectum,
984 823 1186 853 fraternitati
1204 824 1260 852 tue

251 878 450 908 mandamus
479 877 639 915 quatinus
669 876 776 906 dictos
798 876 946 914 prelatos
968 884 1007 905 ex
1027 877 1120 913 parte
1147 877 1261 904 nostra

247 930 472 969 peremptorie
501 930 604 960 citare
629 938 802 967 procures,
830 931 876 962 ut,
904 928 991 958 infra
1015 929 1261 966 competentem

246 983 429 1014 terminum
443 992 462 1013 a
476 986 508 1013 te
525 982 757 1021 prefigendum
775 982 916 1017 eisdem,
934 981 1160 1019 personaliter
1173 990 1259 1010 com-

246 1039 386 1075 pareant
405 1044 517 1066 coram
538 1035 646 1070 nobis,
666 1034 834 1073 recepturi
853 1043 954 1072 super
974 1034 1154 1072 premissis
1172 1033 1261 1072 quod

242 1089 378 1128 justitia
408 1088 574 1118 suadebit.
604 1088 704 1118 Diem
732 1096 811 1118 vero
840 1087 1011 1117 citationis
1039 1089 1070 1116 et
1100 1086 1261 1125 quicquid

246 1142 367 1173 exinde
378 1142 516 1177 feceris,
532 1141 630 1171 nobis
648 1150 706 1179 per
722 1143 798 1171 tuas
812 1141 945 1170 litteras
960 1140 1170 1178 presentium
1185 1148 1259 1169 con-

246 1195 393 1226 tinentes
421 1195 543 1225 seriem
569 1194 726 1224 intimare
747 1202 917 1232 procures
942 1194 1067 1223 Datum
1087 1193 1174 1231 apud
1202 1193 1261 1223 Ur-

245 1249 483 1281 bemveterem.
501 1257 545 1277 vu
563 1248 640 1278 idus
659 1247 832 1282 februarii,
854 1255 940 1276 anno
956 1247 1029 1276 1110.
1052 1259 1065 1273 »

789 1413 913 1444 Orvieto,
931 1413 963 1440 21
978 1412 1092 1448 junvier
1109 1413 1187 1440 1202.

336 1416 408 1447 498

281 1501 359 1530 Quod
378 1499 405 1525 in
423 1499 500 1533 agris
520 1499 650 1525 decimae
675 1499 824 1525 solvantur
841 1498 869 1524 in
889 1498 996 1524 diocesi
1013 1498 1259 1525 Wratislaviensi.

243 1547 324 1577 inm.
341 1548 385 1578 28,
400 1547 448 1574 fol.
471 1548 505 1574 30
522 1553 559 1578 ψ’,
577 1555 644 1573 ann.
667 1546 711 1576 111,
734 1551 765 1572 n⁰
784 1547 860 1574 101.)

284 1665 298 1683 1(
319 1677 325 1683 .
343 1679 348 1684 .
372 1654 514 1693 episcopo
541 1653 745 1683 cracoviensi.
763 1654 814 1684 Ex
834 1655 927 1693 parte
954 1654 1154 1684 dilectorum
1175 1654 1259 1684 filio-

245 1716 320 1737 rum
349 1707 488 1746 capituli
510 1709 542 1737 et
568 1707 649 1737 cleri
675 1707 824 1737 civitatis
848 1709 879 1737 et
907 1707 1053 1737 diocesis
1077 1708 1258 1738 XYratisla-
1290 1726 1291 1735 1

245 1761 415 1791 viensium
430 1760 494 1790 fuit
510 1760 722 1799 propositum
737 1769 849 1790 coram
864 1760 962 1790 nobis
977 1761 1077 1799 quod,
1094 1761 1173 1791 licet
1186 1770 1258 1798 nos,

244 1816 323 1845 tunc
342 1814 375 1843 in
394 1814 518 1844 minori
537 1814 648 1844 officio
667 1814 842 1844 constituti
861 1815 893 1844 et
917 1814 951 1843 in
970 1814 1111 1844 Polonia
1130 1816 1262 1852 aposto-

246 1867 308 1897 lice
345 1867 435 1897 sedis
467 1867 581 1905 legati,
615 1866 858 1897 deliberatione
890 1867 1029 1905 provida
1062 1867 1260 1897 duxerimus
1290 1889 1291 1897 1

244 1920 472 1954 statuendum,
498 1921 534 1950 ut
558 1919 684 1950 ibidem
707 1920 852 1959 inagris
878 1920 1006 1950 decime
1034 1920 1257 1955 solverentur,

243 1975 357 2003 tamen
377 1972 530 2002 nonnulli
550 1972 746 2002 earumdem
770 1973 919 2002 civitatis
936 1975 966 2003 et
987 1973 1133 2003 diocesis
1155 1975 1259 2004 statu-

242 2027 314 2056 tum
342 2025 537 2063 hujusmodi
567 2025 747 2056 observare
776 2025 923 2056 indebite
950 2027 1194 2061 contradicunt,
1224 2027 1259 2057 in

243 2079 439 2110 eorumdem
458 2079 597 2118 capituli
616 2081 647 2110 et
664 2079 743 2109 cleri
762 2079 987 2118 prejudicium
1008 2081 1039 2109 et
1058 2088 1257 2117 gravamen;

194 2126 197 2129 ’
242 2141 344 2171 super
357 2142 422 2171 qno
437 2132 548 2163 clerus
563 2133 634 2171 ipse
650 2133 834 2171 apostolice
848 2133 1056 2171 providentie
1070 2134 1258 2163 remedium

242 2186 449 2224 imploravit.
469 2186 634 2221 Quocirca
655 2186 859 2216 fraternitati
878 2188 933 2216 tue
953 2187 1155 2216 mandamus
1179 2196 1257 2225 qua-
1289 2196 1290 2205 ¹

241 2238 333 2268 tinus
363 2240 527 2268 statutum
557 2239 670 2277 ipsum
699 2247 758 2277 per
783 2240 815 2269 te
844 2239 897 2269 vel
928 2239 1032 2269 alium
1060 2240 1258 2270 auctoritate

242 2293 357 2321 nostra
384 2291 488 2322 facias
507 2292 651 2322 firmiter
676 2292 860 2322 observari.
887 2292 1172 2328 ContradictoreS,
1194 2294 1255 2323 etc.

241 2345 316 2374 Non
335 2344 490 2374 obstante
509 2345 537 2374 si
557 2363 605 2375 —.
626 2346 751 2375 Datum
771 2345 859 2384 apud
880 2345 1188 2380 Umbemveterem,
1209 2355 1255 2375 xm
1288 2347 1289 2360 ¹

240 2397 402 2427 kalendas
419 2397 592 2433 februarii,
613 2407 699 2428 anno
717 2399 788 2428 111⁰.
810 2408 824 2427 1)

806 2556 929 2587 Orvieto,
950 2559 966 2584 5
984 2557 1088 2583 sevrier
1104 2558 1181 2584 1264.

332 2557 403 2588 499

279 2640 486 2667 Aia-hidiacouo
511 2640 674 2667 Vulcassiui
699 2640 858 2667 Normanni
882 2630 1001 2667 mandat
1026 2641 1255 2668 satisfactionem

242 2690 415 2724 condignam
445 2688 529 2715 faciat
564 2689 691 2723 impendi
717 2689 859 2724 magistro
884 2689 1038 2716 Guillelmo
1070 2691 1254 2722 Normanno,

241 2737 369 2773 episcopi
392 2737 562 2764 Δ»111111111311513
581 2737 740 2771 capellano.
767 2738 847 2772 (REG.
866 2740 909 2769 28,
929 2737 977 2764 fol.
1002 2739 1035 2765 30
1060 2744 1097 2769 νο,
1114 2747 1182 2765 ann.
1207 2739 1254 2773 111,
1286 2754 1287 2776 ;

243 2794 273 2815 1]ο
291 2788 362 2819 102.)

1286 2849 1287 2865 1

284 2902 299 2917 «
319 2914 324 2919 .
344 2916 349 2921 .
371 2890 589 2921 archidiacono
618 2891 785 2921 Vulcassini
806 2891 987 2925 Νονηιαηηὶ,
1011 2892 1043 2920 in
1060 2891 1184 2921 ecclesia
1202 2892 1256 2921 leo-
1286 2887 1287 2912 1

245 2944 440 2984 thomayensi.
466 2945 618 2975 Dilectus
642 2945 733 2974 filius
759 2945 919 2984 magister
944 2944 1149 2975 Guillelmus
1175 2945 1256 2974 Nor·
1286 2957 1287 2972 l

2272 265 2330 294 :245

1325 355 1487 379 mannus,
1514 345 1706 384 capellanus
1731 345 1936 375 venerabilis
1961 346 2074 375 fratris
2099 369 2104 374 .
2127 369 2157 375 ..
2182 347 2329 385 episcopi

1324 399 1539 431 Albz‘mvnsis,
1562 398 1658 428 nobis
1678 398 1866 436 significare
1884 399 2012 428 curavit
2033 399 2131 437 quod,
2152 408 2225 428 cum
2247 399 2330 429 bone

1324 453 1484 481 memmae
1506 452 1781 485 I’t.‚Mo1*ineusis
1798 452 1987 489 episcopus,
2009 452 2118 489 ipsum
2134 460 2194 490 pro
2212 452 2283 481 suis
2301 455 2332 482 et

1323 505 1463 534 ecclesie
1480 505 1681 534 Mminensis
1701 504 1844 543 negotiis
1861 505 2081 542 procurandis
2093 505 2132 534 ad
2144 505 2331 535 Romanam

1323 558 1448 586 curiam
1475 557 1690 593 destinasset,
1719 558 1805 587 idem
1835 558 1996 594 magister
2021 559 2156 596 propter
2181 558 2241 587 hoc
2268 566 2331 587 non

1323 611 1432 640 solum
1453 610 1575 640 ibidem
1593 611 1761 648 propriam
1783 611 1956 648 pecuniam
1980 620 2071 639 suam
2087 611 2256 648 expen‹lit‚
2279 620 2330 640 ve-

1325 673 1396 693 rum
1420 664 1521 693 etiam
1541 673 1575 693 se
1594 664 1696 693 variis
1716 663 1940 693 creditoribus
1961 664 1991 692 in
2013 664 2158 693 diversis
2178 664 2333 702 pecnnia-

1324 726 1396 746 rum
1425 717 1670 755 quantitatibus
1695 717 1867 752 obligarit.
1893 719 2003 751 Quare
2032 717 2142 746 dictus
2171 717 2332 753 magister

1324 769 1420 798 nobis
1453 770 1654 808 supplicavit
1688 770 1861 799 humiliter
1891 772 1936 802 ut.
1969 779 2042 799 cum
2072 770 2160 799 dicta
2190 770 2333 799 ecclesia

1323 825 1413 852 vacet
1431 823 1470 851 ad
1497 831 1634 860 presens
1653 832 1712 852 nec
1734 823 1776 852 sit
1796 832 1813 852 a
1836 832 1900 861 quo
1920 823 2027 860 possit
2048 825 2198 861 repetere
2218 832 2333 861 supra-

1322 876 1419 911 dicta,
1447 876 1629 914 timeatque
1657 884 1697 905 ne
1722 878 1856 913 propter
1886 876 2020 913 longum
2051 878 2192 905 tractum
2224 876 2332 914 provi-

1323 929 1429 957 sionis
1455 929 1564 966 ipsius
1592 929 1744 961 ecclesie,
1776 930 1841 957 tam
1872 929 2004 958 satura<
2030 930 2208 966 episcopus
2234 930 2334 958 Mori-

1323 982 1470 1011 nensis-¹
1502 990 1601 1019 quam
1634 981 1743 1010 dictus
1776 981 1936 1019 magister
1966 990 2146 1011 usurarum
2179 984 2333 1019 pretextu

1323 1034 1429 1063 multa
1443 1035 1631 1064 sustineant
1656 1034 1869 1067 detrimenta,
1888 1034 2063 1072 providere
2079 1043 2180 1072 super
2199 1037 2256 1063 lioc
2276 1035 2335 1064 mi-

1323 1087 1539 1117 sericorditer
1555 1096 1763 1116 curaremus.
1785 1088 1868 1117 Cum
1889 1087 1991 1125 igitur
2010 1087 2162 1116 nonnulli
2183 1087 2334 1117 redditus

1323 1140 1356 1169 in
1384 1142 1578 1178 episcopatu
1603 1140 1788 1170 Morinensi
1820 1140 2068 1173 consueverint,
2098 1140 2182 1169 sicut
2209 1141 2335 1178 accepi—

1323 1201 1410 1229 mus,
1436 1193 1615 1228 reservari,
1642 1195 1673 1223 et
1694 1193 1868 1231 indignum
1889 1192 2011 1223 existat
2030 1195 2065 1222 ut
2087 1193 2196 1223 dictus
2217 1193 2336 1231 magis—

1322 1248 1384 1282 ter,
1396 1247 1483 1276 unde
1496 1249 1644 1277 meretur
1659 1247 1838 1284 premium„
1856 1246 1932 1276 inde
1945 1246 2160 1284 dispendium
2174 1247 2332 1284 patiatur,

1322 1300 1518 1330 discretioni
1541 1302 1596 1330 tue
1616 1300 1817 1329 mandamus
1835 1300 2006 1338 quatinus,
2029 1300 2057 1329 si
2076 1302 2126 1329 est
2146 1300 2202 1335 ita,
2225 1300 2334 1329 eidem

1322 1353 1484 1392 magistro
1517 1353 1557 1382 de
1590 1353 1785 1392 hujusmodi
1818 1352 2006 1383 redditibus
2039 1355 2070 1382 et
2103 1352 2335 1383 detentoribus

1322 1407 1517 1436 eorumdem
1547 1406 1650 1436 facias
1682 1406 1881 1436 auctoritate
1909 1409 2022 1436 nostra
2047 1415 2106 1444 per
2133 1408 2165 1436 te
2193 1406 2244 1435 vel
2276 1415 2334 1444 per

1322 1459 1438 1495 alium,
1461 1460 1547 1490 sicut
1570 1460 1701 1498 justum
1728 1459 1839 1493 fuerit,
1862 1459 1996 1498 plenam
2016 1461 2047 1490 et
2066 1459 2214 1489 debitam
2236 1459 2334 1489 satis-

1322 1513 1501 1543 factionem
1519 1513 1680 1552 impendi.
1701 1513 1985 1546 Contradictores‚
2001 1514 2062 1543 etc.
2088 1513 2162 1543 Non
2179 1512 2334 1543 obstante

1411 1567 1535 1596 Datum
1567 1566 1656 1604 apud
1688 1565 1985 1602 Urbemveterem,
2018 1566 2116 1596 nonis
2157 1566 2331 1601 februarii,

1322 1628 1408 1649 anno
1425 1620 1484 1650 III.
1503 1632 1517 1647 »

1860 1804 1987 1835 orview,
2011 1805 2041 1831 113
2060 1804 2164 1831 fevi-ier
2185 1805 2260 1831 12131,

1411 1807 1484 1838 500

1357 1889 1542 1915 ‹iiiillclmum
1558 1888 1696 1914 ecclcsiae
1711 1887 1830 1914 Metcnsi
1848 1888 1973 1922 prat-ficit
1990 1889 2071 1914 ιΡιεῦ.
2088 1890 2132 1917 2⁸,
2150 1888 2197 1915 t'ol.
2210 1889 2332 1915 31.auu.

1321 1938 1366 1964 ΙΙΙ.
1384 1944 1413 1964 n⁰
1434 1938 1507 1972 1113.)

1362 2055 1376 2074 1(
1408 2042 1580 2078 Guillelmo,
1606 2043 1696 2072 electo
1719 2043 1856 2072 illefonsi.
1879 2042 2128 2072 S·‚›11icitudinis
2149 2043 2333 2082 apostolice

1321 2098 1470 2128 studium
1499 2114 1549 2127 -.
1582 2097 1667 2127 Sane
1695 2096 1822 2126 dudum
1853 2096 1995 2126 ecclesia
2022 2096 2164 2125 Metensi
2197 2099 2332 2134 pastore

1321 2152 1470 2184 vacante,
1489 2150 1627 2188 contigit
1642 2150 1675 2179 in
1691 2158 1728 2179 ea
1744 2150 1828 2179 duas
1842 2149 2036 2185 electiones,
2056 2158 2156 2178 unam
2175 2149 2332 2180 videlicet

1320 2204 1359 2234 de
1384 2204 1504 2235 dilecto
1524 2204 1593 2233 filio
1622 2203 1801 2241 Phylippo,
1822 2204 1899 2232 tunc
1918 2202 2141 2236 thesaurario,
2163 2202 2331 2241 reliquam

1320 2267 1398 2288 vero
1418 2258 1456 2287 de
1478 2257 1647 2296 quondam
1671 2255 1877 2291 Theobuldo,
1897 2256 2030 2285 cantore
2051 2255 2160 2293 ipsius
2178 2255 2329 2290 ecclesie,

1288 2334 1289 2340 1
1320 2312 1353 2341 111
1381 2311 1550 2341 discordia
1569 2309 1743 2340 celebrari.
1764 2310 1914 2347 Cumque
1934 2309 2101 2347 negotium
2127 2308 2329 2338 electionum

1287 2403 1288 2406 Ἰ
1318 2364 1512 2403 hujusmodi
1533 2363 1654 2393 fuisset
1678 2371 1736 2400 per
1755 2362 2015 2400 appellationem
2038 2361 2077 2390 ad
2100 2361 2212 2390 sedem
2232 2370 2328 2399 apos-

1318 2419 1455 2448 tolicam
1487 2417 1694 2451 devolutum,
1726 2415 1872 2450 tandem,
1902 2415 1980 2453 quia
2008 2414 2200 2443 invenimus
2226 2414 2326 2452 quod,

1287 2484 1288 2487 ¹
1319 2472 1435 2502 eodem
1450 2472 1585 2500 cantore
1599 2469 1668 2508 juri
1683 2477 1743 2498 suo
1760 2468 1907 2503 cedente,
1928 2469 1957 2497 et
1976 2467 2143 2505 quondam
2161 2467 2327 2498 Herberto

1318 2525 1357 2554 de
1389 2525 1526 2562 YireyQ
1559 2522 1714 2552 canonico
1747 2521 1902 2556 Metensi,
1926 2520 2014 2559 apud
2043 2520 2157 2549 sedem
2186 2520 2327 2551 eandem

1318 2580 1431 2608 contra
1447 2577 1573 2606 dictum
1590 2575 1795 2614 phylippum
1810 2573 1959 2612 ejusdem
1974 2573 2214 2611 appellationis
2231 2582 2329 2612 nego-

1318 2632 1401 2661 tium
1425 2630 1660 2669 prosequente,
1687 2628 1830 2658 dilectus
1860 2626 1950 2656 filius
1974 2651 1978 2655 .
1999 2651 2005 2656 .
2026 2651 2032 2660 ,
2058 2626 2185 2656 electus
2209 2627 2328 2658 Treve-

1318 2683 1438 2718 rensis,
1461 2683 1526 2713 loci
1546 2681 1839 2720 metropolitanus,
1860 2679 2058 2709 electionem
2076 2679 2115 2709 de
2133 2679 2221 2710 dicto
2239 2680 2327 2718 Phy-

1317 2737 1409 2776 lippo
1436 2735 1519 2766 inibi
1543 2734 1759 2769 celebratam,
1780 2735 1871 2763 motu
1896 2732 2032 2771 proprio
2058 2732 2270 2763 confirmavit
2295 2734 2328 2764 et

1318 2790 1395 2820 fecit
1415 2798 1491 2819 eum
1511 2788 1550 2817 de
1569 2788 1667 2823 facto,
1689 2796 1763 2817 cum
1783 2787 1822 2816 de
1836 2786 1910 2824 jure
1927 2785 2127 2824 nequiverit,
2146 2786 2180 2815 in
2199 2786 2326 2825 episco-

1318 2852 1397 2881 pum
1426 2841 1626 2876 consecrari,
1655 2849 1716 2870 nos
1746 2839 2035 2869 confirmationem
2068 2838 2262 2878 hujusmodi
2294 2841 2327 2869 et

1350 2952 1370 2974 ¹.
1392 2950 1428 2974 Ce
1446 2952 1500 2973 mot
1520 2951 1563 2973 est
1578 2948 1663 2972 rcerit
1680 2955 1730 2971 sur
1748 2954 1786 2971 un
1804 2949 1944 2977 grattage.
