2547 3289
983 237 1222 275 TROISIEME
1255 237 1418 274 ANNEE.

159 330 351 368 hujusmodi
371 329 412 359 ad
429 329 544 359 sedem
558 328 777 367 apostolicam
796 328 945 367 legitime
961 328 1168 362 devolutum,

160 383 245 413 etin
268 391 306 413 ea
326 382 462 412 tractari
489 391 525 412 ac
550 381 639 411 finiri
667 381 798 416 debere,
819 381 942 411 dictam
969 382 1098 419 partem
1118 381 1171 410 ad-

160 444 293 466 versam
306 437 467 474 reputans
481 436 723 468 contumacem,
735 434 813 473 quia
825 434 976 472 prefatus
988 434 1170 463 cardinalis

160 489 271 519 medio
288 490 439 526 tempore
454 496 489 518 se
507 488 547 518 ad
565 489 678 526 partes
696 487 780 517 alias
798 487 950 523 contulit,
970 495 1030 516 nos
1049 486 1170 516 dilecto

161 542 230 572 filio
264 541 426 580 magistro
457 541 621 577 Navarro,
656 540 829 578 capellano
864 542 989 573 nostro,
1023 539 1169 570 auditori

160 603 340 624 causarum
359 594 465 624 nostri
488 594 605 632 palatii
629 593 789 632 generali,
811 601 927 622 omnes
946 601 1065 622 causas
1082 592 1169 622 dicto

160 647 323 677 cardinali
349 647 550 677 commissas
577 645 762 676 audiendas
789 645 1024 675 commisimus
1052 647 1083 675 et
1105 646 1169 674 tine
1199 654 1200 661 ¹

159 699 271 730 debito
297 700 509 729 decidendas.
531 699 622 729 Idem
644 707 721 728 vero
739 698 900 737 magister
918 699 972 734 N.‚
992 698 1170 736 premissis
1199 731 1200 741 η

160 752 381 783 citationibus
409 753 443 782 in
470 752 619 791 predicta
642 751 826 788 audientia,
852 753 886 781 ut
916 753 965 780 est
990 751 1106 787 moris,
1134 760 1170 780 ac

160 805 287 835 libellis
302 815 319 835 a
335 807 366 836 te
378 805 535 843 receptis,
552 805 636 834 visis
647 813 778 843 quoque
795 805 1040 840 instrumentis,
1054 803 1170 842 proba-

159 857 310 887 tionibus
328 866 364 887 ac
376 856 511 895 juribus
529 865 547 886 a
562 857 594 886 te
609 855 770 886 exhibitis
787 855 904 894 eisque
924 855 1059 893 plenius
1076 855 1171 885 intel-

159 910 256 940 lectis
289 919 324 939 ac
357 909 537 947 diligenter
572 908 788 943 examinatis,
822 916 950 937 necnon
985 908 1169 946 peritorum
1200 922 1201 941 1

159 962 302 992 001151110
322 963 353 991 01
370 961 469 1000 plena
487 961 729 991 deliberatione
745 969 859 990 secum
878 959 1002 990 habitis
1016 960 1170 998 jurisque

159 1015 275 1045 ordine
295 1013 484 1047 observato,
504 1015 536 1043 te
554 1014 710 1052 presente
729 1022 765 1042 ac
785 1013 901 1042 eadem
917 1014 1012 1050 parte
1029 1013 1171 1042 adversa

158 1076 224 1098 non
235 1069 371 1098 curante
384 1075 496 1097 coram
511 1075 549 1096 eo
562 1074 622 1104 per
636 1075 671 1096 se
685 1065 736 1096 vel
754 1065 986 1104 responsalem
1002 1066 1171 1104 ydoneum

158 1129 364 1159 comparere,
386 1119 604 1150 diffinitivam
626 1128 685 1158 pro
707 1120 737 1149 te
755 1119 958 1149 sententiam
980 1119 1172 1157 promulga—

156 1174 216 1208 vit,
245 1173 477 1212 supradictum
503 1172 741 1212 presbyterum
768 1171 842 1209 tihi,
864 1180 1090 1210 expensarum
1112 1180 1170 1201 no-

158 1227 260 1263 mine,
279 1227 313 1256 in
337 1226 451 1257 decem
475 1225 581 1256 libras
599 1227 724 1261 111100,
749 1225 921 1255 taxatione
942 1224 1118 1263 preb-abita
1140 1225 1171 1254 et

157 1289 175 1310 a
191 1282 223 1310 te
236 1280 428 1319 juramento
446 1279 599 1318 prestito,
618 1278 860 1308 nichilominus
879 1278 1169 1316 condempnando,

157 1334 256 1371 prout
274 1333 308 1362 in
319 1332 452 1371 publico
468 1332 693 1361 instrumento
704 1330 855 1361 confecto
871 1330 992 1363 exinde
1003 1339 1039 1360 ac
1056 1330 1170 1370 sigillo

156 1386 267 1425 ipsius
293 1386 446 1424 magistri
474 1385 617 1415 Navarri
643 1385 786 1423 signato,
811 1384 945 1422 plenius
966 1384 1168 1414 continetur.

156 1440 222 1469 Nos
237 1439 363 1478 itaque,
382 1439 450 1468 tuis
465 1437 774 1476 supplicationibus
792 1437 958 1472 inclinati,
977 1437 1171 1476 hujusmodi

158 1491 361 1522 sententiam
389 1493 418 1522 01
450 1491 788 1529 condempnationem
818 1490 904 1521 sicut
936 1490 1075 1529 provide
1105 1490 1171 1520 late

157 1547 247 1581 sunt,
262 1547 352 1575 ratas
371 1547 402 1575 et
418 1545 533 1574 firmas
551 1544 725 1580 habentes,
747 1552 803 1574 eas
821 1544 1019 1574 auctoritate
1038 1545 1172 1582 aposto-

158 1598 223 1629 lica
246 1598 494 1634 confirmamus,
515 1599 589 1634 etc,
608 1606 716 1636 usque
734 1597 994 1627 communimus.

199 1652 365 1682 Tenorem
394 1653 506 1681 autem
538 1651 647 1689 ipsius
681 1650 898 1680 instrumenti
931 1650 970 1679 de
1001 1649 1102 1680 verbo
1133 1650 1173 1679 ad

160 1704 302 1735 verbum
318 1704 534 1743 presentibus
551 1704 694 1734 fecimus
712 1703 877 1738 annotari,
893 1703 950 1741 qui
968 1703 1046 1732 talis
1063 1704 1132 1732 est:

200 1770 213 1784 «
233 1758 271 1788 Iu
288 1758 423 1788 nomine
440 1757 579 1788 Domini
593 1766 701 1787 amen.
722 1756 805 1786 Cum
824 1757 1063 1786 sanctissimus
1078 1757 1172 1794 pater

159 1811 318 1842 dominus
337 1811 505 1845 Urbanus,
530 1811 644 1840 divina
665 1810 879 1849 providentia
896 1809 1099 1839 universalis
1123 1818 1173 1839 sa-

160 1866 332 1895 crosancte
351 1864 503 1895 Romane
521 1863 662 1894 ecclesie
683 1872 837 1892 summus
851 1862 1016 1901 pontifex,
1036 1871 1171 1892 venera-

160 1919 222 1950 bili
240 1920 328 1959 patri
344 1920 480 1950 domino
497 1943 502 1947 .
519 1944 524 1948 .
541 1919 722 1949 Leodiensi
734 1918 904 1957 episcopo,
920 1918 992 1947 suis
1008 1917 1070 1947 sub
1084 1919 1173 1947 certa

161 1973 270 2004 forma
288 1973 436 2003 dedisset
455 1973 579 2002 litteris
596 1972 628 2001 in
648 1971 817 2001 mandatis
837 1972 872 2000 ut
888 1971 988 2000 Petro
1005 1971 1044 2000 de
1063 1971 1173 2009 Hoyo,

160 2027 283 2057 clerico
308 2035 367 2056 sue
393 2025 550 2059 diocesis,
582 2025 713 2054 nullum
735 2026 813 2054 tunc
842 2024 1041 2054 beneficium
1070 2023 1176 2054 00010-

160 2079 337 2110 siasticum
361 2080 527 2114 assecuto,
557 2078 596 2108 de
618 2077 731 2116 aliquo
756 2077 983 2107 ecclesiastico
1013 2076 1174 2106 beneficio
1204 2088 1205 2092 ¹

162 2132 359 2170 prebendati
379 2132 431 2162 vel
448 2132 528 2166 alio,
546 2140 622 2162 cum
640 2139 719 2161 cura
738 2130 791 2161 vel
810 2131 882 2160 5100
900 2138 991 2166 cura,
1011 2130 1040 2159 si
1060 2130 1091 2159 in
1115 2138 1176 2159 sua

162 2186 296 2216 civitate
310 2185 362 2215 vel
380 2185 506 2215 diocesi
519 2186 598 2215 tunc
614 2183 764 2220 vacabat,
783 2184 836 2214 vel
853 2183 1066 2222 quamprimo
1085 2183 1125 2212 ad
1142 2183 1176 2212 id

162 2247 197 2270 se
213 2239 348 2269 offerret
366 2238 589 2277 oportunitas,
605 2237 797 2276 provideret
813 2237 992 2276 ipsumque
1011 2236 1045 2266 in
1063 2245 1176 2274 corpo·
1205 2264 1206 2268 ,

161 2292 268 2322 ralem
288 2291 398 2330 ipsius
422 2291 675 2330 possessionem
703 2290 875 2320 induceret
899 2291 930 2320 et
952 2291 1104 2319 tueretur
1127 2289 1176 2318 10-

161 2345 311 2381 ductum,
338 2344 602 2374 contradictores
619 2352 677 2382 per
699 2351 878 2373 censuram
897 2342 1175 2376 ecclesiasticam,

162 2397 390 2437 appellatione
401 2396 604 2436 postposita,
614 2396 868 2434 compescendo,
880 2395 970 2426 idem
982 2395 1173 2433 episcopus,

161 2450 356 2490 hujusmodi
375 2450 533 2480 mandato
552 2450 698 2487 recepto,
720 2449 864 2479 discreto
882 2448 953 2478 viro
971 2447 1117 2478 Guidoni
1135 2448 1175 2478 110

162 2505 318 2540 13010001,
340 2503 498 2534 canonico
517 2502 710 2538 Leodiensi,
732 2510 834 2540 super
852 2501 1046 2540 provisione
1062 2500 1175 2538 hujus-

162 2557 253 2588 1110111
282 2556 453 2587 commisit
482 2555 632 2586 totaliter
654 2555 746 2585 vices
774 2563 865 2584 suas.
884 2554 1003 2584 Dictus
1020 2562 1099 2584 vero
1123 2562 1174 2583 ca-

163 2611 306 2641 nonicus
334 2609 513 2640 ecclesiam
530 2608 570 2639 de
601 2607 837 2638 Ambresmeal
864 2607 946 2646 (sic),
975 2606 1175 2636 Leodiensis

164 2663 321 2699 diocesis,
343 2664 421 2693 tunc
443 2663 628 2697 vacantem,
657 2670 732 2691 cum
758 2660 976 2699 appenditiis,
992 2659 1128 2699 juribus
1144 2661 1176 2690 01

162 2716 380 2755 pertinentiis
404 2716 477 2746 suis
494 2714 651 2745 omnibus
677 2714 808 2753 prefato
833 2713 954 2743 clerico
976 2713 1175 2743 auctoritate

163 2770 350 2809 apostolica
368 2768 434 2799 sibi
453 2769 487 2798 in
506 2776 543 2798 ea
561 2768 654 2806 parte
672 2766 866 2803 commissa,
883 2765 1025 2797 contulit
1045 2767 1076 2796 01
1092 2765 1175 2795 assi-

163 2823 290 2862 gnavit,
319 2822 451 2860 sibique
477 2821 517 2852 de
536 2821 652 2851 eadem
671 2819 830 2859 providit,
857 2819 991 2850 irritum
1018 2820 1050 2849 et
1077 2819 1175 2848 inane
1205 2852 1206 2856 Ἰ

163 2877 347 2907 decernens
369 2875 397 2905 si
416 2875 497 2914 quid
519 2875 635 2904 contra
656 2873 871 2904 collationem
893 2873 924 2903 01
944 2871 1175 2911 provisionem
1205 2899 1206 2903 ,

163 2929 357 2969 huiusmodi
371 2938 388 2958 a
403 2936 572 2967 quoquam
586 2927 793 2965 contingeret
810 2925 1016 2964 attemptari,
1033 2925 1174 2954 dictum-

2179 246 2237 273 477

1232 337 1295 366 que
1315 328 1473 358 clericum
1490 337 1548 366 per
1565 328 1730 358 discretos
1750 328 1839 357 viros
1857 328 2047 358 Arnuldum
2067 327 2238 366 presbyte-

1232 390 1304 410 rum
1321 381 1360 411 de
1376 381 1499 415 Hanut,
1514 382 1546 410 01
1566 405 1583 410 ..
1601 380 1798 410 investitum
1818 380 1857 410 de
1870 381 2138 419 Parvo-Haleyo‚
2152 381 2237 410 dicte

1231 433 1387 469 diocesis,
1412 433 1444 462 in
1462 433 1671 472 corporalem
1688 433 1794 471 ipsius
1812 432 1951 462 ecclesie
1969 442 2005 462 ac
2030 433 2239 471 appenditio—

1231 494 1305 515 rum
1322 486 1394 524 ejus
1414 485 1491 516 fecit
1511 486 1762 524 possessionem
1781 486 1903 515 induci.
1925 485 2075 523 Cumque
2093 487 2239 523 postmo-

1230 537 1309 567 dum
1325 538 1527 576 Stephanus,
1546 537 1725 576 presbyter
1749 538 1787 567 de
1804 538 1954 567 Antiana.
1984 537 2023 566 ad
2045 537 2166 567 dic-tam
2189 546 2240 567 ec-

1231 590 1369 619 clesiam
1385 590 1423 619 110
1445 590 1680 620 Ambresineal
1697 600 1715 619 a
1736 615 1741 619 .
1762 615 1766 618 .
1793 590 1977 628 preposita,
2000 613 2005 617 .
2025 615 2029 618 ,
2050 590 2185 625 ‹let-ana,
2207 592 2239 619 et

1231 643 1377 680 capitulo
1397 643 1560 673 secularis
1579 643 1719 673 ecclesie
1741 643 1965 678 Andanensis,
1986 642 2112 680 prefate
2131 643 2237 672 dics-e-

1231 695 1291 729 sis,
1305 695 1425 734 quijus
1435 697 1632 734 patronatus
1646 695 1754 734 ipsius
1767 695 1906 725 ecclesie
1921 695 1960 725 de
1978 695 2239 733 Ambrcsintelal

1231 748 1271 777 ad
1287 757 1321 778 se
1340 751 1493 778 asserunt
1513 749 1691 787 pertinere,
1710 749 1742 778 in
1761 748 1840 778 dicti
1854 749 1944 778 Petri
1963 748 2185 786 prejudicium
2209 750 2238 777 et

1231 810 1410 840 gravamen
1432 810 1466 831 se
1482 802 1604 831 faceret
1622 801 1821 840 presentari,
1843 801 1952 830 dictus
1972 800 2106 833 Petrus,
2124 810 2241 839 ‹piam-

1232 854 1339 884 citoid
1353 854 1393 884 ad
1406 863 1502 884 suam
1515 854 1667 892 pervenit
1686 854 1850 886 notitiam,
1869 853 2048 892 inscriptis
2067 854 2105 882 ad
2126 854 2238 883 sedem

1232 907 1451 945 apostolicam
1470 906 1663 945 appellavit,
1688 908 1825 945 propter
1850 906 1938 944 quod
1954 906 1993 935 ad
2013 906 2150 935 eandem
2172 914 2241 944 per-

1232 960 1392 989 sonaliter
1421 960 1535 989 sedem
1571 960 1744 995 accedens,
1775 961 1843 989 tam
1884 968 1984 997 super
2013 959 2238 997 appellatione

1232 1013 1361 1050 prefata
1385 1021 1484 1051 quam
1505 1012 1638 1051 negotio
1656 1012 1836 1050 principali
1854 1012 2073 1041 reverendum
2099 1014 2239 1050 patrem.

1233 1066 1406 1095 dominum
1427 1065 1659 1099 Gottisridum,
1690 1065 1797 1094 sancti
1813 1064 1948 1103 Georgii
1975 1064 2015 1093 ad
2036 1065 2157 1094 Velum
2176 1067 2241 1095 Au-

1232 1127 1327 1148 reum
1347 1119 1524 1148 diaconum
1542 1117 1759 1153 cardinalem‚
1778 1117 1851 1147 dari
1870 1116 2015 1147 obtinuit
2041 1118 2239 1147 auditorem.

1231 1171 1351 1201 Coram
1371 1180 1435 1209 quo
1455 1171 1528 1209 ipso
1547 1179 1606 1209 pro
1624 1179 1659 1200 50
1676 1170 1912 1208 personaliter,
1934 1170 2066 1200 nemine
2087 1179 2163 1199 vero
2182 1178 2241 1208 pro

1232 1224 1332 1254 dictis
1352 1223 1563 1262 presbytero,
1589 1224 1768 1261 preposita,
1790 1223 1915 1252 decana
1932 1224 1963 1253 et
1989 1223 2136 1261 capitulo
2155 1232 2242 1253 coni-

1231 1279 1382 1316 parente,
1401 1277 1480 1307 licet
1498 1276 1627 1315 pluries
1648 1277 1677 1306 et
1697 1276 1923 1314 peremptorie
1943 1278 1974 1304 in
1995 1275 2166 1305 audientia
2186 1285 2242 1313 pu-

1231 1330 1332 1367 blica,
1350 1331 1390 1360 de
1408 1330 1566 1360 mandato
1588 1329 1668 1359 dicti
1687 1329 1815 1359 domini
1843 1329 2037 1364 cardinalis,
2061 1329 2152 1358 citati
2175 1329 2244 1358 sue-

1232 1384 1311 1417 rint,
1323 1385 1359 1413 ut
1374 1385 1425 1413 est
1441 1383 1558 1416 moris,
1570 1385 1601 1413 et
1617 1391 1675 1421 per
1693 1382 1812 1421 viginti
1828 1382 1901 1412 dies
1917 1383 1948 1411 et
1964 1382 2111 1420 amplius
2127 1391 2244 1420 expec-

1232 1437 1305 1472 tati,
1338 1436 1505 1466 discretus
1536 1436 1586 1465 vir
1617 1435 1777 1474 magister
1809 1435 1990 1470 Jobannes,
2025 1435 2243 1473 cappellanus

1232 1490 1354 1529 prefati
1380 1490 1507 1520 domini
1532 1489 1726 1523 cardinalis,
1760 1489 1813 1518 cui
1840 1489 1928 1518 idem
1952 1488 2108 1518 dominus
2134 1489 2242 1526 ipsam

1233 1552 1367 1573 causam
1400 1543 1616 1572 commiserat
1646 1541 1859 1575 audiendam,
1890 1541 1929 1571 de
1962 1541 2099 1579 speciali
2134 1541 2243 1579 ipsius

1233 1596 1369 1626 licentia
1387 1598 1418 1626 et
1436 1595 1605 1631 mandato,
1625 1595 1748 1624 dictam
1766 1603 1903 1624 causam
1920 1594 2150 1632 pronuntiavit
2168 1603 2242 1624 esse

1233 1658 1292 1688 per
1319 1649 1580 1688 appellationem
1608 1647 1802 1686 huiusmodi
1821 1647 1862 1676 ad
1889 1647 2002 1676 sedem
2020 1647 2240 1685 apostolicam

1233 1702 1384 1741 legitime
1403 1701 1609 1737 devolutam,
1637 1702 1668 1730 et
1696 1701 1730 1729 in
1755 1700 1871 1730 eadem
1898 1700 2033 1730 tractari
2061 1699 2182 1729 debere
2210 1702 2241 1729 et

1233 1756 1336 1791 finiri,
1354 1755 1503 1793 prefatos
1520 1753 1769 1792 presbyterum,
1789 1753 2008 1791 prepositam,
2031 1753 2189 1782 decanam
2211 1756 2240 1783 et

1234 1809 1419 1848 capitulum
1438 1809 1597 1846 reputans
1614 1809 1828 1837 contumaces
1851 1808 1881 1836 et
1901 1806 1933 1835 in
1953 1806 2041 1836 dicta
2064 1815 2165 1836 causa
2187 1807 2238 1836 de-

1232 1862 1311 1893 bere
1331 1861 1477 1901 procedi,
1504 1861 1656 1899 ipsorum
1676 1860 1885 1889 contumacia
1910 1868 1975 1889 non
1995 1859 2158 1889 obstante.
2180 1860 2241 1889 Ye-

1233 1924 1320 1951 rum,
1352 1915 1483 1953 prefato
1504 1914 1640 1944 domino
1668 1912 1831 1943 cardinali
1857 1921 1892 1942 50
1916 1913 1956 1942 ad
1982 1915 2094 1950 partes
2121 1913 2205 1942 alias
2225 1922 2241 1942 a

1234 1969 1327 1999 curia
1345 1968 1549 2001 conferente,
1565 1966 1738 2004 predictus
1760 1965 1998 1995 sanctissimus
2016 1967 2122 2004 pater,
2142 1966 2246 1995 domi-

1234 2031 1298 2052 nus
1328 2021 1486 2052 Urbanus
1516 2028 1601 2058 papa
1634 2019 1711 2054 IIII,
1746 2018 1854 2053 nobis,
1886 2019 2047 2058 magistro
2080 2019 2244 2052 Nax-arro,

1235 2074 1431 2114 cappellano
1451 2082 1511 2104 5110
1527 2082 1563 2104 ac
1582 2073 1728 2103 auditori
1746 2081 1925 2102 causarum
1942 2073 2051 2110 ipsius
2063 2072 2180 2110 palatii
2193 2081 2245 2111 ge-

1234 2128 1354 2163 nerali,
1376 2136 1492 2158 omnes
1511 2135 1630 2157 causas
1643 2126 1730 2156 dicto
1748 2126 1883 2155 domino
1904 2125 2066 2155 cardinali
2090 2126 2247 2155 commis-

1235 2190 1302 2216 sas,
1326 2189 1433 2219 usque
1454 2181 1494 2210 ad
1518 2180 1627 2218 ipsius
1655 2179 1782 2209 domini
1804 2178 1987 2208 cardinalis
2008 2179 2165 2214 reditum,
2192 2187 2246 2208 au-

1235 2235 1376 2265 diendas
1409 2233 1580 2263 commisit
1611 2232 1744 2270 fineque
1781 2231 1892 2261 debito
1930 2231 2143 2261 decidendas.
2176 2232 2248 2262 Nos

1236 2288 1351 2326 itaque
1368 2286 1515 2325 prefatos
1533 2285 1783 2324 presbyterum,
1802 2284 2020 2322 prepositam,
2040 2284 2198 2314 decanam
2216 2286 2248 2314 et

1236 2340 1422 2379 capitulum
1438 2341 1473 2369 ut
1490 2348 1548 2377 per
1565 2348 1599 2368 se
1615 2338 1667 2368 vel
1683 2337 1914 2375 responsalem
1928 2337 2108 2375 ydoneum,
2126 2337 2247 2367 facturi

1235 2395 1267 2423 et
1284 2392 1451 2431 recepturi
1466 2392 1499 2422 in
1515 2392 1603 2422 dicta
1619 2399 1720 2421 causa
1735 2390 1824 2429 quod
1841 2390 1921 2420 ordo
1938 2389 2080 2419 rationis
2098 2390 2246 2428 require-

1235 2448 1295 2481 ret,
1308 2447 1552 2484 comparerent,
1562 2444 1691 2483 pluries
1700 2445 1729 2473 et
1742 2443 1967 2481 peremptorie
1980 2442 2077 2472 citari
2090 2442 2243 2472 fecimus.

1234 2499 1324 2538 Ipsis
1346 2507 1425 2529 vero
1442 2507 1502 2528 nec
1516 2506 1574 2536 per
1594 2506 1629 2527 se
1648 2505 1707 2526 nec
1723 2505 1782 2534 per
1800 2497 2050 2534 procuratorem
2068 2495 2247 2526 habentem

1234 2561 1295 2591 pro
1331 2552 1382 2582 eis
1413 2552 1609 2582 mandatum
1646 2549 1820 2580 5011101005
1853 2549 1892 2578 ad
1927 2548 2120 2579 istiusmodi
2147 2557 2246 2579 cause

1235 2605 1507 2644 prosecutionem
1523 2606 1554 2635 et
1568 2603 1799 2634 defensionem
1810 2610 1921 2632 coram
1935 2601 2034 2632 nobis
2049 2602 2247 2632 curantibus

1235 2667 1441 2697 comparere,
1460 2658 1570 2688 dictus
1586 2657 1708 2686 Petrus
1726 2657 1841 2686 contra
1859 2655 1953 2693 ipsos
1970 2654 2106 2685 libellos
2124 2654 2247 2685 obtulit

1236 2712 1491 2750 infrascriptos:

1276 2775 1290 2793 11
1313 2765 1434 2795 Coram
1452 2763 1560 2799 vobis,
1580 2761 1765 2792 venerabili
1787 2761 1870 2796 viro,
1896 2760 2057 2799 magistro
2080 2761 2245 2796 Navarro,

1238 2829 1252 2847 1>
1270 2817 1398 2848 domini
1427 2825 1511 2856 pape
1536 2815 1733 2854 cappellano
1760 2816 1791 2845 et
1820 2813 1928 2852 ipsius
1952 2814 2071 2853 palatii
2096 2814 2246 2853 generali

1237 2881 1252 2899 »
1271 2870 1423 2901 auditore
1450 2877 1642 2903 causarum,
1663 2867 1843 2906 subrogato
1865 2867 1899 2896 in
1918 2867 2031 2897 causis
2053 2867 2246 2897 commissis

1238 2935 1252 2953 )›
1273 2922 1443 2953 audientie
1467 2921 1642 2952 reverendi
1659 2920 1765 2959 patris
1784 2919 1911 2949 domini
1934 2919 2120 2954 Gottifridi,
2139 2919 2245 2950 sancti
