2547 3289
272 224 311 252 72
1022 218 1272 250 REGISTRES
1296 219 1510 250 D'URBAIN
1534 219 1592 249 IV.

271 306 410 333 cesimum
432 303 644 336 archiepiscopo
670 301 830 328 Coloniensi
854 301 1029 334 persolvant.
1052 302 1132 334 (arc.
1148 303 1192 334 26,
1207 302 1274 328 unni

271 354 307 385 ll,
329 359 360 379 n0
383 354 426 385 42,
445 351 492 378 fol.
511 353 540 376 til
560 352 609 383 v⁰.)

309 446 525 478 «..(leSteivclt
541 452 593 477 et..
611 446 647 475 de
656 445 830 475 Hamburne
845 446 1093 476 monasteriorum
1105 447 1273 483 abbatibus,

270 499 553 531 I’remonstratensis
569 499 695 533 ordinis,
716 497 904 529 Coloniensie
925 499 1058 528 diocesis.
1078 500 1275 530 Devotionis

267 554 418 585 affectum
429 553 586 583 abicit—.
599 552 682 582 Cum
696 552 798 589 igitur
809 552 1009 583 venerabilis
1026 552 1124 583 frater
1140 554 1273 583 noster..

267 606 536 645 archiepiscopus
559 604 891 640 Coloniensis,nobis
915 606 1080 644 exposuit,
1099 605 1274 636 Colonien-

267 660 315 690 sis
334 659 482 695 ecclesia,
499 667 562 697 que
583 658 630 687 sic
655 666 732 696 erga
749 666 864 687 onmes
885 659 1098 697 metropolico
1118 658 1182 688 sibi
1200 658 1275 697 jure

268 712 672 752 subjectosjuramaterne
689 711 871 741 affectionis
889 711 1054 746 observat,
1072 712 1160 750 quod
1176 720 1274 750 quan-

267 768 337 796 tum
348 766 395 795 est
408 765 442 795 in
457 765 540 803 ipsa,
554 764 647 794 nulla
661 772 723 802 que
742 764 819 793 sunt
832 763 1013 802 genitricis,
1024 765 1156 800 omittit,
1175 764 1276 803 parti-

265 827 343 858 ceps
355 817 563 848 adversitatis
574 818 604 847 et
614 817 843 855 prosperitatis
852 825 978 852 eorum,
990 817 1197 847 diversorum
1209 817 1274 847 sne-

266 872 308 902 rit
320 870 573 909 malignantium
584 870 613 899 et
624 870 793 908 potentum
805 869 915 900 attrita
923 870 1086 900 molestiis
1099 871 1128 900 et
1142 870 1274 909 injuriis

267 924 469 959 lacessita,et
483 924 613 961 propter
625 922 685 952 hoc
696 922 814 961 prelati
823 922 905 960 ejus,
916 923 972 961 qui
982 912 1115 953 fuerunt
1124 931 1182 960 pro
1194 923 1272 953 tem-

267 985 356 1016 pore,
376 976 459 1006 dura
474 975 669 1006 necessitate
685 975 848 1013 compulsi
867 975 1124 1013 prodefensione
1140 975 1273 1005 liberta-

266 1031 336 1060 tum
351 1031 383 1060 et
396 1029 522 1068 jurium
539 1028 644 1067 ipsius
664 1036 827 1067 expensas
850 1028 1015 1059 subierint
1026 1037 1091 1059 non
1111 1029 1272 1064 modicas,

267 1084 298 1113 et
309 1083 421 1121 gravia
430 1082 654 1112 contraxerint
664 1090 762 1112 onera
773 1081 1042 1119 debitorum,que
1055 1082 1188 1120 propter
1197 1090 1274 1111 usu-

268 1145 379 1166 rarum
392 1135 584 1173 voraginem
594 1135 675 1164 adeo
691 1135 918 1169 excreverunt,
935 1134 1022 1172 quod
1033 1134 1120 1164 dicta
1135 1134 1274 1164 ecclesia

267 1189 339 1219 sine
350 1188 576 1227 gravijactura
587 1188 617 1217 et
630 1196 694 1217 non
714 1187 852 1217 minima
861 1187 1083 1217 destructione
1097 1187 1273 1217 mobilium

267 1242 298 1272 et
313 1241 535 1271 immobilium
552 1240 716 1270 bonorum
735 1248 871 1270 snorum
893 1239 932 1269 ab
948 1239 1073 1270 eisdem
1091 1239 1205 1278 nequit
1222 1240 1274 1270 de-

268 1295 345 1325 bitis
359 1295 506 1330 liherari;
518 1303 576 1324 nos
586 1294 722 1332 dignum
733 1294 923 1332 reputantes
932 1295 962 1323 et
972 1295 1150 1331 equum‚ut
1161 1293 1222 1322 filii
1232 1293 1273 1322 lo-

264 1348 411 1387 cupletes
426 1347 656 1377 subventionis
669 1346 794 1377 auxilia
812 1346 951 1376 debeant
965 1346 997 1375 in
1013 1346 1128 1375 matris
1147 1346 1274 1383 egentis

265 1400 453 1431 subsidium
475 1408 621 1438 erogare,
654 1398 846 1428 discretioni
875 1399 984 1429 vestre
1011 1407 1071 1437 per
1093 1398 1275 1436 apostoliea

265 1453 387 1492 sci-lpta
400 1452 597 1482 mandamus
614 1453 778 1490 quatenus
797 1459 855 1481 vos
872 1451 924 1481 vel
936 1451 1019 1481 alter
1035 1452 1184 1481 vestrum
1200 1451 1274 1480 uni—

267 1515 379 1537 versos
390 1506 429 1536 de
439 1506 524 1536 clero
538 1505 693 1540 civitatis,
710 1504 852 1535 diocesis
870 1505 901 1534 et
915 1504 1084 1542 provincie
1101 1503 1275 1534 Colonien-
1300 1522 1302 1531 ⁴

266 1560 324 1594 sis,
342 1559 581 1598 cujuscumque
598 1558 725 1588 ordinis
737 1557 788 1588 vel
801 1557 1001 1587 conditionis
1018 1557 1173 1592 existant,
1187 1557 1275 1595 quod

264 1612 372 1643 eidem
391 1611 638 1650 archiepiscopo
655 1611 849 1641 vicesimam
867 1611 1089 1648 proventuum
1105 1609 1275 1640 ecclesias·
1301 1617 1303 1633 t

265 1665 404 1696 ticorum
413 1672 549 1694 suorum
558 1673 576 1694 a
586 1663 667 1694 festo
676 1663 943 1694 Resurrectionis
952 1663 1117 1693 dominice
1124 1662 1275 1701 proximo

265 1719 402 1749 venturo
420 1725 524 1756 usque
543 1717 583 1747 ad
598 1716 770 1747 biennium
781 1716 952 1746 annuatim
969 1715 1159 1751 exhibeant,
1171 1715 1206 1745 in
1221 1723 1275 1745 so-
1302 1736 1303 1742 ,

266 1771 424 1802 lutionem
440 1770 626 1800 debitorum
643 1769 834 1808 hujusmodi
851 1777 909 1808 per
918 1777 1038 1798 manus
1052 1769 1182 1799 vestras
1196 1768 1277 1798 inte-

267 1823 400 1862 graliter
415 1823 683 1857 convertendam,
707 1821 888 1852 monitione
903 1821 1076 1861 premissa,
1090 1830 1150 1860 per
1163 1830 1275 1851 censu-

267 1885 335 1907 ram
343 1876 613 1911 ecclesiasticam,
623 1875 842 1915 appellatione
850 1874 1043 1913 postposita,
1055 1874 1273 1913 compellatis.

269 1929 343 1960 Non
357 1929 505 1959 obstante
522 1946 571 1959 -.
590 1929 711 1958 Datum
730 1928 816 1967 apud
832 1927 1116 1961 Urbemveterem,
1129 1937 1150 1956 11
1162 1927 1275 1957 kalen-

267 1982 326 2013 das
339 1982 496 2021 januarii,
515 1989 602 2012 anuo
622 1991 655 2011 ιι.
674 1994 688 2008 »

335 2169 401 2199 181
807 2165 932 2196 Orvieto,
951 2166 981 2191 18
994 2165 1108 2200 janvier
1126 2166 1202 2191 laea.

301 2225 438 2259 Episcopo
451 2224 581 2258 sngiensi
597 2223 713 2250 mandat.
730 2225 869 2257 qnatenus
883 2222 1081 2253 Guillelmum,
1097 2222 1207 2248 dictum
1222 2222 1275 2248 Me-

268 2274 374 2303 rulam,
392 2273 425 2299 de
441 2272 634 2298 eeclesiastico
653 2271 787 2298 bcnelicio
806 2271 954 2305 providere
971 2273 1114 2305 procuret.
1132 2271 1211 2305 (ileo.
1231 2272 1275 2302 26,

266 2322 333 2349 anui
352 2322 386 2354 ll,
403 2326 433 2347 u⁰
450 2322 494 2353 43,
511 2321 558 2347 sol.
578 2323 606 2347 61
627 2322 679 2354 νο.)

308 2441 348 2459 ιι..
359 2430 497 2468 episcope
509 2427 659 2467 Saqieasi.
673 2427 878 2457 Constitutus
890 2426 922 2455 in
931 2425 1097 2464 presentia
1111 2427 1221 2455 nostra
1231 2425 1276 2454 di-

267 2483 370 2513 lectus
387 2481 475 2511 tilius
491 2480 703 2515 Guillelmus,
721 2479 828 2509 dictus
844 2478 983 2513 Merula',
995 2486 1120 2517 pauper
1136 2477 1277 2508 clericus

267 2536 320 2565 tue
330 2534 483 2568 diocesis
497 2533 592 2564 nobis
603 2532 773 2562 humiliter
787 2531 987 2570 supplicavit
999 2532 1033 2560 nt
1051 2530 1220 2569 cumipse,
1235 2530 1277 2559 si—

265 2588 320 2618 cut
330 2587 460 2623 asserit,
469 2586 598 2616 nullum
613 2585 655 2616 sit
667 2585 866 2615 beneficium
879 2583 1138 2614 ecclesiasticum
1148 2591 1276 2613 assecu-

266 2641 330 2676 tus,
353 2639 520 2678 provideri
539 2639 604 2669 sibi
620 2639 659 2669 de
683 2638 884 2676 benignitate
907 2636 1087 2675 apostolica
1104 2635 1276 2666 mandare-

268 2701 354 2723 mus.
380 2693 470 2723 Licet
494 2693 603 2722 autem
615 2691 754 2722 clericus
767 2691 849 2730 ipse,
863 2698 961 2728 quem
977 2697 1035 2728 per
1051 2688 1276 2719 venerabilem

268 2745 401 2776 fratrem
410 2744 779 2784 nostrum.episcopum
789 2741 1189 2776 Liddensem,examinari
1202 2741 1275 2770 t'eci-

269 2794 1277 2836 musdiligenter,inventussueritinlitteraturacompetenter
1306 2792 1307 2799 ¹

268 2851 418 2889 ydoneus
435 2850 475 2880 ad
492 2850 753 2880 ecclesiasticum
770 2848 969 2879 beneficium
983 2846 1214 2882 obtinendum,
1229 2848 1278 2876 ta·
1305 2849 1307 2883 j

269 2911 344 2934 men
356 2903 433 2942 quia
443 2903 538 2932 nobis
551 2903 589 2933 de
606 2903 712 2942 Ipsius
724 2903 791 2932 vita
803 2903 834 2932 et
845 2900 1095 2932 conversatione
1105 2908 1172 2929 non
1183 2908 1276 2930 cons-
1304 2888 1307 2923 ἶ

1332 302 1408 337 titit,
1427 302 1623 332 fraternitati
1644 305 1697 333 tue
1721 311 1779 342 per
1799 303 1980 342 apostoliea
2002 305 2122 342 scripta
2143 305 2344 335 mandamus

1333 357 1496 393 quatenus
1513 355 1600 386 circa
1623 356 1726 386 vitam
1750 358 1781 386 et
1803 357 2090 387 conversationem
2107 357 2255 396 ejusdem
2280 358 2345 388 cle-

1333 408 1393 438 rici
1409 408 1625 446 inquisitIOne
1637 409 1786 448 diligenti
1798 409 1973 448 premissa,
1991 409 2019 439 si
2034 409 2187 448 eu1112vite
2196 410 2344 440 laudabi-

1333 461 1375 491 lis
1391 462 1422 491 et
1447 461 1583 492 honeste
1602 462 1865 492 conversationis
1889 471 1962 492 esse
1986 463 2182 501 reppereris,
2206 464 2237 493 et
2259 463 2344 493 alias

1334 522 1399 544 non
1415 514 1459 544 sit
1473 514 1699 550 beneficiatus,
1721 514 1877 553 aliudque
1895 515 2091 546 canonicum
2107 525 2172 546 non
2191 516 2343 550 obsistat,

1333 567 1372 597 de
1388 567 1499 606 aliquo
1520 567 1741 598 ecclesiastico
1757 567 1917 598 beneficio
1931 576 2005 598 cum
2018 577 2096 598 cura
2115 569 2167 599 vel
2179 569 2251 599 sine
2265 577 2345 599 cura

1334 620 1372 649 ad
1387 620 1598 650 collationem
1610 620 1661 650 vel
1671 621 2152 658 presentationemdilectarum
2166 622 2201 652 in
2210 622 2344 652 ChriSto

1334 672 1504 702 tiliarum..
1515 673 1681 703 abbatisse
1691 675 1721 703 ct
1733 682 1835 704 conve
1842 675 1915 704 ntus
1924 675 2115 704 monasterii
2124 674 2163 705 de
2171 675 2345 705 Almenes-

1333 726 1432 760 chiis,
1457 726 1588 756 ordinis
1607 727 1711 756 sancti
1731 726 1914 761 Benedicti,
1936 727 2081 766 predicte
2098 727 2252 762 diocesis,
2268 737 2343 767 per·-

1332 779 1456 809 tinente
1483 781 1640 809 consueto
1657 779 1786 809 clericis
1804 776 2010 810 secularibus
2029 780 2204 818 assignari,
2224 780 2344 819 siquod

1331 832 1366 862 in
1385 833 1440 862 tua
1456 832 1508 862 vel
1526 832 1635 862 aliena
1650 833 1782 862 civitate
1805 833 1861 862 aut
1879 833 2003 862 diocesi
2023 835 2115 863 vacat
2135 833 2174 862 atl
2192 841 2343 871 presens,

1336 893 1395 914 seu
1417 885 1582 923 quamcito
1600 894 1634 915 se
1659 885 1800 916 facultas
1823 885 1990 922 obtulerit,
2014 886 2042 915 si
2059 886 2208 916 nondum
2227 886 2283 916 alii
2305 886 2345 916 de

1331 937 1504 968 beneficiis
1527 938 1568 968 ad
1587 939 1767 968 earundem
1793 938 1959 969 abbatisse
1977 941 2007 969 et
2025 940 2221 975 conventus,
2246 939 2345 969 colla-

1330 991 1457 1021 tionem
1476 1000 1534 1021 seu
1557 992 1834 1030 presentationem
1863 992 2087 1030 spectantibus
2110 992 2347 1022 mandavimus

1331 1044 1512 1082 provideri,
1533 1045 1639 1074 eilem
1651 1044 1781 1079 clerico,
1800 1045 1981 1075 dummodo
2011 1045 2089 1075 velit
2107 1045 2139 1075 in
2161 1045 2218 1075 illo
2234 1053 2348 1084 perso-

1333 1097 1452 1126 naliter
1468 1097 1611 1127 residere
1628 1098 1820 1128 anctoritate
1840 1100 1951 1127 nostra
1967 1106 2025 1136 per
2040 1099 2070 1128 te
2087 1106 2145 1127 seu
2160 1106 2220 1137 per
2242 1097 2346 1127 alium

1331 1150 1506 1188 providere
1518 1159 1686 1189 procures,
1703 1151 1866 1181 inducens
1879 1159 1954 1180 eum
1972 1151 2005 1180 in
2019 1151 2126 1189 ipsius
2139 1150 2347 1189 corporalem

1300 1220 1301 1223 =
1332 1203 1578 1241 possessionem
1593 1205 1624 1233 et
1638 1204 1818 1234 defendens
1842 1204 2013 1233 inductum
2031 1212 2067 1233 ae
2085 1204 2210 1233 sat-iens
2235 1203 2344 1242 ipsum

1332 1256 1367 1286 in
1381 1256 1520 1286 ecclesia
1536 1256 1571 1286 in
1585 1265 1650 1294 qua
1665 1256 1729 1286 sibi
1746 1256 1913 1295 provideri
1927 1257 2110 1295 contigerit=
2133 1257 2162 1285 si
2174 1255 2347 1295 collegiata

1333 1309 1463 1344 existat,
1480 1310 1656 1347 postquam
1672 1309 1711 1338 de
1729 1309 1786 1339 illo
1805 1310 1940 1339 vacante
1964 1309 2029 1338 sihi
2043 1309 2214 1347 provisum
2234 1308 2346 1344 fuerit,

1333 1361 1367 1390 in
1385 1361 1580 1391 canonicum
1598 1361 1698 1400 recipi
1713 1362 1743 1391 et
1761 1361 1794 1391 in
1815 1361 1962 1391 fratrem.
1978 1361 2052 1391 Non
2069 1361 2220 1391 obstante
2236 1362 2347 1391 etc.—

1335 1414 1600 1444 Contradictores
1618 1415 1678 1444 etc.
1694 1431 1743 1443 —.
1760 1414 1809 1444 Ita
1819 1415 1929 1444 tamen
1943 1414 2031 1452 quod
2048 1414 2136 1444 idem
2151 1414 2293 1444 clericus
2306 1413 2349 1444 ad

1333 1466 1479 1502 ordines,
1492 1475 1575 1505 quos
1594 1467 1733 1505 re-luirit
1749 1475 1833 1497 onus
1845 1466 1999 1497 beneficii
2016 1467 2056 1496 de
2081 1475 2146 1505 quo
2162 1466 2229 1497 sibi
2244 1466 2348 1497 duxe-

1333 1520 1380 1550 ris
1409 1520 1663 1558 providendum,
1689 1520 1821 1550 statutis
1851 1519 2056 1559 temporibus
2085 1528 2120 1550 se
2152 1520 2251 1550 saciat
2273 1527 2348 1559 pro-

1333 1573 1472 1603 moveri.
1502 1573 1696 1603 Mandatum
1728 1574 1879 1603 nostrum
1909 1573 2020 1603 taliter
2041 1572 2254 1612 impleturus,
2285 1574 2347 1603 eto.

1334 1626 1458 1656 Datum
1487 1627 1575 1665 apud
1599 1626 1883 1662 Urbemveterem,
1918 1636 1962 1654 xv
1985 1626 2147 1656 kalendas
2171 1625 2346 1661 februarii,

1334 1688 1420 1709 anno
1435 1689 1470 1709 11.
1490 1690 1505 1707 »

1404 1842 1475 1872 ⁴182
1876 1840 2003 1872 Ort-icto,
2021 1841 2051 1867 ¹9
2063 1840 2177 1876 janvier
2196 1840 2273 1867 1263.

1370 1924 1527 1950 Januenses
1541 1924 1669 1950 obsecrat
1687 1926 1745 1950 uta
1761 1924 2003 1950 conroederatione
2015 1923 2353 1959 Palaeologifimpemm-

1304 1973 1306 1982 ³
1334 1973 1374 1999 ris
1391 1973 1576 2004 Graecorum,
1593 1973 1745 1999 desistant.
1764 1973 1841 2006 (Res.
1858 1973 1902 2004 26,
1919 1973 1988 1999 anni
2006 1972 2041 2003 11,
2059 1977 2091 1998 n⁰
2108 1973 2153 2003 44,
2169 1972 2219 1999 sol.
2236 1973 2295 2007 62.)

1377 2063 1418 2081 «..
1438 2052 1597 2090 potestati,
1617 2051 1740 2081 consilio
1755 2056 1782 2080 ct
1810 2051 1960 2080 conanimi
1979 2052 2183 2082 Januensibus
2203 2053 2348 2092 spiritum

1304 2113 1305 2116 ¹
1335 2104 1454 2134 consilii
1476 2104 1614 2134 sanioris.
1639 2104 1720 2134 Post
1738 2104 1928 2142 frequentes
1951 2105 2208 2136 ammonitiones
2224 2105 2349 2144 quibus

1335 2158 1422 2196 apud
1440 2166 1498 2187 vos
1520 2166 1577 2195 per
1594 2157 1719 2187 litteras
1735 2158 1765 2187 et
1784 2158 1918 2187 nuntios
1936 2158 2130 2193 institimuS,
2149 2160 2183 2188 ut
2199 2167 2218 2188 a
2240 2159 2349 2189 confe-

1335 2211 1503 2241 deratione
1530 2210 1698 2249 Paleologi
1716 2210 1894 2240 scismatici
1921 2211 2064 2241 totaliter
2084 2212 2286 2245 recedentes.
2305 2211 2347 2242 ad

1335 2264 1446 2294 sinum
1463 2264 1579 2293 matris
1595 2262 1744 2298 ecclesie,
1759 2271 1775 2292 a
1789 2265 1997 2303 quopropter
2013 2264 2074 2294 hoc
2086 2264 2270 2301 excidistis,
2287 2264 2348 2296 hu—

1336 2316 1460 2346 militer
1491 2317 1654 2351 rediretis,
1681 2325 1782 2355 super
1803 2317 1984 2347 ardentiori
2004 2317 2114 2348 studio
2137 2317 2350 2348 universitati

1336 2372 1444 2400 vestre
1466 2369 1714 2405 mandavimus,
1736 2369 1948 2400 obsecrantes
1966 2378 2025 2400 vos
2046 2379 2105 2409 per
2120 2371 2349 2410 aspersionem

1335 2423 1510 2461 sanguinis
1535 2423 1615 2453 Jesu
1633 2423 1757 2453 Christi
1779 2424 1815 2452 ut
1836 2423 1944 2453 Deum
1968 2425 2179 2462 vestramque
2207 2423 2347 2454 salutem

1335 2475 1494 2506 habentes
1510 2484 1567 2514 pre
1582 2476 1699 2510 oeulis,
1712 2476 1828 2506 nuntio
1845 2476 1951 2514 ipsius
1967 2476 2005 2506 P.
2021 2476 2127 2514 quiad
2139 2485 2199 2507 vos
2210 2476 2349 2507 veniens

1337 2529 1538 2568 stipendiare
1559 2528 1737 2559 bellatores
1753 2537 1789 2558 ac
1807 2528 1920 2567 galeas
1941 2530 1971 2558 et
1994 2538 2095 2559 naves
2117 2531 2230 2560 contra
2246 2529 2349 2560 Cons—

1336 2581 1652 2620 tantinopolitanum
1677 2582 1855 2620 imperium
1875 2583 1904 2612 et
1921 2581 2059 2612 Latinos
2082 2582 2263 2613 existentes
2286 2581 2349 2612 ibi—

1337 2635 1423 2670 dem,
1446 2635 1547 2665 immo
1565 2635 1678 2665 verius
1704 2635 1817 2665 contra
1841 2635 2027 2665 Romanam
2051 2635 2225 2665 ecclesiam
2247 2635 2280 2665 et
2298 2642 2347 2665 ca-

1336 2688 1493 2718 tholicam
1510 2688 1608 2718 fidem
1623 2688 1806 2718 conducere
1823 2687 2014 2718 intendebat
2032 2696 2049 2718 a
2066 2687 2176 2724 vobis,
2193 2695 2258 2718 non
2273 2694 2348 2727 pre·

1337 2741 1458 2771 heretis
1483 2740 1617 2779 aliquod
1639 2741 1673 2770 in
1697 2740 1757 2771 hac
1779 2742 1871 2780 parte
1887 2740 2079 2776 consilium.
2097 2740 2274 2776 auxilium,
2295 2739 2350 2770 vel

1338 2793 1497 2829 savorem,
1519 2802 1577 2824 nec
1588 2793 1741 2823 local-etis
1756 2793 1785 2823 ei
1802 2793 1913 2831 galeas
1929 2793 2059 2832 aliquas
2071 2793 2143 2824 sive
2160 2800 2274 2828 naves,
2289 2800 2348 2822 nec

1338 2846 1439 2876 locari
1463 2845 1503 2876 ab
1526 2846 1602 2876 aliis
1627 2846 1836 2884 pateremini.
1855 2854 1913 2876 nec
1932 2846 2030 2876 etiam
2048 2846 2158 2885 ipsum
2182 2845 2217 2875 in
2238 2846 2348 2875 vestra

1338 2899 1470 2930 civitate
1496 2898 1548 2929 vel
1574 2899 1725 2929 districtu
1752 2899 1953 2938 stipendiare
1983 2897 2193 2929 sustineretis
2217 2897 2350 2936 aliquos
