2547 3289
1141 234 1356 265 D'L‘RBAIN
1379 235 1436 265 Iv.

349 318 422 350 486

295 393 395 419 Eidem
411 393 530 420 mandat
546 395 686 427 quatenus
703 393 738 419 ab
754 393 887 427 episcopo
903 395 931 419 ct
945 393 1070 427 capitulo
1084 393 1270 428 Trajectensi-

795 317 921 350 Orvieto,
942 317 976 343 24
987 317 1102 344 octobre
1121 318 1197 344 1263.

258 441 309 468 bus
325 441 422 476 exigat
444 440 630 476 pecuniarum
648 449 777 467 summas
804 441 949 476 quondam
977 441 1149 476 Angelardo,
1165 441 1221 468 civi
1243 445 1269 469 et
1301 453 1303 461 ι

259 490 413 517 mercatori
429 490 568 523 Romano,
585 490 707 517 debitas.
728 490 807 525 (ΗΒΕ.
824 492 867 521 27,
886 490 934 517 ful.
954 490 1012 521 144,
1029 495 1058 516 u⁰
1075 489 1112 524 1.)

300 581 315 597 «
342 569 464 600 Eidem.
489 570 666 605 Quondam
694 570 922 608 Angelardus,
947 569 1032 599 civis
1055 571 1087 599 et
1105 572 1272 601 mercator

259 623 446 659 Romanus,
480 623 591 653 felicis
618 623 863 653 recordationis
883 622 1117 652 Alexandrum
1137 631 1271 661 papam,

258 676 535 714 predecessorem
562 678 730 712 nostrum,
763 675 960 706 testamenti
980 675 1033 704 sui
1058 677 1271 706 executorem

259 729 294 758 in
313 729 434 759 ultima
451 729 624 760 voluntate
642 728 792 767 reliquit.
811 729 951 764 Verum,
973 736 1049 757 cum
1065 727 1272 758 venerabilis

259 782 363 812 frater
386 784 501 812 noster
521 805 539 811 ..
557 782 738 820 episcopus
755 782 787 811 et
805 781 918 810 dilecti
932 780 994 810 tilii
1016 780 1203 819 capitulum
1223 790 1272 811 ec-

259 835 362 865 clesie
386 835 615 874 TrajectensIs
644 834 774 864 eisdem
805 834 985 863 mercatori
1013 833 1047 862 in
1064 835 1206 871 {centum
1226 834 1273 863 vi-

258 887 343 927 ginti
358 888 482 918 marcis
507 887 761 925 sterlingorum,
780 894 865 925 quas
885 885 926 916 al)
950 886 1025 925 ipso
1048 888 1166 916 mutuo
1184 895 1273 917 rece—

259 942 390 979 perant,
420 942 627 976 tenerentur,
647 939 687 969 de
716 938 841 978 quibus
871 947 933 969 nec
964 940 1157 973 mercatori,
1191 939 1272 969 dum

258 994 356 1030 vixit,
376 1002 436 1023 nec
452 993 625 1023 executori
653 992 827 1031 predictis,
846 992 1003 1031 quamvis
1023 993 1191 1023 terminus
1220 1001 1271 1022 so-

259 1046 401 1077 lutionis
417 1046 600 1081 effluxerit,
629 1045 694 1075 fuit
721 1045 938 1084 aliquatenus
961 1045 1184 1083 satisfactum,
1205 1046 1273 1076 dis-

260 1099 401 1130 cretioni
427 1101 484 1129 tue
517 1107 576 1138 per
608 1098 795 1137 apostolica
826 1098 953 1137 scripta
985 1099 1138 1129 districte
1167 1099 1273 1138 preci-

258 1153 380 1192 piendo
411 1152 626 1187 mandamus,
648 1154 815 1190 quatenus
841 1154 1048 1182 memoratos
1075 1153 1273 1190 episcopum

258 1209 290 1236 et
321 1205 510 1244 capitulum
534 1206 582 1242 ut,
610 1205 701 1235 infra
729 1205 831 1234 unius
859 1205 988 1235 mensis
1018 1205 1167 1243 spatium
1195 1207 1272 1243 post

258 1259 481 1289 monitionem
496 1260 602 1294 tuam,
614 1258 794 1296 pecuniam
809 1258 931 1296 ipsam,
947 1259 1064 1288 nost-ro
1083 1259 1113 1288 et
1132 1258 1272 1288 ecclesie

258 1312 411 1343 Romane
444 1311 594 1347 nomine,
614 1311 690 1347 tibi,
716 1311 868 1350 qualibet
899 1311 1074 1341 occasione
1106 1313 1271 1346 cessante,

258 1365 454 1404 persolvant
469 1373 609 1395 moneas
634 1365 796 1395 attentius
821 1366 851 1395 et
869 1364 1019 1394 inducas.
1040 1364 1137 1400 Quod
1153 1365 1183 1394 si
1204 1373 1273 1394 mo-

259 1417 341 1448 nitis
359 1418 428 1448 tuis
445 1417 535 1447 infra
554 1418 743 1456 predictum
767 1418 952 1448 terminum
968 1426 1087 1456 parere
1103 1417 1273 1448 noluerint

259 1471 294 1501 in
308 1471 368 1501 hac
385 1473 491 1509 parte,
508 1473 545 1501 tu
565 1472 689 1501 extunc
712 1471 747 1500 in
763 1470 953 1509 predictum
980 1470 1178 1509 episcopum
1198 1479 1273 1501 auc-

259 1524 395 1554 toritate
423 1525 540 1554 nostra
566 1526 598 1554 et
622 1524 768 1562 majores
790 1524 830 1554 de
857 1524 1018 1562 capitulo,
1046 1524 1274 1562 appellatione

260 1579 399 1613 remota,
418 1577 748 1607 excomunicationis
768 1577 971 1606 sententiam
991 1576 1115 1613 ferens,
1133 1579 1202 1607 tam
1216 1577 1275 1606 diu

261 1631 366 1669 ipsos,
387 1630 534 1669 singulis
555 1629 676 1660 diebus
697 1629 878 1659 dominicis
897 1631 929 1660 et
957 1630 1100 1664 festiviS,
1128 1629 1275 1668 pulsatis

260 1683 436 1722 campanis
449 1685 480 1713 et
493 1683 644 1713 candelis
663 1682 827 1717 accensis,
846 1682 1120 1713 excomunicatos
1139 1682 1275 1721 publice

264 1737 401 1767 nunties
422 1738 454 1767 et
473 1736 576 1766 facias
598 1735 639 1766 ab
661 1736 740 1766 aliis
767 1744 828 1774 per
846 1736 960 1765 onmia
984 1735 1070 1770 loca,
1091 1736 1125 1765 in
1150 1735 1275 1774 quibus

262 1790 422 1828 expedire
450 1789 589 1825 videris,
610 1789 761 1819 nuntiari
779 1790 809 1818 et
835 1788 875 1818 ab
901 1788 1058 1818 omnibus
1076 1788 1195 1819 evitari
1227 1797 1276 1818 ar-

262 1843 342 1878 tius,
363 1843 467 1872 donec
489 1842 676 1881 predictam
706 1842 885 1880 pecuniam
907 1842 1036 1880 integre
1053 1841 1115 1871 tibi
1141 1850 1278 1872 curave-

262 1896 329 1926 rint
356 1895 542 1934 assignare.
562 1895 596 1925 Si
619 1903 698 1925 vero
726 1894 848 1932 prefati
867 1894 1047 1932 episcopus
1073 1895 1105 1924 et
1130 1894 1277 1933 majores

262 1949 467 1979 sententiam
492 1948 603 1986 ipsam
629 1956 689 1986 per
718 1956 823 1977 unum
850 1955 1003 1977 mensem
1033 1947 1146 1977 animo
1177 1947 1277 1977 susti-

262 2003 398 2032 nuerint
428 2001 597 2037 indurato,
626 2002 663 2031 tu
693 2002 817 2030 extunc
835 2000 962 2030 dictum
990 2001 1188 2039 episcopum
1205 2009 1277 2030 sus-

261 2055 390 2094 pendas
407 2064 425 2085 a
442 2053 695 2093 pontificalibus
713 2056 745 2084 et
762 2053 855 2092 ipsos
870 2053 1017 2092 majores
1034 2053 1278 2084 ecclesiasticis

261 2108 436 2139 beneficiis
473 2108 546 2138 suis
573 2107 699 2146 prives,
727 2107 835 2137 citans
865 2107 1002 2137 eosdem
1031 2106 1278 2137 nichilominus

262 2161 503 2201 peremptorie,
522 2161 613 2199 quod
630 2160 720 2190 infra
738 2160 824 2190 duos
835 2168 971 2190 menses
989 2162 1066 2198 post
1082 2160 1278 2190 citationem

263 2216 370 2251 tuam,
386 2215 434 2245 sic
453 2222 642 2252 suspensus
659 2213 771 2244 dictus
787 2214 968 2252 episcopus
985 2221 1021 2243 ac
1038 2213 1161 2251 prefati
1177 2213 1280 2252 maj0-

264 2276 319 2298 res
336 2267 460 2307 privati
477 2267 715 2306 personaliter,
743 2266 929 2305 capitulum
947 2275 1026 2296 vero
1046 2275 1106 2305 per
1122 2274 1279 2305 procura-

265 2329 336 2351 rem
360 2321 530 2359 ydoneum
563 2321 779 2358 compareant
802 2328 914 2350 coram
939 2319 1037 2349 nobis
1060 2328 1121 2358 pro
1147 2319 1280 2349 meritis

265 2374 444 2412 recepturi.
455 2374 532 2404 Non
547 2373 701 2404 obstante
719 2373 748 2403 si
765 2373 894 2403 eisdem
911 2373 1070 2411 episcopo
1088 2374 1119 2402 et
1132 2372 1280 2411 capitulo

265 2427 469 2466 singillatim
492 2426 545 2456 vel
574 2426 764 2456 comuniter
794 2435 813 2456 a
837 2426 916 2456 sede
947 2425 1133 2465 apostolica
1163 2425 1207 2455 sit
1232 2425 1281 2455 in-

266 2480 400 2510 dultum
421 2479 511 2518 quod
534 2479 704 2515 interdici,
723 2481 784 2509 etc.
810 2480 846 2509 ut
870 2487 985 2518 supra,
1009 2487 1117 2517 usque
1142 2479 1282 2510 mentio-
1312 2482 1313 2486 ’

268 2542 355 2569 nem,
373 2541 434 2563 seu
453 2532 603 2571 qualibet
630 2532 697 2562 alia
720 2532 931 2571 indulgentia
955 2532 1065 2571 ipsius
1093 2532 1196 2568 sedis
1222 2540 1282 2570 per

268 2595 381 2626 quam.
405 2587 468 2616 etc.
495 2594 603 2624 usque
624 2586 657 2615 in
683 2586 826 2615 concilio
845 2585 1006 2624 generali.
1030 2586 1128 2616 Diem
1143 2594 1222 2615 vero
1239 2585 1282 2614 ci-

254 2639 408 2670 tationis
434 2640 465 2668 et
483 2638 639 2672 sormam,
665 2637 763 2668 nohis
781 2647 841 2676 per
862 2640 939 2668 tuas
963 2638 1108 2675 litteras,
1131 2641 1281 2669 tenorem

268 2692 479 2731 presentium
509 2691 732 2727 continentes,
751 2691 898 2721 fideliter
926 2691 1084 2721 intimare
1107 2699 1280 2731 procures.

271 2746 437 2777 Volumus
469 2747 583 2775 autem
608 2745 645 2774 ut
674 2744 837 2783 quicquid
866 2744 906 2774 de
936 2745 1079 2783 pecunia
1111 2744 1281 2783 receperis

269 2799 451 2832 antedicta,
467 2798 555 2836 apud
574 2797 754 2836 religiosas
772 2797 826 2826 vel
849 2796 935 2827 alias
956 2797 1074 2828 fideles
1094 2799 1126 2828 et
1144 2806 1281 2828 securas

270 2860 435 2891 personas
460 2853 493 2882 et
510 2852 583 2881 tuta
606 2850 679 2881 loca
707 2849 769 2880 sub
792 2849 988 2880 testimonio
1010 2851 1115 2881 trium
1138 2850 1192 2880 vel
1210 2850 1283 2889 plu-

272 2906 361 2936 rium
386 2905 634 2944 fidedignarum
650 2905 681 2934 et
708 2902 950 2941 sollempnium
970 2911 1206 2942 personarum,
1226 2912 1282 2934 no-

416 2958 554 2986 Unssam
575 2957 630 2991 IV,
651 2959 673 2984 t.
696 2956 720 2984 Ι.
743 2956 817 2990 Reg.
840 2963 917 2982 cam.

2287 240 2345 270 145

1332 318 1422 348 mine
1447 320 1563 349 nostro
1589 322 1619 349 et
1647 320 1788 350 ecclesie
1818 321 1982 357 Romane,
2002 321 2162 360 deponas.
2199 321 2342 353 Proviso

1333 372 1421 410 quod
1446 373 1514 401 tam
1538 381 1556 402 a
1580 372 1799 411 depositariis
1818 373 1902 411 ipsis
1923 383 2023 412 quam
2043 374 2196 412 personis
2212 375 2342 413 predic-

1332 424 1389 460 tiS,
1409 425 1541 455 litteras
1563 426 1811 456 testimoniales
1833 435 1935 465 super
1958 427 2111 466 deposito
2135 429 2210 466 ipso
2229 430 2344 466 paten-

1332 478 1392 513 tes,
1421 478 1483 507 sul)
1513 479 1638 517 sigillis
1667 479 1831 518 ipsorum,
1851 480 1996 519 recipias
2018 481 2219 519 duplicatas,
2252 481 2342 512 diem

1333 530 1557 568 depositionis
1585 533 1617 562 et
1643 533 1866 570 quantitatem
1894 533 2047 571 deposite
2072 535 2212 573 pecunie
2239 535 2344 565 conti-

1333 586 1462 619 nentes,
1483 592 1624 622 quarum
1644 585 1739 621 duas,
1757 594 1858 615 unam
1879 586 2035 617 videlicet
2058 587 2342 626 depositariorum

1334 638 1366 665 et
1385 635 1526 666 alteram
1543 646 1776 675 personarum,
1797 637 1858 668 sul)
1872 647 2014 677 quarum
2032 641 2229 670 testimonio
2245 641 2343 679 depo-

1335 688 1412 718 sitio
1431 688 1518 719 sacta
1536 689 1648 725 fuerit,
1666 690 1806 721 retentis
1826 699 1929 729 penes
1953 693 1983 721 te
2010 692 2182 722 similibus
2204 693 2342 729 litteris,

1334 740 1432 770 nobis
1459 743 1661 780 quantocius
1693 744 1865 773 remittere
1899 753 1965 773 non
1992 747 2187 784 postponas.
2218 747 2343 777 Datum

1335 794 1425 832 apud
1448 794 1736 832 Urhemveterem,
1759 805 1831 825 vini
1850 796 2013 827 kalendas
2032 798 2237 835 novembris,
2257 808 2343 831 anno

1333 845 1445 875 tertio.
1467 856 1481 874 »

1424 1038 1495 1069 487

1873 1040 1997 1071 Orvieto,
2012 1041 2046 1067 ⁶24
2061 1041 2175 1067 octobre
2195 1042 2272 1068 1263.

1371 1116 1470 1143 Eidem
1488 1118 1606 1144 mandat
1627 1121 1767 1152 quatenus
1782 1118 2029 1153 archiepiscopum
2052 1120 2248 1154 Magantinum
2269 1129 2347 1147 com·

1334 1165 1423 1199 pellat
1442 1166 1478 1192 ad
1494 1166 1665 1193 solutionem
1691 1167 1876 1201 pecuniarum
1893 1168 1929 1194 ab
1951 1169 2051 1195 eodem
2071 1168 2284 1204 archiepiscopo
2302 1178 2346 1196 cc·

1335 1214 1439 1242 clesiae
1456 1216 1601 1242 Romanae
1619 1216 1791 1243 debitarum.
1810 1217 1890 1251 tnnc..
1910 1219 1953 1248 ⁵27,
1980 1217 2026 1244 sol.
2048 1218 2107 1249 144,
2123 1222 2153 1243 n0
2170 1218 2209 1252 Ξ.)

1376 1324 1390 1342 (ι
1410 1312 1531 1343 Eidem.
1546 1313 1647 1347 Olim,
1660 1316 1811 1352 tempore
1822 1314 1932 1344 felicis
1945 1315 2190 1344 recordationis
2202 1314 2349 1345 Alexan-

1335 1366 1386 1396 dri
1406 1375 1504 1405 pape,
1523 1367 1775 1405 predecessoris
1792 1368 1911 1403 nostri,
1930 1367 2136 1398 venerabilis
2154 1368 2257 1398 frater
2274 1377 2349 1398 nos-

1334 1421 1386 1450 ter
1405 1419 1680 1458 archiepiscopus
1706 1421 1924 1459 Maguntinus
1950 1421 2044 1451 mille
2063 1430 2195 1451 marcas
2218 1422 2348 1460 argenti

1336 1482 1467 1503 camere
1484 1473 1681 1511 apostolice,
1702 1475 1731 1503 et
1756 1474 2001 1512 quinquaginta
2020 1483 2151 1504 marcas
2173 1475 2349 1514 sterlingo—

1336 1535 1412 1556 rum
1437 1526 1588 1565 ejusdem
1610 1526 1864 1565 predecessoris
1888 1527 2017 1557 familie
2042 1536 2077 1557 se
2105 1528 2261 1565 promisit
2289 1536 2349 1566 per

1337 1587 1418 1609 suas
1438 1580 1591 1617 patentes
1608 1579 1741 1609 litteras
1758 1579 1963 1614 soluturum,
1983 1580 2023 1610 de
2041 1580 2178 1618 quibus,
2195 1589 2270 1610 cum
2289 1589 2348 1611 nec

1338 1632 1448 1662 eidem
1466 1632 1699 1670 predecessori
1717 1641 1777 1662 nec
1798 1632 1897 1662 nobis
1916 1633 2036 1662 fuisset
2054 1633 2088 1662 in
2105 1634 2219 1671 aliquo
2234 1642 2348 1672 perso-

1337 1685 1458 1720 lutum,
1476 1685 1767 1724 archiepiscopum
1787 1686 1900 1724 ipsum
1919 1694 1979 1723 per
1995 1686 2127 1715 litteras
2148 1688 2282 1716 nostras
2299 1695 2349 1717 re-

1338 1738 1544 1776 quisivimus
1562 1746 1599 1768 ac
1616 1738 1812 1777 rogavimus
1836 1738 2063 1768 amicabiliter
2083 1740 2114 1769 et
2137 1738 2280 1777 benigne
2299 1741 2347 1773 ut,

1339 1798 1414 1820 cum
1432 1791 1587 1821 Romana
1604 1790 1746 1821 ecc-lesia
1759 1793 1957 1829 gravaretur
1973 1800 2073 1821 onere
2090 1791 2292 1826 debitorum,
2309 1793 2349 1823 de

1337 1843 1468 1882 prefata
1486 1843 1629 1881 pecunia
1646 1843 1744 1873 nobis
1763 1844 1958 1874 satisfac-ere
1977 1846 2184 1883 procuraret.
2208 1846 2347 1879 verum,

1339 1905 1414 1926 cum
1436 1905 1496 1926 nec
1512 1898 1590 1925 tunc
1612 1904 1671 1926 nec
1690 1896 1907 1934 postmodum
1923 1897 1963 1926 de
1986 1897 2117 1935 prefata
2132 1898 2275 1936 pecunia
2292 1907 2349 1928 no-

1338 1949 1392 1979 bis
1408 1949 1565 1979 fueritin
1591 1949 1705 1988 aliquo
1733 1950 1958 1984 satisfactum,
1986 1950 2181 1981 discretioni
2206 1953 2261 1981 tue
2292 1960 2352 1990 per

1340 2003 1526 2041 apostolica
1545 2003 1671 2041 scripta
1695 2003 1898 2033 mandamus
1926 2005 2094 2042 quatenus
2116 2004 2284 2042 prefatum
2302 2013 2353 2034 ar-

1340 2056 1594 2095 chiepiscopum
1610 2055 1664 2086 vel
1683 2064 1915 2086 successorem
1938 2056 2023 2095 ejus,
2053 2057 2081 2086 si
2110 2057 2168 2087 ille
2189 2058 2274 2088 forte
2297 2058 2353 2088 de-

1341 2109 1493 2146 cesserit,
1518 2111 1625 2148 perte
1651 2109 1705 2139 vel
1723 2109 1829 2139 alium
1855 2117 1915 2139 seu
1940 2109 2027 2140 alios
2050 2118 2092 2139 ex
2118 2112 2213 2148 parte
2238 2112 2355 2141 nostra

1333 2171 1480 2203 ,moneas
1496 2164 1529 2192 et
1544 2162 1697 2198 inducas,
1716 2164 1753 2192 ut
1766 2161 1829 2192 tibi
1846 2171 1907 2201 pro
1920 2162 2019 2193 nobis
2032 2163 2182 2201 prefatas
2192 2163 2286 2193 mille
2305 2172 2357 2194 ar-

1340 2216 1431 2254 genti
1447 2217 1479 2246 et
1497 2224 1557 2254 pro
1578 2215 1709 2245 familia
1724 2217 1840 2246 nostra
1858 2216 2103 2255 quinquaginta
2122 2225 2253 2246 marcas
2271 2219 2355 2247 ster-

1341 2269 1524 2308 lingorum,
1543 2269 1633 2298 infra
1654 2269 1739 2299 duos
1761 2277 1896 2299 menses
1917 2271 1991 2308 post
2009 2270 2230 2299 monitionem
2246 2271 2352 2306 tuam,

1342 2322 1507 2353 exsolvat.
1530 2322 1705 2361 Alioquin,
1733 2330 1808 2352 cum
1831 2322 1940 2352 eidem
1966 2322 2230 2361 archiepiscopo.
2251 2331 2354 2361 quan-

1310 2395 1312 2400 ,
1341 2376 1563 2414 tumcumque
1583 2384 1765 2414 personam
1795 2375 1978 2414 diligamus
2002 2376 2123 2413 ipsius,
2144 2376 2282 2414 propter
2301 2376 2355 2406 de-

1342 2427 1491 2458 bitorum
1519 2429 1695 2467 angustias
1715 2427 1839 2467 quibus
1861 2429 2014 2459 Romana
2041 2428 2184 2458 ecclesia
2207 2429 2356 2467 graviter

1343 2481 1520 2520 premitur,
1533 2481 1664 2511 deferre
1677 2481 1822 2511 ulterius
1837 2490 1902 2511 non
1914 2482 2099 2520 possimus,
2119 2483 2241 2511 extunc
2257 2482 2291 2511 in
2308 2482 2356 2520 ip-

1344 2541 1420 2563 sum
1428 2534 1754 2564 excommucationis
1762 2535 1963 2564 sententiam
1971 2533 2243 2572 profei·as‚qua1n
2254 2534 2356 2563 facias

1343 2586 1401 2616 ubi
1412 2588 1443 2617 et
1451 2587 1585 2626 quando
1595 2587 1722 2617 videris
1730 2587 1904 2625 expedire,
1915 2595 2023 2624 usque
2037 2586 2078 2616 ad
2088 2586 2357 2617 satisfactionem

1310 2674 1312 2678 ¹
1345 2640 1544 2679 condignam
1554 2639 1688 2679 publice
1699 2649 1735 2670 ac
1744 2640 1979 2678 sollempniter
1993 2639 2157 2669 innovari.
2174 2640 2215 2669 Et
2231 2640 2260 2669 si
2272 2640 2356 2669 forte

1344 2702 1404 2724 nec
1420 2693 1566 2723 sicinsra
1584 2702 1687 2723 unum
1703 2701 1855 2723 mensem
1870 2693 1974 2722 alium
1991 2692 2187 2722 satisfacere
2200 2701 2358 2731 procura-

1344 2746 1442 2783 verit,
1455 2748 1492 2777 tu
1509 2746 1725 2785 postmodum
1745 2755 1762 2775 a
1780 2744 2032 2784 pontificalibus
2055 2745 2266 2782 suspendens
2280 2754 2358 2775 eun-

1312 2827 1313 2838 ,
1344 2799 1604 2838 dem‚procedas
1625 2799 1710 2828 alias
1730 2801 1845 2828 contra
1862 2798 1987 2837 ipsum,
2009 2798 2095 2828 sicut
2118 2798 2278 2828 discretio
2302 2800 2361 2828 tua

1344 2852 1467 2882 viderit
1499 2852 1670 2891 expedire.
1688 2852 1764 2882 Non
1792 2851 2007 2881 obstantibus
2032 2850 2204 2889 aliquibus
2234 2851 2360 2881 litteris

1345 2905 1554 2944 apostolicis,
1580 2905 1609 2935 si
1633 2914 1696 2944 que
1719 2903 1760 2934 ab
1786 2904 1903 2934 eodem
1921 2904 2161 2943 predecessore
2184 2904 2237 2934 vel
2262 2903 2361 2934 nobis

2208 2958 2238 2984 ¹9
