2547 3289
1100 278 1310 308 D’URBAIN
1332 278 1391 309 IV.
2253 281 2291 310 53

280 364 351 395 187
754 361 878 394 0rvieto,
896 363 929 388 23
943 360 1056 396 janvier
1073 361 1151 386 1263.

247 446 422 477 Quibusdam
436 446 646 473 mercatoribus
660 445 883 472 Bononiensibus
896 444 1013 471 mandat
1025 446 1055 470 ut
1069 444 1222 478 pecuniam

211 495 287 530 apud
303 495 379 529 ipsos
398 495 434 521 ab
448 494 580 529 episcopo
597 494 788 521 Avenionensi
802 494 976 527 depositam,
991 492 1122 526 episcopo
1139 492 1225 518 Bono-

211 543 304 570 niensi
321 543 480 578 assignent.
498 544 578 578 (Rae.
597 544 640 575 27,
657 543 706 570 fol.
724 543 768 575 50,
783 546 814 568 u⁰
832 544 868 575 1.)

254 650 269 664 «
286 638 415 667 Dilcccis
431 638 506 677 filt‘e's
522 638 669 668 Jacobino
692 637 727 667 de
750 636 949 676 Reconetcis,
968 635 1114 664 Amadori
1132 635 1222 665 Pisa-

212 691 298 727 cotti‚
318 691 444 720 Nicolao
461 691 647 730 Bonyirardi
664 695 691 719 et
708 700 808 719 eornm
821 689 920 724 sociis,
936 688 1049 718 civibus
1065 693 1090 717 cl
1111 698 1221 717 merca-

211 743 325 773 toribus
360 744 609 773 Bononiensibus.
639 744 722 774 Cum
750 743 788 773 de
816 742 915 772 bonis
946 742 1031 772 bone
1063 742 1222 771 memorie

211 797 261 831 Ζ.,
280 797 528 827 Avenioneusis
544 796 702 835 episcopi,
719 795 881 833 quasdam
901 795 1023 825 habere
1038 794 1223 824 noscamini

211 850 351 888 pecunie
374 850 585 888 quantitates,
613 848 767 878 videlicet
792 848 827 878 in
853 856 918 877 una
942 849 1034 886 parte
1057 847 1223 885 octingen-

210 904 273 939 tas,
308 904 383 937 etc.,
422 910 527 940 usque
565 901 822 935 commendavit,
858 900 970 931 verbis
1003 901 1224 938 competenter

209 956 357 990 mutatis,
381 955 587 994 presentium
603 954 699 984 vobis
716 953 908 984 auctoritate
928 953 1127 983 mandamus
1144 962 1223 992 qua-

211 1009 305 1038 tenus
319 1009 421 1038 totam
437 1008 614 1046 pecuniam
631 1007 829 1037 antedictam
847 1007 964 1036 dilecto
980 1006 1051 1036 filio
1071 1007 1183 1036 nostro
1203 1029 1222 1036 ..

208 1061 414 1091 Bononiensi
431 1061 546 1096 electo,
565 1061 677 1091 nostro
699 1061 729 1090 et
751 1059 889 1090 ecclesie
908 1059 1059 1089 Romane
1075 1058 1222 1094 nomine,

210 1114 281 1144 sine
304 1114 461 1144 dilatione
489 1122 525 1144 ac
547 1113 741 1143 difficultate
763 1112 911 1151 qualibet
933 1112 1121 1151 assignetis,
1148 1112 1223 1142 Non

210 1167 419 1197 obstantibus
446 1185 493 1197 —.
518 1166 679 1205 Alioquin
704 1166 811 1196 eidem
832 1165 934 1195 electo
958 1165 1084 1195 nostris
1105 1165 1224 1194 damus

208 1219 328 1250 litteris
338 1220 371 1249 in
388 1220 555 1249 mandatis
567 1221 603 1249 ut
615 1228 674 1249 vos
687 1219 728 1249 ad
743 1219 775 1248 iil
790 1227 849 1257 per
861 1226 1037 1248 censuram
1052 1217 1223 1247 ecclesias-

208 1272 319 1307 ticam,
339 1272 561 1310 appellatione
576 1273 711 1308 remota,
728 1271 916 1309 compellat.
934 1271 1058 1300 Datum
1075 1271 1223 1308 utsupra

208 1325 241 1355 in
258 1325 419 1363 proxima.
443 1337 457 1352 »

753 1512 878 1543 Orvieto‚
895 1513 929 1538 25
943 1512 1057 1547 janvier
1074 1513 1149 1539 1263.

276 1515 347 1546 188

248 1597 364 1624 Eisdem
380 1597 509 1631 indulget
523 1598 553 1623 ut
566 1598 720 1631 postquam
730 1596 884 1630 pecuniam
893 1595 1071 1630 praedictam
1088 1595 1221 1629 episeopo

207 1645 380 1674 Bononiensi
400 1644 623 1680 assignaverint,
647 1644 740 1679 ipsam
762 1644 834 1671 nulli
856 1644 905 1670 alii
929 1643 1037 1670 solvere
1057 1645 1220 1670 teneantur.

206 1695 286 1729 (nm.
306 1696 350 1727 27,
367 1699 399 1720 n⁰
416 1695 459 1726 50,
476 1698 508 1720 11⁰
524 1693 563 1728 2.)

247 1812 261 1828 «
291 1799 426 1830 Eisdem.
444 1800 520 1836 etc.,
537 1800 573 1830 ut
591 1807 693 1838 supra
710 1799 744 1829 in
760 1799 913 1838 proxima
931 1807 1036 1837 usque
1055 1807 1205 1829 commen

205 1853 309 1888 davit,
326 1861 451 1892 nosque
461 1853 556 1883 vobis
563 1861 622 1891 per
632 1852 716 1882 alias
726 1852 883 1891 nosti—xus]
891 1852 1082 1881 dederimus
1095 1851 1221 1881 litteras

204 1907 240 1936 in
256 1906 422 1936 mandatis
441 1906 476 1935 ut
492 1907 593 1936 totam
609 1905 788 1944 pecuniam
803 1904 1002 1934 antedictam
1017 1904 1136 1934 dilecto
1152 1904 1220 1934 lilio

204 1960 316 1990 nostro
340 1982 359 1989 ..
376 1959 480 1989 electo
498 1957 716 1994 Bononiensi,
738 1959 850 1988 nostro
868 1959 899 1988 et
916 1957 1055 1988 ecclesie
1070 1957 1221 1987 Romane

203 2013 338 2043 nomine
351 2013 424 2043 sine
436 2012 593 2042 dilatione
604 2021 640 2042 ac
653 2011 850 2042 difficultate
867 2011 1015 2050 qualibet
1029 2011 1219 2049 assignetis,

203 2068 240 2096 ut
255 2066 448 2096 mandatum
460 2067 611 2096 nostrum
631 2065 664 2095 in
680 2065 740 2095 hac
755 2066 848 2103 parte
865 2073 902 2094 eo
915 2064 1067 2094 securius
1084 2063 1219 2101 implea-

203 2119 257 2155 tis,
278 2128 342 2158 quo
366 2128 466 2158 super
491 2119 551 2149 hoc
570 2118 804 2157 indempnitati
829 2118 938 2148 vestre
960 2117 1104 2156 pleniori
1122 2117 1221 2146 fuerit

203 2173 331 2203 cautela
354 2173 539 2211 provisum,
565 2172 757 2202 auctoritate
777 2170 872 2201 vobis
888 2171 1094 2209 presentium
1113 2170 1220 2200 indul-

203 2233 319 2264 gemus
335 2226 381 2261 ut,
395 2225 553 2264 predictis
563 2225 704 2264 pecunie
716 2224 859 2255 summis
871 2224 997 2262 prefato
1010 2224 1112 2254 electo
1124 2223 1220 2262 juxta

203 2279 398 2309 mandatum
424 2280 573 2309 nostrum
598 2279 723 2317 integre
741 2277 933 2316 persolutis,
956 2277 996 2307 ad
1019 2276 1218 2307 solutionem

203 2331 304 2362 aliam
327 2332 435 2370 ipsius
460 2332 599 2370 pecunie
623 2331 809 2362 faciendam
834 2330 919 2361 nulli
947 2330 1005 2360 alii
1025 2329 1217 2365 teneamini,

204 2393 263 2415 nec
280 2393 351 2419 vos,
370 2385 580 2414 velvestrum
592 2384 715 2423 aliquis
727 2385 783 2414 aut
792 2383 930 2414 heredes
939 2383 993 2413 vel
1007 2391 1217 2412 successores

203 2438 307 2468 vestri
322 2446 422 2475 super
437 2438 550 2467 eadem
567 2438 748 2476 quantitate
765 2436 904 2475 pecunie
921 2436 955 2466 in
973 2436 1039 2466 toto
1058 2435 1111 2465 vel
1128 2436 1219 2473 parte

203 2499 263 2521 seu
288 2490 460 2520 occasione
486 2490 593 2529 ipsius
617 2498 729 2520 coram
755 2489 979 2520 ecclesiastico
1001 2488 1054 2518 vel
1077 2488 1220 2518 seculari

198 2544 312 2582 judice
322 2544 458 2582 possitis
471 2544 536 2573 ullo
554 2552 713 2582 umquam
729 2544 876 2581 tempore
892 2542 1078 2572 conveniri.
1092 2542 1219 2572 Instru-

202 2598 314 2628 menta
325 2604 457 2635 quoque
473 2597 504 2626 et
516 2596 654 2630 litteras,
671 2596 700 2626 si
716 2605 781 2634 qua
797 2598 977 2634 appareant
992 2595 1045 2624 vel
1061 2603 1219 2633 apparere

203 2650 409 2688 contingeret
436 2657 536 2687 super
559 2648 708 2687 deposito
728 2649 800 2686 ipso
826 2648 985 2683 confecta,
1004 2655 1142 2686 perque
1166 2647 1219 2676 vel

203 2710 346 2742 quorum
365 2702 515 2740 pretextu
538 2710 598 2731 vos
614 2701 668 2731 vel
686 2702 835 2730 vestrum
851 2701 985 2739 aliquis,
1004 2701 1060 2730 aut
1082 2699 1219 2729 heredes

203 2756 234 2785 et
252 2763 464 2785 successores
482 2753 595 2787 vestri,
614 2761 747 2791 quoquo
764 2753 862 2783 modo
878 2752 1048 2782 molestari
1063 2751 1217 2791 possetis,

203 2809 382 2843 cassantes,
397 2807 533 2837 omnino
551 2805 749 2836 sententiam
762 2814 822 2836 seu
837 2805 1030 2841 sententias,
1041 2805 1069 2834 si
1085 2813 1168 2843 quas
1185 2805 1219 2834 in
1248 2823 1249 2832 1

203 2869 264 2892 vos
281 2861 453 2891 occasione
474 2860 598 2899 prefate
621 2859 761 2898 pecunie
782 2858 862 2888 ferri
877 2858 1092 2896 contingeret,
1109 2857 1220 2887 irritas

204 2922 336 2944 exnunc
353 2913 565 2944 decernimus
588 2914 619 2943 et
647 2913 775 2942 inanes.
793 2911 887 2941 Nulli
914 2911 1087 2949 erg0,etc.‚
1109 2911 1219 2940 nostre

205 2967 443 3002 concessionis,
466 2965 664 2997 cassationis
686 2966 718 2995 et
735 2963 994 2998 constitutionis,
1011 2964 1072 2993 etc.
1090 2962 1125 2994 Si
1144 2962 1220 3001 quis

1285 363 1406 396 autem,
1424 362 1482 391 cte.
1502 362 1624 391 Datum
1641 363 1726 401 apud
1746 363 2028 398 Urbemvctcrem,
2053 371 2111 392 vni
2134 354 2293 392 kalendas

1284 413 1455 448 februarii,
1473 422 1560 444 anno
1576 415 1732 445 secundo.
1749 427 1763 441 »

1353 598 1422 627 189

1847 598 1969 629 ‹ti-vieto,
1988 601 2003 624 ἱ)
2022 599 2124 625 scri-ier
2144 602 2219 627 12ὀὶ3.

1319 679 1354 705 Dc
1372 682 1448 705 certa
1466 680 1773 713 pecuniaequanlinnv
1791 681 1817 706 in
1836 683 2045 714 1···1›:11·11110nen1
2065 692 2160 709 rervm:
2179 685 2291 711 [ariani

1283 728 1483 754 convertenda.
1502 728 1584 761 (linc.
1600 730 1643 759 ³27,
1662 729 1710 754 l'ol.
1730 730 1771 760 tle,
1791 732 1874 761 11⁰3.)

1322 843 1337 859 ‹<
1356 831 1470 860 Dilcclo
1492 830 1557 869 filio
1574 831 1624 865 lt„
1651 840 1674 861 S.
1702 831 1812 869 Anhqeli
1832 831 1956 860 ‹liacono
1975 831 2135 861 cardinali.
2160 834 2292 871 Signin-

1282 885 1369 914 cavit
1386 884 1483 914 nobis
1503 884 1644 914 dilectus
1666 884 1756 913 filius
1773 884 1955 918 (llivcrius,
1986 885 2186 915 castellanus
2203 895 2294 915 ros‘ce

1281 937 1427 972 Lariani,
1450 937 1537 975 quod
1563 938 1597 967 tn
1622 937 1698 975 jura
1723 937 1860 967 ecclesie
1890 937 2040 967 Romane
2064 939 2293 976 prosequendo

1283 991 1436 1025 viriliter,
1463 998 1567 1028 nuper
1591 991 1753 1020 trecentas
1778 990 1879 1019 libras
1896 990 2128 1029 provenientes
2147 1000 2164 1020 a
2187 991 2293 1021 Velle-

1282 1044 1451 1074 trensihus
1475 1043 1627 1081 recepisti
1653 1052 1712 1081 pro
1739 1043 1937 1081 quibusdam
1964 1043 2098 1081 injuriis
2123 1052 2206 1082 quas
2230 1045 2293 1083 ipsi

1283 1097 1431 1135 ejusdem
1470 1104 1562 1125 rorce
1600 1095 1793 1126 hominibus
1831 1096 2009 1126 intulerant
2047 1096 2081 1126 in
2128 1097 2293 1127 territorio

1282 1149 1431 1179 Lariani.
1458 1149 1545 1184 Quia
1566 1157 1642 1179 vero
1662 1149 1749 1178 dicta
1780 1157 1885 1182 rocca,
1912 1148 2017 1178 inuris
2041 1149 2147 1187 ipsius
2163 1150 2293 1179 ruinam

1284 1201 1501 1238 minantibus,
1526 1210 1582 1240 pre
1607 1201 1710 1231 nimia
1736 1202 1897 1231 vetustate
1915 1201 2121 1238 reparatione
2149 1202 2296 1231 noscitur

1283 1254 1444 1293 indigere,
1468 1253 1651 1283 sinceritati
1668 1254 1721 1283 tue
1747 1262 1806 1291 per
1823 1253 2003 1291 apostolica
2025 1253 2146 1291 scripta
2161 1254 2295 1283 manda-

1283 1315 1359 1337 mus
1376 1306 1535 1345 quatinus
1557 1307 1732 1345 pecuniam
1758 1306 1865 1345 ipsam
1891 1307 2017 1344 prefato
2040 1306 2219 1336 castellano
2236 1315 2294 1345 pro

1283 1360 1490 1399 reparatione
1505 1368 1597 1390 rocce
1609 1360 1755 1398 predicte
1768 1360 1871 1389 facias
1886 1359 2061 1397 assignari.
2078 1360 2198 1389 Datum
2208 1360 2295 1398 apud

1282 1413 1568 1447 Urbemveterem,
1587 1422 1636 1442 1111
1653 1421 1758 1443 nonas
1774 1412 1945 1446 februarii,
1959 1421 2044 1442 anno
2061 1413 2219 1442 secundo.
2239 1425 2253 1439 n

1351 1604 1422 1635 190
1825 1599 1948 1632 Orvien),
1969 1601 2000 1626 18
2013 1600 2126 1634 janvier
2145 1601 2220 1626 1253.

1317 1687 1505 1717 Polcslatem,
1519 1685 1714 1719 capitaneum,
1725 1683 1879 1710 consilium
1890 1685 1916 1709 ct
1931 1691 2085 1710 commune
2100 1684 2291 1710 Bononienses

1282 1737 1379 1762 monet
1403 1737 1430 1761 et
1447 1735 1579 1760 hortatur
1600 1736 1629 1759 ut
1646 1735 1739 1759 terras
1759 1732 1916 1758 Arzellatae
1935 1734 1961 1758 et
1982 1732 2137 1758 Medicinae
2155 1732 2291 1758 ecclesiae

1281 1785 1427 1811 Romanae
1440 1783 1605 1809 restituant.
1623 1782 1702 1816 (Rae.
1716 1783 1760 1814 27,
1775 1781 1823 1808 sol.
1837 1782 1869 1807 50
1882 1786 1922 1813 v0,
1934 1785 1966 1806 n⁰
1984 1783 2010 1813 13
2028 1781 2171 1807 Porrultsr
2185 1781 2291 1814 18168.)

1322 1914 1335 1928 «
1353 1900 1510 1930 Nobilibus
1526 1900 1626 1928 viris..
1643 1899 1800 1938 potcslnti,
1815 1921 1834 1928 ..
1853 1898 2156 1937 capilane0‚ccmsilio
2171 1904 2196 1927 et
2215 1908 2292 1927 com-

1279 1954 1362 1983 muni
1381 1952 1627 1982 Bononiensibus.
1648 1952 1686 1981 In
1703 1951 1851 1981 claritate
1868 1951 1970 1980 vestri
1986 1950 2131 1980 nominis
2144 1952 2174 1980 et
2188 1951 2293 1989 gloria

1279 2008 1428 2046 prompte
1435 2005 1622 2036 devotionis
1630 2013 1730 2043 quam
1740 2012 1870 2042 semper
1878 2004 1917 2033 ad
1925 2003 2110 2033 Romanam
2120 2003 2293 2034 ecclesiam

1280 2060 1458 2094 habuistis,
1478 2067 1543 2089 non
1561 2058 1709 2088 valentes
1722 2065 1890 2096 cumpace
1905 2057 2027 2086 mentis
2044 2057 2155 2086 nostre
2171 2057 2293 2086 nubem

1280 2123 1338 2144 seu
1368 2112 1534 2143 maculam
1561 2111 1725 2141 sustinere
1737 2110 1873 2140 honoris
1896 2111 1925 2138 et
1950 2109 2067 2139 salutis
2085 2111 2193 2139 vestre
2212 2109 2291 2146 zelo,

1280 2175 1385 2206 nuper
1401 2175 1461 2196 vos
1479 2165 1622 2204 benigne
1647 2163 1865 2202 requircmlos
1889 2162 2049 2192 duximus
2066 2163 2096 2192 et
2117 2163 2292 2192 all'ectuose

1281 2220 1457 2259 rogandos,
1474 2219 1590 2248 dantes
1608 2217 1703 2247 vobis
1716 2225 1774 2255 per
1791 2218 1920 2246 nostras
1934 2215 2060 2245 litteras
2078 2215 2111 2245 in
2127 2215 2293 2245 mandatis

1281 2274 1316 2303 ut
1327 2274 1433 2303 terras
1447 2271 1610 2301 Arzellate
1624 2279 1660 2300 ac
1676 2268 1851 2303 Medicine,
1866 2277 1928 2307 que
1944 2269 2020 2297 sunt
2033 2268 2139 2306 ipsius
2154 2268 2292 2298 ecclesie

1280 2325 1441 2365 speciales
1467 2325 1498 2355 et
1524 2332 1606 2362 quas
1631 2323 1701 2361 jam
1726 2331 1784 2361 per
1809 2321 2008 2351 decennium
2036 2322 2210 2359 occupatas
2232 2329 2292 2359 pro

1279 2380 1387 2409 vestre
1404 2377 1586 2408 voluntatis
1603 2375 1739 2406 arbitrio
1758 2374 1924 2408 tenuistis,
1942 2375 2124 2412 proventus
2143 2374 2291 2412 ipsarum

1278 2431 1399 2461 vestris
1415 2431 1532 2461 usibus
1548 2429 1763 2468 applicantes,
1781 2428 1814 2457 in
1839 2427 1993 2456 manibus
2010 2426 2211 2456 venerabilis
2230 2427 2291 2456 sra-

1278 2485 1337 2515 tris
1354 2484 1459 2514 nostri
1477 2507 1495 2513 ..
1514 2482 1715 2513 Mutinensis
1731 2480 2010 2518 episcopi,nostro
2026 2480 2056 2509 ct
2068 2479 2174 2518 ipsius
2189 2479 2290 2509 eccle-

1279 2539 1326 2569 sie
1344 2538 1477 2568 nomine
1496 2536 1681 2570 restituere,
1707 2543 1742 2564 ac
1764 2534 1802 2563 de
1822 2532 1987 2563 fructibus
2004 2532 2086 2571 ipsis
2102 2532 2290 2562 satisfacere

1279 2592 1389 2622 nostre
1402 2598 1529 2620 camere
1555 2587 1725 2618 curaretis.
1737 2587 1806 2617 Vos
1819 2588 1927 2616 autem
1939 2585 2071 2623 propter
2080 2585 2139 2614 hoc
2152 2584 2290 2614 dilectos

1247 2649 1248 2656 ¹
1280 2645 1368 2674 filios
1384 2643 1514 2674 nobiles
1531 2642 1622 2671 viros
1638 2641 1769 2671 Nevuni
1792 2638 1951 2677 Raynerii
1969 2639 2000 2667 et
2016 2637 2231 2666 Marchisium
2249 2637 2289 2667 de

1278 2697 1493 2728 Riccadonna
1517 2703 1645 2725 necnon
1672 2694 1702 2723 et
1732 2693 2000 2722 Bonaventuraln
2028 2691 2066 2719 de
2091 2689 2288 2728 Agoclariis,

1279 2750 1524 2780 ambassatores
1550 2749 1579 2777 et
1599 2746 1753 2777 concives
1770 2746 1909 2779 vestros,
1931 2743 1971 2772 ad
1990 2743 2137 2772 nostram
2155 2751 2288 2781 presen-

1278 2804 1359 2834 tiam
1377 2801 1621 2836 transmisistis,
1634 2799 1689 2838 qni
1706 2798 1802 2828 nobis
1818 2798 1848 2827 et
1860 2795 2020 2826 fratribus
2037 2795 2159 2825 nostris
2178 2794 2288 2825 verbis

1279 2856 1438 2887 veridicis
1461 2856 1491 2885 et
1514 2852 1667 2884 dissertis
1689 2851 1787 2881 labiis
1809 2849 2022 2888 exponentes,
2048 2848 2134 2886 qnod
2159 2855 2289 2886 semper

1280 2909 1381 2940 vestri
1404 2907 1621 2948 projenitores
1647 2903 1711 2943 (sic)
1732 2904 1762 2933 et
1788 2902 1904 2932 civitas
1926 2899 2150 2931 Bononiensis
2166 2900 2287 2939 premi-

1281 2961 1394 2991 nentia
1421 2959 1607 2990 devotionis
1636 2965 1712 2995 erga
1740 2956 1846 2994 ipsam
1876 2954 2051 2984 ecclesiam
2078 2961 2179 2992 super
2204 2952 2287 2983 alios
