2547 3289
1090 216 1330 255 'rnoisimnfl
1354 217 1516 254 ANNEE.

292 322 307 337 «
327 333 334 339 .
354 334 361 340 .
377 309 481 339 abbati
495 309 675 339 monasterii
694 308 729 338 de
747 307 941 347 Μαίαρῖαηα,
962 307 1169 338 Cisterciensis
1186 306 1267 337 ordi-

254 363 309 399 nis,
332 362 493 392 I'alcntine
516 362 652 392 diocesis.
679 361 804 392 Dilecti
828 361 890 391 filii
919 364 1104 391 conventus
1134 369 1268 390 monas-

253 416 330 447 terii
345 418 459 447 sancte
472 416 578 456 Marie
588 416 628 446 de
639 416 805 450 Truanos,
819 415 860 444 ad
872 415 1060 445 Romanam
1077 414 1268 448 ecclesiam,

253 472 290 500 ut
308 469 444 505 dicitur,
460 469 554 499 nullo
571 469 683 499 medio
698 467 1056 507 pertinentis‚ordinis
1078 467 1182 497 sancti
1203 468 1268 497 Au-

252 522 394 561 gustini,
426 521 651 561 Legionensis
686 521 833 551 diocesis
847 545 854 556 ,
886 529 947 550 sua
979 520 1076 549 nobis
1106 520 1268 558 petitione

252 576 486 605 monstrarunt
508 575 608 613 quod,
631 574 836 604 monasterio
857 574 930 612 ipso
948 573 1080 603 abbatis
1104 573 1267 611 regimine

253 627 428 658 destituto,
441 627 631 666 ipsi‚prout
644 627 749 657 moris
768 626 1080 660 est‚convenientes
1099 626 1132 655 111
1150 635 1266 661 uuum,

254 680 404 720 Spiritus
412 680 645 719 Sanctigratia
658 680 823 714 invocata,
835 679 995 709 dilectum
1010 679 1118 708 tilium
1128 680 1266 709 Petrum

251 734 400 769 Aliensi,
422 733 620 763 canonicum
649 732 759 770 ipsius
781 732 992 766 monasterii,
1019 732 1130 761 virum
1150 732 1266 770 utique
1296 744 1298 771 ;

250 786 459 825 religiosum,
485 786 665 824 providum
690 787 722 815 et
748 785 932 815 discretum
957 794 993 814 ac
1020 785 1053 814 in
1081 785 1253 823 spirituali

250 839 315 869 bus
332 841 364 869 et
384 838 632 877 temporalibus
652 838 947 876 circumspectum,
973 838 1005 866 in
1030 846 1145 867 eorum
1168 837 1267 867 abba-

248 893 318 922 tem
343 891 501 921 canonice
533 899 569 920 ac
599 890 810 920 concorditer
837 890 1021 927 elegerunt.
1049 890 1158 925 Quare
1185 891 1265 919 dicti

249 946 435 975 conventus
460 943 636 973 humiliter
655 943 889 981 supplicarunt
908 944 956 978 ut,
980 952 1055 972 cum
1080 943 1181 972 rectis
1200 943 1266 972 ‹lis-

248 996 479 1036 positionibus
500 996 603 1026 nichil
623 995 743 1026 debeat
761 996 974 1026 difficultatis
994 996 1118 1031 afferri,
1138 996 1264 1026 dictum

249 1050 495 1080 monasterium
530 1051 623 1080 tanta
660 1051 834 1088 prematur
867 1049 999 1079 sarcina
1034 1049 1264 1087 paupertatis,

249 1104 337 1142 quod
357 1104 422 1133 duo
440 1103 537 1133 electi
555 1105 632 1133 ante
649 1103 762 1141 ipsum
780 1103 832 1136 P„
852 1111 917 1132 non
936 1102 1073 1132 obtenta
1092 1103 1266 1132 confirma-

247 1157 351 1191 tione,
365 1165 441 1186 cum
455 1158 593 1195 propter
612 1165 839 1194 expensarum
860 1156 1029 1186 defectum
1043 1164 1109 1185 non
1126 1157 1265 1193 possent

249 1209 472 1248 apostolicam
490 1209 605 1240 sedem
622 1209 726 1243 adire,
741 1218 802 1247 pro
820 1209 1088 1239 confirmationis
1110 1218 1146 1238 ac
1170 1208 1265 1239 bene-

248 1262 409 1293 dictionis
426 1271 566 1293 munere
590 1262 796 1297 obtinendis,
815 1263 905 1292 diem
921 1263 1111 1292 extremum
1138 1262 1265 1292 clause-

249 1316 330 1352 rint,
345 1316 537 1346 coutirmari
552 1318 583 1346 et
592 1316 746 1346 benedici
761 1316 905 1346 eundem
920 1316 957 1346 P.
976 1316 1011 1345 in
1027 1315 1098 1345 illis
1110 1315 1265 1354 partibus

247 1369 500 1400 mandaremus.
514 1370 690 1405 Quocirca,
700 1370 902 1399 mandamus
912 1362 1084 1408 quatinus,
1095 1369 1123 1399 si
1134 1371 1264 1399 constat

247 1423 496 1452 monasterium
518 1423 631 1461 ipsum
650 1422 846 1461 hujusmodi
867 1424 1064 1461 paupertate
1081 1423 1215 1461 gravari
1233 1424 1265 1453 et
1294 1439 1295 1444 =

247 1476 289 1506 ad
304 1484 366 1506 nos
384 1475 478 1506 nullo
496 1475 607 1506 medio
626 1476 808 1514 pertinere,
826 1475 990 1514 inquisita
1007 1476 1047 1505 de
1065 1475 1164 1505 modo
1180 1476 1265 1505 elec-

245 1529 362 1565 tionis,
384 1529 508 1559 studiis
527 1529 725 1568 eligentium
744 1531 776 1559 et
793 1529 891 1559 electi
914 1529 1046 1558 meritis
1066 1529 1264 1568 diligentius

245 1583 400 1619 veritate,
426 1583 613 1621 predictam
641 1582 853 1618 electionem,
872 1582 901 1611 si
925 1591 999 1612 eam
1028 1582 1199 1613 inveneris
1224 1583 1264 1614 de

247 1644 395 1674 persona
413 1635 545 1674 ydonea
563 1635 722 1666 canonice
740 1635 955 1671 celebratam,
975 1636 1173 1666 auctoritate
1190 1645 1265 1666 nos-
1294 1643 1295 1665 1

245 1690 298 1720 tra
321 1689 512 1725 confirmes,
536 1689 664 1719 faciens
686 1689 797 1719 eidem
824 1689 930 1719 electo
953 1698 1078 1719 munus
1109 1689 1263 1720 benedic—

243 1743 349 1773 tionis
381 1742 532 1781 impendi
562 1745 593 1773 et
625 1752 643 1772 a
674 1743 746 1772 suis
786 1742 933 1773 subditis
969 1742 1196 1773 obedientiam
1231 1745 1263 1773 et

245 1796 473 1826 reverentiam
497 1795 563 1826 sibi
584 1795 733 1826 debitam
751 1796 917 1826 exhiberi.
937 1797 1150 1835 Recepturus
1166 1796 1207 1825 ab
1224 1805 1262 1826 eo

246 1849 464 1887 postmodum
477 1852 509 1880 et
521 1849 651 1887 prefate
665 1849 807 1880 ecclesie
823 1849 959 1879 nomine
977 1849 1150 1879 fidelitatis
1165 1850 1262 1879 solite
1292 1861 1293 1874 1

243 1902 587 1941 ι1111110101111101,(111011
605 1903 678 1941 ipse
694 1902 978 1941 presta]i›it,j11xta
1000 1902 1143 1932 formam
1162 1912 1263 1941 <piam
1292 1928 1293 1932 ,

244 1955 307 1986 tibi
328 1955 392 1985 sul)
414 1955 508 1986 bulla
532 1957 647 1986 nostra
667 1956 837 1986 mittimus
855 1956 1083 1986 interclusam.
1103 1957 1263 1986 Formam
1292 1946 1293 1952 ἵ

245 2011 358 2039 autem
372 2009 557 2048 juramenti
577 2009 665 2048 qnod
682 2009 755 2048 ipse
773 2008 951 2048 prestabit,
963 2010 1003 2039 de
1016 2009 1118 2039 verbo
1137 2010 1178 2039 ad
1194 2019 1264 2040 ver·
1292 2021 1294 2026 ¹

244 2061 327 2092 bum
352 2062 450 2093 nobis
472 2071 532 2101 per
558 2062 711 2101 ejusdem
730 2063 886 2101 patentes
909 2063 1043 2093 litteras
1068 2072 1128 2093 suo
1149 2063 1263 2102 sigillo

245 2115 408 2155 signatas,
428 2116 630 2155 quantocius
647 2115 818 2146 destinare
836 2124 1009 2155 procures,
1026 2116 1262 2155 Alioquin,ea-

243 2169 320 2199 dem
331 2169 494 2199 electione
511 2169 575 2199 rite
589 2170 733 2204 cassata,
751 2168 857 2199 facias
873 2168 983 2199 eidem
995 2169 1204 2199 monasterio
1222 2169 1262 2199 de

242 2231 390 2260 persona
407 2223 540 2261 ydonea
559 2231 620 2261 per
639 2222 838 2253 electionem
856 2223 1053 2252 canonicam
1076 2223 1259 2261 provideri.

244 2275 529 2310 Contradictores,
549 2277 612 2306 etc.
631 2276 757 2306 Datum
781 2275 870 2314 apud
891 2275 1182 2310 Urbemveterem‚
1203 2277 1260 2306 ka-

242 2327 354 2358 lendis
368 2328 468 2368 junii,
488 2337 575 2359 anno
593 2329 668 2359 1110.
689 2338 705 2358 1)

819 2510 945 2542 Orvieto,
959 2511 976 2537 2
992 2510 1087 2546 juillet
1105 2511 1186 2538 1264.

335 2512 403 2543 661

281 2595 406 2621 Litterae
423 2594 632 2622 testimoniales
649 2594 753 2629 quibus
769 2595 933 2622 declaratur
948 2595 1147 2630 infrascriptos
1161 2604 1177 2622 a
1195 2604 1258 2623 sen-

239 2645 332 2672 tentia
347 2644 539 2671 absolutionis
555 2643 702 2670 absolutos
717 2652 790 2670 esse.
808 2644 888 2678 (Rae.
913 2644 957 2675 28,
978 2644 1026 2671 fol.
1047 2646 1093 2679 08,
1118 2653 1185 2672 ann.
1210 2645 1258 2678 ΙΙΙ,

241 2699 272 2720 n⁰
289 2695 365 2728 203.)

282 2814 297 2830 «
317 2800 501 2837 Gcrardino,
516 2801 614 2840 Lupo,
636 2800 827 2836 Brunellirm,
847 2801 980 2830 Arriclzo
996 2807 1022 2830 ec
1044 2801 1181 2833 Consilio
1193 2803 1258 2842 fra-

241 2855 349 2891 tribus,
366 2854 442 2894 filiis
454 2854 607 2894 quondam
627 2854 755 2884 Olivcrii
768 2854 896 2891 Circuli,
914 2859 942 2884 et
965 2854 1060 2891 Viero,
1074 2861 1146 2886 nato
1161 2867 1258 2896 quon-

241 2908 306 2938 dem
320 2908 482 2938 Turrisani
496 2907 623 2938 Olivcrii
639 2907 766 2943 Cistenli,
778 2913 805 2937 ct
823 2907 910 2944 Doce,
921 2907 990 2947 filio
1004 2908 1153 2948 quondam
1161 2909 1256 2939 Pacci

2283 229 2342 257 317

1332 306 1460 336 oliverii
1491 306 1622 343 Circnli‚
1652 307 1836 337 Florentinis
1860 313 1887 337 cl
1913 308 2069 338 Perusinis
2096 309 2220 340 civibus.
2250 310 2342 340 Licet

1330 360 1411 390 olim
1435 361 1544 390 felicis
1567 361 1812 391 recordationis
1834 362 2027 392 Alexander
2053 371 2150 401 papa,
2170 363 2344 400 predeces-

1330 422 1385 443 sor
1407 416 1531 445 noster.
1552 414 1774 452 Mansredunr
1797 415 1966 453 quondam
1982 415 2170 454 prim-ipen]
2191 416 2343 446 Tarenti-

1330 475 1422 502 011111,
1444 467 1583 496 ecclesie
1604 468 1753 497 Romane
1770 468 2002 498 :ulversariuni
2020 469 2250 498 manifestum.
2267 478 2343 499 cum

1330 519 1488 549 omnibus=
1514 520 1727 559 adjutoribus
1751 523 1781 550 et
1808 521 1998 550 fautoribus
2022 522 2095 551 suis
2114 522 2344 552 excommuni-

1298 586 1299 596 1
1329 573 1472 602 cationis
1491 573 1624 602 vinculo
1645 574 1851 609 innodasset,
1871 575 1949 613 quia
1966 576 2078 604 tamen
2096 575 2186 604 cives
2206 576 2343 605 Floren-

1329 626 1389 654 tini
1417 626 1450 655 in
1485 626 1674 655 turbatione
1699 627 1791 665 pacis
1821 627 1943 657 Tus-vie
1963 638 1998 656 ac
2028 628 2060 657 in
2080 632 2343 667 presumptuosa

1329 679 1592 709 contrectatione
1605 680 1732 717 jurium
1753 682 1783 710 et
1802 680 1966 710 bonorum
1984 681 2119 719 Imperii
2137 682 2292 718 Romani,
2311 683 2342 713 ei

1329 740 1412 760 ausu
1440 732 1570 761 nefario
1598 733 1812 769 adlwserunt,
1847 733 2044 763 roborantes
2068 743 2109 764 ex
2133 735 2193 764 hoc
2222 735 2253 765 in
2282 745 2342 766 sua

1328 785 1516 822 pertinacia
1531 786 1672 815 eundem
1688 786 1745 817 M..
1760 786 1958 816 lr‘atriiuonii
1970 787 2056 817 beati
2072 788 2160 817 Petri
2176 788 2341 826 pertidum

1329 838 1359 866 et
1378 837 1582 876 sacrilegum
1600 839 1803 871 invasorem,
1826 849 1928 878 seque
1947 849 2005 878 per
2025 840 2084 869 boc
2101 841 2248 878 predicte
2268 851 2342 872 sen-

1328 890 1432 919 tentie
1458 890 1590 929 laqueis
1620 892 1843 927 involventes,
1873 901 1946 927 nos,
1972 902 2062 922 more
2082 893 2127 931 pii
2153 895 2257 931 patris
2283 895 2340 933 qui

1329 943 1536 973 offendentes
1558 944 1658 979 111105,
1680 946 1713 974 ut
1737 944 1777 973 ab
1795 945 1885 974 invio
1904 946 2106 983 perditionis
2123 947 2162 975 ad
2184 948 2269 977 1111111
2290 958 2340 978 sa-

1328 995 1410 1025 lutis
1430 996 1578 1032 redeant,
1599 999 1686 1026 nunc
1706 998 1888 1033 exorando,
1906 1007 1992 1027 011111·
2010 999 2245 1029 comminando
2265 1001 2340 1030 dili—

1327 1050 1443 1087 genter
1469 1049 1601 1084 invitat,
1628 1050 1732 1080 indie
1758 1050 1846 1080 Cene
1866 1051 2003 1080 Domini
2027 1053 2057 1081 et
2079 1052 2112 1081 in
2135 1053 2220 1081 ses-to
2240 1054 2340 1083 etiam

1327 1102 1550 1132 Ascensionis
1568 1103 1745 1132 Dominice
1764 1104 1920 1141 proximo
1942 1105 2127 1142 preteritis,
2148 1107 2341 1137 mercatori-

1326 1154 1390 1184 bus
1414 1155 1625 1185 Florentinis
1648 1155 1686 1186 ‹le
1711 1157 1885 1194 capiendis
1906 1157 2062 1195 personis
2082 1160 2112 1188 et
2138 1161 2342 1198 occupandis

1327 1216 1364 1238 ac
1391 1208 1584 1238 detinendis
1608 1209 1710 1239 rebus
1738 1218 1853 1239 eorum
1873 1211 1904 1240 et
1923 1210 2001 1240 aliis
2027 1211 2123 1248 penis
2149 1212 2341 1251 infligendis

1327 1261 1468 1298 eisdem,
1486 1262 1768 1292 comminationes
1787 1263 1942 1293 diversas
1956 1264 2186 1300 1'ecimus‚nisi
2206 1265 2269 1304 ipsi
2288 1275 2341 1295 ns-

1327 1323 1390 1353 que
1419 1315 1461 1345 ad
1487 1318 1596 1345 certos
1613 1316 1777 1346 terminos
1802 1316 1843 1346 ad
1862 1317 2058 1353 mandatnm
2074 1317 2214 1348 ecclesie
2231 1319 2341 1350 redire

1326 1370 1494 1398 curarent.
1521 1369 1607 1404 Quia
1630 1378 1708 1399 vero
1737 1378 1795 1399 vos
1818 1378 1879 1408 per
1896 1372 2148 1408 procuratorem
2172 1372 2340 1410 ydoneum

1326 1421 1380 1450 ad·
1393 1421 1454 1451 hoc
1475 1422 1670 1460 specialiter
1686 1422 1920 1458 constitutum,
1938 1423 2025 1453 infra
2049 1423 2207 1454 ultimum
2227 1425 2341 1455 termi-

1326 1482 1445 1504 norum
1466 1474 1630 1513 ipsorum,
1650 1475 1690 1505 de
1710 1476 1829 1505 stando
1848 1476 2018 1506 mandatis
2037 1477 2164 1506 nostris
2185 1479 2217 1507 et
2232 1478 2340 1516 ipsius

1326 1527 1467 1557 ecclesie
1485 1528 1628 1566 prestito
1641 1528 1846 1566 juramento,
1874 1538 1934 1567 per
1953 1529 2181 1560 venerabilem
2202 1531 2339 1561 tratrem

1326 1584 1479 1610 nostrum
1497 1605 1520 1611 ..
1541 1581 1735 1612 Ostiensem
1753 1584 1783 1612 et
1800 1582 2047 1612 Velletrensem
2064 1583 2272 1622 episcopum,
2285 1584 2338 1614 cui

1325 1633 1386 1664 hoc
1404 1635 1540 1664 oraculo
1563 1635 1638 1665 vive
1664 1636 1757 1665 vocis
1776 1636 2022 1671 commisimus,
2047 1637 2223 1667 meruistis
2243 1637 2338 1667 abso-

1293 1680 1295 1688 Α
1326 1687 1469 1718 lutionis
1498 1698 1516 1718 a
1541 1689 1746 1727 supradictis
1773 1690 2182 1720 excommunicationibus
2210 1699 2338 1721 necnon

1325 1741 1437 1772 debite.
1455 1742 1743 1772 reconciliationis
1760 1742 1961 1773 beneficium
1981 1743 2144 1780 obtinere,
2164 1752 2226 1773 nos
2242 1753 2339 1783 prop—

1325 1797 1375 1824 ter
1391 1795 1451 1825 hoc
1467 1804 1526 1825 vos
1543 1804 1648 1834 penas
1665 1796 1831 1825 dictarum
1850 1797 2150 1826 comminationum
2166 1797 2338 1828 incurrere

1325 1849 1484 1879 nolumus
1497 1849 1613 1887 eisque
1629 1849 1739 1888 ligari,
1756 1849 1816 1879 has
1829 1852 1963 1879 nostras
1981 1851 2112 1881 litteras
2124 1850 2220 1880 vobis
2237 1860 2338 1890 super

1324 1902 1385 1932 hoc
1401 1903 1434 1932 in
1451 1903 1685 1933 testimonium
1702 1903 1934 1934 concedentes.
1953 1904 2076 1934 Datum
2095 1905 2183 1942 apud
2199 1904 2338 1935 Urbem-

1326 1958 1485 1992 veterem,
1506 1965 1537 1985 vi
1554 1964 1660 1986 nonas
1674 1956 1763 1995 julii,
1784 1965 1871 1986 anno
1891 1957 1960 1987 1110.
1980 1970 1995 1984 »

1920 2115 2044 2146 Orvieto,
2060 2117 2093 2143 29
2105 2115 2169 2151 juin
2189 2116 2266 2143 1204.

1414 2116 1487 2147 632

1359 2199 1488 2230 Petrum,
1503 2200 1531 2226 in
1551 2199 1686 2226 abbatem
1710 2199 1881 2225 monasterii
1903 2209 1926 2225 s.
1953 2199 2063 2226 Ysidori
2083 2200 2269 2234 Legionensis
2287 2208 2337 2234 per

1322 2248 1400 2275 viam
1414 2248 1618 2283 compromissi
1639 2257 1655 2274 a
1681 2249 1724 2280 P„
1743 2248 1845 2275 abbate
1862 2249 1896 2274 de
1919 2248 1996 2274 Saltu
2015 2249 2121 2281 novali,
2139 2249 2336 2276 Cisterciensis

1322 2297 1456 2328 diocesis,
1485 2297 1673 2332 Legionensis
1698 2297 1832 2329 diocesis,
1856 2300 1881 2323 et
1900 2297 1930 2323 P.
1953 2297 2054 2324 Felicis
2080 2306 2112 2324 ac
2133 2299 2165 2324 N.
2185 2298 2335 2329 Johannis,

1322 2347 1452 2382 ejusdem
1469 2346 1639 2373 monasterii
1660 2346 1816 2377 canonicis,
1833 2346 1967 2372 electum.
1983 2347 2146 2376 confirmat,
2166 2347 2294 2373 faciendo
2309 2346 2335 2372 ei

1321 2397 1356 2423 ab
1374 2396 1507 2430 episcopo
1533 2395 1692 2422 Tusculano
1713 2403 1816 2421 munus
1841 2396 2066 2422 consecrationis
2092 2396 2230 2429 impendi.
2253 2396 2334 2430 (Bm.

1320 2446 1364 2476 28,
1379 2444 1428 2472 sol.
1451 2445 1485 2472 08
1502 2450 1539 2476 ψ’,
1557 2453 1624 2471 ann.
1647 2444 1690 2474 ΙΙΙ,
1713 2448 1744 2470 n⁰
1763 2444 1837 2478 264.)

1361 2541 1497 2578 «Petro,
1531 2541 1637 2571 abbati
1653 2541 1830 2570 monasterii
1851 2551 1874 2571 s.
1910 2540 2033 2570 Ysidori
2057 2541 2264 2580 Leqioncnsis,
2296 2541 2336 2571 ad

1321 2595 1489 2625 Romanam
1506 2594 1661 2625 ecclesiam
1679 2593 1761 2624 nullo
1776 2593 1871 2623 medio
1882 2594 2076 2633 pertinentis,
2096 2594 2215 2624 ordinis
2230 2605 2253 2624 s.
2271 2596 2335 2625 Au-

1318 2649 1445 2687 gustini.
1464 2649 1580 2687 Nuper
1596 2648 1802 2679 monasterio
1818 2648 1931 2678 Sancti
1955 2664 2005 2676 —.
2024 2648 2150 2678 Datum
2168 2649 2257 2687 apud
2271 2650 2334 2681 Ur-

1318 2701 1558 2738 bemveterem,
1577 2711 1614 2731 111
1633 2701 1796 2732 kalendas
1811 2701 1902 2740 julii,
1921 2709 2006 2731 auno
2024 2701 2097 2732 111⁰.
2118 2712 2133 2730 »

1357 2804 1396 2834 In
1411 2812 1439 2833 e.
1455 2811 1499 2833 m.
1522 2802 1701 2833 conventui
1726 2802 1925 2833 monasterii
1945 2811 1972 2833 s.
1991 2802 2129 2833 Ysidori
2151 2804 2333 2843 Legionen-

1319 2857 1379 2891 sis,
1401 2857 1442 2886 ad
1470 2857 1659 2886 Romanam
1679 2855 1858 2886 ecclesiam
1878 2855 1970 2885 nullo
1988 2855 2100 2886 medio
2116 2857 2329 2895 pertinentis,

1319 2909 1449 2940 ordinis
1467 2917 1495 2939 s.
1510 2909 1705 2948 August-ini.
