2547 3289
1085 278 1326 316 TROISIEME
1354 279 1517 316 ANNIJJE.
2282 293 2337 321 251

345 366 419 396 512
808 366 930 392 (juvit—to.
948 367 981 392 222
998 365 1100 392 sevrier
1120 367 1195 393 1204.

291 444 483 478 infrascriptis
499 444 608 471 nuntiat
624 454 664 470 se.
682 445 822 471 electione
839 445 872 470 de
889 444 1033 470 'l'heodiuo
1048 445 1126 478 prius
1141 448 1265 472 cassata.

257 493 433 519 monasterio
466 493 616 519 (Iasinvnsi
647 493 834 519 Bernardum.
867 494 1038 519 monachum
1065 494 1265 527 (Ias-inensem,

255 542 436 574 Μαι-11015513.
453 542 534 569 illuc.
551 543 594 568 28.
614 541 662 567 l'ol.
680 542 714 568 33
731 548 766 567 νο.
784 550 851 568 ann.
871 541 916 573 111,
933 547 962 567 110
981 543 1053 568 lla·

295 640 310 656 «
328 629 506 660 Abbatibus,
517 629 684 668 prim-ibice,
700 630 854 658 monachis
866 639 979 658 necnon
996 629 1113 659 clericis
1121 629 1267 659 seculari-

255 681 306 710 bus
324 683 467 721 subjectis
486 684 667 712 monasterio
688 682 855 717 Casinensi,
875 683 915 711 tul
929 683 1095 712 lfmmmam
1114 683 1267 712 ecclesium

254 734 337 764 nullo
353 735 449 764 medio
466 736 648 773 sun-tinentis
661 736 813 773 (sict,per
827 735 1008 764 Sardiniam
1025 736 1206 767 constitutis,
1228 735 1268 764 ud

254 797 326 826 quos
344 787 441 817 littere
468 789 519 817 iste
542 788 750 827 pervenerint.
773 789 836 818 Pre
860 788 990 826 fulgore
1012 789 1187 827 dignitatis
1207 789 1266 818 im-

254 849 380 875 mense,
414 850 478 879 qua
510 842 683 871 confessor
715 841 837 875 almus,
866 841 973 879 gratia
1004 842 1207 871 Benedictus
1236 844 1267 872 et

253 894 401 929 nomine,
415 894 657 924 monasterium
672 894 856 923 Casinense
870 894 1106 931 multipliciter
1118 894 1267 924 illustra-

253 947 311 982 vit,
323 947 417 976 locus
430 947 502 985 ipse
514 947 617 976 veluti
628 946 771 976 dilectus
782 955 799 976 a
809 946 967 981 Domino,
980 946 1065 976 sicut
1079 947 1186 977 multa
1197 948 1266 977 red-

251 999 343 1029 ditur
360 1000 576 1029 veneratione
594 999 768 1034 colendus,
786 999 834 1028 sic
854 999 978 1037 amplis
1002 1000 1126 1029 meruit
1151 1009 1266 1030 manu-

250 1052 357 1081 teneri
373 1052 546 1081 favoribus
559 1053 589 1082 et
604 1052 797 1090 specialiter
810 1051 901 1081 sedis
915 1052 1100 1090 apostolice
1115 1053 1265 1090 presidio

251 1105 435 1135 confoveri.
450 1106 512 1135 Hic
527 1107 576 1135 est
595 1105 685 1135 enim
700 1114 777 1135 vere
791 1105 885 1135 locus
900 1105 1057 1144 insignis,
1072 1105 1265 1144 hujusmodi

251 1158 333 1188 almi
346 1158 453 1197 signis
468 1158 670 1197 prefulgidis
682 1158 878 1197 insignitus,
896 1158 991 1197 cujus
1005 1159 1170 1196 sydereus
1186 1160 1265 1189 ordo

250 1219 310 1249 per
335 1211 450 1241 orbem
474 1212 540 1242 late
564 1212 720 1247 diffusus,
741 1211 966 1250 preminentia
991 1211 1157 1242 claritatis
1183 1213 1264 1242 irra-

251 1264 360 1300 dians,
376 1265 460 1294 inibi
478 1265 696 1295 fundamenta
712 1265 873 1303 suscepit.
889 1266 930 1295 Et
943 1266 978 1294 ut
992 1265 1131 1304 majoris
1143 1265 1267 1304 precel-

249 1317 353 1347 lentie
371 1318 478 1355 gloria
495 1318 588 1347 locus
605 1318 663 1347 ille
682 1318 836 1356 fulgeret,
854 1319 930 1355 post
948 1318 1181 1356 corruptibilis
1197 1319 1266 1349 vite

250 1370 442 1404 decursum,
462 1371 549 1400 idem
567 1373 703 1401 sanctus
717 1370 943 1409 spiritualiter
956 1371 997 1400 ad
1013 1380 1159 1409 superna
1172 1380 1266 1401 voca-

250 1425 318 1458 tus,
339 1423 465 1453 ibidem
486 1423 706 1462 corporaliter
730 1423 763 1453 in
780 1424 926 1454 Domino
945 1424 1138 1462 requiescit.
1158 1425 1265 1463 Digne

250 1476 354 1514 igitur
376 1477 416 1506 ad
433 1477 576 1507 eundem
596 1477 705 1507 locum
726 1477 831 1507 aciem
852 1478 964 1507 nostre
983 1478 1266 1508 considerationis

250 1530 479 1566 extendimus,
499 1530 596 1569 digne
613 1530 740 1560 doloris
757 1530 1158 1569 acerbitatetorquemur,
1177 1532 1266 1570 quod

250 1582 284 1611 in
308 1582 366 1612 illo
386 1583 650 1621 ‹rlai‘npimbiliter
671 1583 772 1613 alieni
797 1583 858 1612 filii
881 1583 1120 1619 debachantur,
1144 1592 1202 1613 nec
1220 1584 1266 1613 in-

251 1636 350 1675 digne
366 1636 498 1674 agimus
517 1636 605 1674 quod
623 1636 711 1666 circa
728 1637 841 1675 ipsum
858 1637 1040 1675 pastoralis
1057 1637 1159 1666 officii
1176 1637 1267 1668 debi-

250 1691 322 1718 tum
356 1691 574 1728 exequentes,
610 1690 802 1719 insistimus
834 1691 867 1719 nt
902 1690 941 1719 ab
975 1690 1091 1720 eodem
1126 1691 1266 1721 miseria

250 1743 428 1773 viduitatis
451 1743 600 1779 exclusa,
624 1744 799 1781 reparetur
818 1742 913 1772 utilis
933 1744 1049 1781 sponsi
1075 1743 1265 1773 ministerio

250 1795 392 1825 floridus
420 1798 529 1825 status
549 1797 632 1835 eJus.
658 1796 743 1826 Sane
771 1796 859 1826 dicto
885 1797 1090 1826 monasterio
1117 1797 1265 1835 pastoris

249 1849 413 1887 regimine
438 1849 610 1884 destituto,
634 1849 741 1887 major
759 1858 838 1887 pars
856 1852 1040 1879 conventus
1061 1850 1170 1888 ipsius
1198 1859 1266 1879 mo-

248 1902 400 1937 nasterii,
431 1902 470 1931 de
501 1903 658 1931 mandato
687 1902 865 1937 Mansredi,
897 1903 1066 1940 quondam
1098 1903 1265 1941 principis

250 1955 441 1987 Tarentini,
472 1956 700 1993 persecutoris
732 1955 872 1985 ecclesie
906 1956 1091 1991 manifesti,
1123 1956 1265 1986 Theodi-

251 2017 344 2043 num,
365 2008 422 2046 qui
440 2017 474 2037 se
498 2008 633 2046 gerebat
654 2017 713 2046 pro
732 2008 838 2037 electo
857 2009 890 2037 in
911 2009 1108 2046 episcopum
1126 2009 1262 2039 Acerar-

249 2070 337 2093 rum,
350 2062 429 2090 olim
443 2061 758 2099 ipsiusmonasterii
772 2061 972 2091 monachum
983 2063 1015 2091 et
1026 2062 1262 2096 infirmarium,

250 2116 365 2153 spreta
382 2114 531 2153 generali
550 2114 776 2153 prohibitione
795 2114 880 2144 tacta
897 2123 955 2152 per
973 2115 1088 2145 sedem
1106 2115 1265 2153 apostoli-

250 2176 321 2199 cam
351 2168 440 2206 quod
470 2167 601 2197 nullum
630 2167 816 2206 capitulum
841 2168 893 2197 vel
919 2169 1115 2204 conventus,
1136 2168 1264 2207 absque

249 2221 407 2250 mamiato
425 2221 517 2250 sedis
531 2221 694 2259 ejusdem,
713 2221 745 2250 in
761 2230 862 2259 regno
881 2221 996 2251 Sicilie
1012 2222 1207 2259 procederet
1224 2222 1264 2251 ad

249 2274 449 2304 electionem
474 2274 624 2312 aliquam
646 2274 895 2310 celebrandam,
916 2275 950 2304 in
967 2274 1123 2304 abbatem
1141 2276 1263 2313 prefati
1295 2279 1296 2282 ’

250 2327 448 2356 monasterii
479 2327 678 2362 nominavit,
697 2327 793 2366 cujus
822 2327 1064 2357 nominationis
1093 2330 1262 2366 pretextu,
1294 2339 1296 2356 1

249 2382 385 2410 notatus
398 2380 435 2410 'l'.
453 2380 494 2409 ad
508 2380 651 2410 eundem
669 2381 883 2410 Mant’redum
897 2381 1070 2415 accedens,
1089 2382 1264 2411 fidelitatis

249 2432 314 2461 sibi
335 2433 476 2470 prestito
499 2434 702 2470 iuramento,
725 2434 1114 2463 administrationidicti
1133 2443 1265 2464 monas-

248 2486 325 2515 terii
356 2494 392 2515 se
423 2486 648 2515 irreverenter
676 2486 829 2525 ingessit,
859 2487 1052 2525 recipiendo
1082 2487 1169 2517 inter
1199 2488 1265 2517 alia

249 2539 448 2568 fidelitatem
478 2548 496 2568 a
525 2539 685 2568 vassallis
716 2539 868 2577 ejusdem
897 2542 927 2569 et
960 2540 1030 2569 illis
1061 2540 1264 2578 imponendo

250 2592 420 2625 collectas,
451 2601 488 2621 ac
517 2592 594 2627 alia,
626 2600 689 2630 que
713 2592 755 2621 ad
782 2591 914 2621 abbatis
932 2593 1263 2623 administrationem

250 2645 420 2684 pertinere
431 2646 628 2679 noscuntur,
637 2644 781 2682 publice.
793 2645 826 2674 in
836 2645 923 2674 dicte
934 2645 1025 2675 sedis
1033 2647 1263 2684 contemptum

249 2700 281 2728 et
295 2698 405 2727 anime
422 2706 480 2727 sue
496 2697 697 2736 periculum,
710 2698 909 2727 exercendo.
928 2698 997 2727 Nos
1015 2699 1138 2731 autem,
1150 2699 1265 2728 viden-

248 2753 300 2781 tes
332 2751 413 2781 dicti
445 2750 644 2780 monasterii
673 2759 732 2789 per
763 2750 822 2780 hoc
849 2750 1020 2780 obfuscari
1050 2751 1204 2781 decorem
1233 2753 1264 2781 et

250 2806 461 2843 nequeuntes
479 2805 611 2833 tantum
631 2803 742 2842 ipsius
760 2803 977 2842 dispendium
998 2806 1029 2833 et
1047 2804 1265 2843 ignominiam

252 2857 407 2893 tolerare,
420 2857 686 2887 nominationem
698 2856 905 2895 hujusmodi,
917 2865 982 2886 non
993 2857 1066 2887 sine
1082 2857 1265 2896 multiplici

252 2910 501 2941 nominantium
529 2909 718 2940 temeritate
749 2911 1000 2948 presumptam,
1035 2910 1263 2946 cassavimus,

251 2973 383 2994 cassam
401 2966 431 2994 et
450 2964 580 2993 irritam
597 2963 830 2995 nuntiavimus
847 2972 885 2992 ac
903 2962 1115 2992 decrevimus
1136 2963 1264 2993 nullius

1330 368 1476 397 existere
1497 369 1678 398 firmitatis.
1700 371 1735 399 lit
1750 371 1827 409 quia
1844 372 2016 402 dii-ebatur
2034 373 2120 411 quod
2135 374 2339 403 verwrabilis

1330 421 1433 450 frater
1454 423 1566 451 noster
1586 447 1591 452 .
1611 446 1638 457 .,
1660 423 1838 462 episcopus
1858 425 2036 462 ’1101111115Β
2054 427 2278 464 perssmaliter
2298 427 2338 456 ad

1329 475 1470 504 eundem
1485 475 1695 505 'l‘lieodinum
1715 478 1907 509 accesserit.
1923 479 2188 509 contirmationis
2198 483 2227 509 et
2243 479 2339 510 bene-

1329 527 1486 557 dictionis
1505 531 1837 560 munusauctoritate
1855 534 1968 561 nostra
1986 534 2200 569 impensurus
2215 533 2337 567 eidem,

1330 589 1400 616 nos,
1428 581 1454 609 si
1481 582 1561 619 quid
1592 591 1650 620 per
1675 583 1817 612 eundem
1843 584 2037 623 episcopum
2063 585 2185 615 sactum
2208 588 2277 615 erat
2305 586 2338 616 111

1328 633 1388 663 hac
1416 637 1521 671 parte,
1554 637 1584 664 et
1620 636 1760 665 ulterius
1796 637 1867 666 tieri
1901 638 2094 675 contigeret,
2129 639 2339 669 cassavimus

1329 687 1489 716 similiter
1515 689 1547 717 et
1566 688 1777 718 decrevimus
1804 690 2018 728 aliquatenus
2044 699 2108 720 non
2134 692 2254 721 valere.
2277 692 2339 722 Cu-

1330 739 1459 776 pientes
1476 742 1587 770 autem
1609 744 1644 771 ut
1665 742 1776 780 ipsum
1794 744 2035 773 monasterium
2060 747 2184 774 statum
2203 753 2339 783 prospe-

1329 800 1415 825 rum,
1434 792 1548 821 divina
1569 793 1747 823 clementia
1771 798 1982 832 cooperante,
2007 799 2166 831 resumat,
2188 800 2218 826 et
2240 798 2340 826 inter-

1328 847 1491 882 ponentes
1524 846 1706 883 apostolice
1741 846 1982 877 sollicitudinis
2014 849 2177 883 studium,
2209 858 2249 879 ne
2281 858 2340 888 per

1330 897 1536 927 vacationem
1556 899 1722 928 diutinam
1740 900 1887 929 incurrat
1909 901 1942 930 in
1957 901 2194 938 spiritualibus
2210 904 2239 931 et
2261 904 2341 932 tem-

1328 950 1502 987 poralibus
1528 951 1781 987 detrimentmu,
1810 955 1985 991 sperantes
2007 963 2139 992 (pioque
2167 955 2255 992 quod
2282 964 2341 993 per

1329 1003 1530 1033 industriam
1548 1004 1661 1034 dilecti
1678 1005 1738 1034 tilii
1754 1006 1926 1041 Hernardi,
1944 1006 2072 1036 abbatis
2087 1007 2196 1045 ipsius
2210 1017 2340 1038 monas-

1327 1057 1403 1086 terii
1429 1057 1638 1094 Casinensis,
1660 1067 1734 1087 cum
1759 1059 1921 1089 habeatur
1941 1060 2150 1090 111-3110111111
2173 1061 2337 1098 preditus,

1328 1118 1461 1140 morum
1479 1110 1654 1141 honestate
1674 1111 1827 1147 decorus,
1846 1112 1982 1142 consilii
2002 1114 2195 1143 i‘mituritate
2215 1114 2340 1152 precla-

1328 1172 1386 1192 rus
1397 1164 1427 1192 et
1439 1163 1667 1194 sollicitudine
1680 1165 1956 1204 circumspectus,
1971 1166 2214 1196 monasterium
2229 1167 2340 1204 ipsum

1328 1216 1496 1246 relevetur
1515 1225 1533 1246 a
1558 1217 1682 1252 noxiis,
1702 1220 1733 1248 et
1751 1218 1892 1255 utiliter,
1913 1221 2047 1249 auctore
2065 1220 2222 1255 Domino,
2244 1220 2339 1258 proti-

1328 1269 1393 1299 ciat
1423 1270 1457 1299 in
1483 1270 1649 1309 utrisque,
1677 1271 1790 1309 ipsum
1817 1272 1853 1301 Β.
1878 1280 1896 1301 11
1919 1272 2054 1302 vinculo
2076 1281 2141 1311 quo
2165 1273 2342 1304 tenebatur

1328 1324 1533 1353 monasterio
1551 1323 1735 1361 Lirinensi,
1753 1325 1848 1363 cujus
1868 1328 2001 1363 preerat
2018 1326 2187 1364 regimini,
2205 1327 2341 1364 penitus

1327 1376 1554 1412 absolventes,
1587 1378 1627 1407 ad
1659 1378 1848 1416 predictum
1881 1379 2125 1409 monasterium
2157 1380 2341 1410 Casinense

1327 1431 1438 1467 ipsum
1462 1429 1623 1459 duximus
1648 1430 1688 1460 de
1717 1431 1896 1468 potestatis
1917 1432 2101 1469 apostolice
2130 1433 2341 1471 plenitudine

1326 1482 1612 1519 transferendum,
1640 1483 1834 1522 dictumque
1861 1485 1896 1514 b'.
1926 1485 1989 1522 ipsi
2021 1486 2226 1515 monasterio
2250 1486 2343 1516 Casi-

1327 1535 1425 1565 nensi
1448 1536 1487 1565 de
1507 1536 1649 1566 fratrum
1668 1538 1862 1567 nostrorum
1881 1538 2024 1568 consilio
2044 1538 2077 1567 iu
2093 1538 2249 1569 abbatem
2268 1548 2341 1578 pre-

1328 1589 1470 1619 fecimus
1489 1591 1520 1619 et
1543 1591 1727 1628 pastorem.
1747 1591 1865 1629 Itaque
1885 1591 2100 1621 universitati
2121 1594 2231 1622 vestre
2248 1601 2340 1623 man-

1328 1642 1447 1672 damus
1465 1643 1626 1681 quatinus
1637 1643 1745 1673 eidem
1758 1643 2053 1682 abbatitamquam
2066 1645 2153 1682 patri
2167 1647 2197 1675 et
2211 1647 2340 1684 pastori

1327 1696 1516 1725 animarum
1561 1698 1749 1726 vestrarum
1791 1697 2017 1727 obedientiam
2051 1701 2082 1728 et
2115 1699 2339 1729 reverentiam

1327 1749 1473 1779 debitam
1488 1750 1733 1788 impendentes,
1750 1751 1821 1787 ejus
1832 1750 1983 1780 salubria
1997 1752 2155 1781 mandata
2168 1753 2199 1781 et
2212 1753 2341 1783 monita

1328 1803 1524 1841 suscipiatis
1534 1812 1569 1833 ac
1579 1803 1753 1833 humiliter
1766 1804 1965 1840 observetis,
1977 1805 2161 1843 nuntioque
2173 1805 2337 1843 ejusdem,

1327 1856 1460 1885 abbatis
1484 1857 1594 1894 ipsius
1620 1857 1751 1886 litteras
1773 1857 1948 1893 deferenti,
1975 1866 2040 1887 non
2062 1858 2215 1888 obstante
2235 1859 2263 1888 si
2291 1868 2341 1889 ee-

1327 1909 1402 1938 dem
1426 1909 1537 1939 littere
1561 1910 1657 1947 juxta
1682 1918 1808 1939 morem
1833 1910 1928 1940 bulla
1951 1910 2108 1948 plumbea
2129 1912 2257 1941 munite
2274 1921 2340 1942 non

1327 1962 1465 1996 fuerint,
1489 1971 1565 1992 cum
1589 1963 1678 1992 idem
1699 1962 1814 1997 abbas,
1836 1965 1973 2001 propter
1987 1964 2153 1994 malitiam
2176 1965 2340 2003 temporis

1325 2014 1454 2044 bullam
1473 2015 1679 2054 hujusmodi,
1705 2025 1768 2054 que
1787 2016 1819 2045 in
1836 2016 1924 2046 dicto
1942 2018 2149 2047 monasterio
2167 2026 2241 2047 esse
2259 2018 2339 2047 dici-

1326 2069 1392 2104 tur,
1418 2069 1566 2099 nondum
1589 2069 1711 2099 habere
1736 2070 1896 2108 potuerit,
1922 2070 1961 2100 de
1982 2070 2170 2100 redditibus
2195 2071 2340 2110 aliisque

1323 2121 1458 2160 juribus
1484 2121 1548 2151 sibi
1570 2131 1589 2152 a
1613 2122 1709 2152 vobis
1734 2122 1870 2158 debitis,
1896 2123 2004 2161 ipsius
2030 2123 2162 2153 abbatis
2191 2125 2338 2159 nomine,

1326 2176 1529 2214 respondere
1554 2176 1691 2206 curetis
1720 2176 1878 2214 Alioquin
1908 2178 2111 2206 sententiam
2137 2186 2238 2215 quam
2266 2178 2338 2216 ipse

1326 2228 1389 2258 rite
1410 2228 1538 2265 tulerit,
1562 2230 1623 2259 etc.
1644 2229 1768 2259 Datum
1789 2230 1875 2268 apud
1898 2229 2185 2263 Urbemveterem,
2206 2239 2261 2259 vui
2282 2231 2339 2260 ka·

1326 2281 1444 2312 lendas
1460 2283 1586 2316 martii,
1605 2291 1691 2312 1111110
1710 2283 1821 2312 tertio.
1840 2293 1854 2311 »

1366 2391 1403 2420 In
1421 2401 1448 2420 e-
1470 2400 1513 2420 m.
1531 2392 1689 2421 vassallis
1707 2392 1903 2421 monasterii
1920 2391 2130 2426 (laminensis,
2155 2391 2194 2420 ad
2217 2392 2337 2421 Roma-

1326 2453 1403 2473 nam
1421 2444 1599 2474 ecclesiam
1616 2444 1709 2474 nullo
1723 2445 1832 2474 medio
1849 2444 2063 2482 pertinentis,
2078 2444 2335 2482 perSardiniam

1326 2498 1534 2533 constitutis,
1553 2498 1592 2527 ad
1610 2506 1691 2535 quos
1710 2497 1821 2527 littere
1840 2498 1904 2527 iste
1923 2498 2148 2535 pervenerint.

1415 2675 1488 2705 513
1877 2672 2001 2703 Orvicto,
2018 2674 2051 2699 25
2065 2672 2170 2699 fex-rier
2188 2673 2264 2700 1204.

1363 2758 1493 2788 ilenrico⁷
1522 2756 1681 2783 marchioni
1709 2756 1856 2789 Misneusi,
1879 2757 2026 2783 licentiam
2057 2757 2187 2784 concedit
2218 2758 2337 2784 missam

1326 2807 1401 2833 circa
1423 2806 1557 2832 ultimam
1579 2805 1671 2831 noctis
1692 2805 1792 2832 horam
1815 2806 1954 2832 celebrari
1972 2805 2107 2833 faciendi,
2130 2807 2210 2841 (llnu.
2227 2810 2269 2833 ΞΝ.
2288 2807 2335 2833 t'ol.

1326 2855 1370 2886 34,
1389 2862 1456 2882 ann.
1474 2854 1518 2885 111,
1537 2860 1568 2880 11⁰
1590 2855 1662 2888 116.)

1370 2975 1383 2989 «
1403 2961 1548 2997 Henrico,
1567 2960 1737 2990 marchioni
1751 2960 1904 2990 illisnensi.
1922 2960 2114 2991 Gaudentes
2133 2963 2162 2991 et
2179 2961 2237 2991 leti
2254 2961 2337 2991 rese-
