<?xml version="1.0" encoding="UTF-8"?>
<!DOCTYPE html PUBLIC "-//W3C//DTD XHTML 1.0 Transitional//EN"
    "http://www.w3.org/TR/xhtml1/DTD/xhtml1-transitional.dtd">
<html xmlns="http://www.w3.org/1999/xhtml" xml:lang="en" lang="en">
 <head>
  <title>
</title>
<meta http-equiv="Content-Type" content="text/html;charset=utf-8" />
  <meta name='ocr-system' content='tesseract 3.04.00' />
  <meta name='ocr-capabilities' content='ocr_page ocr_carea ocr_par ocr_line ocrx_word'/>
</head>
<body>
  <div class='ocr_page' id='page_1' title='image "./lesregistresdurb12cath/lesregistresdurb12cath_0267.png"; bbox 0 0 2547 3289; ppageno 0'>
   <div class='ocr_carea' id='block_1_1' title="bbox 1028 199 2284 247">
    <p class='ocr_par' dir='ltr' id='par_1_1' title="bbox 1028 199 2284 247">
     <span class='ocr_line' id='line_1_1' title="bbox 1028 199 2284 247; baseline 0.009 -11"><span class='ocrx_word' id='word_1_1' title='bbox 1028 199 1261 237; x_wconf 81' lang='lat' dir='ltr'>PREMlERE</span> <span class='ocrx_word' id='word_1_2' title='bbox 1283 202 1452 239; x_wconf 75' lang='lat' dir='ltr'>ANNEE.</span> <span class='ocrx_word' id='word_1_3' title='bbox 2245 219 2284 247; x_wconf 76' lang='lat'>27</span> 
     </span>
    </p>
   </div>
   <div class='ocr_carea' id='block_1_2' title="bbox 192 286 1210 1013">
    <p class='ocr_par' dir='ltr' id='par_1_2' title="bbox 192 286 1210 1013">
     <span class='ocr_line' id='line_1_2' title="bbox 198 286 1210 326; baseline 0 -8"><span class='ocrx_word' id='word_1_4' title='bbox 198 295 235 318; x_wconf 85' lang='lat' dir='ltr'>ac</span> <span class='ocrx_word' id='word_1_5' title='bbox 261 288 361 318; x_wconf 87' lang='lat' dir='ltr'>etiam</span> <span class='ocrx_word' id='word_1_6' title='bbox 387 295 487 326; x_wconf 85' lang='lat' dir='ltr'>super</span> <span class='ocrx_word' id='word_1_7' title='bbox 502 287 578 317; x_wconf 88' lang='lat' dir='ltr'>aliis</span> <span class='ocrx_word' id='word_1_8' title='bbox 604 286 748 317; x_wconf 83' lang='lat' dir='ltr'>diversis</span> <span class='ocrx_word' id='word_1_9' title='bbox 769 287 918 317; x_wconf 83' lang='lat' dir='ltr'>articulis</span> <span class='ocrx_word' id='word_1_10' title='bbox 941 287 1143 324; x_wconf 72' lang='lat' dir='ltr'><strong>vertebatur,</strong></span> <span class='ocrx_word' id='word_1_11' title='bbox 1169 288 1210 318; x_wconf 90' lang='lat' dir='ltr'>ab</span> 
     </span>
     <span class='ocr_line' id='line_1_3' title="bbox 198 339 1208 379; baseline 0.001 -9"><span class='ocrx_word' id='word_1_12' title='bbox 198 341 400 371; x_wconf 86' lang='lat' dir='ltr'>audientia..</span> <span class='ocrx_word' id='word_1_13' title='bbox 415 339 569 370; x_wconf 83' lang='lat' dir='ltr'>officialis</span> <span class='ocrx_word' id='word_1_14' title='bbox 578 339 827 370; x_wconf 82' lang='lat' dir='ltr'>Cameracensis</span> <span class='ocrx_word' id='word_1_15' title='bbox 853 349 920 370; x_wconf 85' lang='lat' dir='ltr'>non</span> <span class='ocrx_word' id='word_1_16' title='bbox 938 349 979 370; x_wconf 85' lang='lat' dir='ltr'>ex</span> <span class='ocrx_word' id='word_1_17' title='bbox 999 341 1208 379; x_wconf 72' lang='lat' dir='ltr'>delegatione</span> 
     </span>
     <span class='ocr_line' id='line_1_4' title="bbox 198 392 1209 432; baseline 0.001 -9"><span class='ocrx_word' id='word_1_18' title='bbox 198 393 379 431; x_wconf 85' lang='lat' dir='ltr'>apostolica</span> <span class='ocrx_word' id='word_1_19' title='bbox 402 392 631 431; x_wconf 74' lang='lat' dir='ltr'>cognoscentIs</span> <span class='ocrx_word' id='word_1_20' title='bbox 656 392 694 422; x_wconf 88' lang='lat' dir='ltr'>de</span> <span class='ocrx_word' id='word_1_21' title='bbox 717 393 866 431; x_wconf 81' lang='lat' dir='ltr'>ipsa,per</span> <span class='ocrx_word' id='word_1_22' title='bbox 886 394 1143 432; x_wconf 77' lang='lat' dir='ltr'>appellationem</span> <span class='ocrx_word' id='word_1_23' title='bbox 1168 394 1209 424; x_wconf 91' lang='lat' dir='ltr'>ad</span> 
     </span>
     <span class='ocr_line' id='line_1_5' title="bbox 197 445 1209 486; baseline 0.002 -10"><span class='ocrx_word' id='word_1_24' title='bbox 197 446 309 476; x_wconf 84' lang='lat' dir='ltr'>sedem</span> <span class='ocrx_word' id='word_1_25' title='bbox 329 445 547 484; x_wconf 87' lang='lat' dir='ltr'>apostolicam</span> <span class='ocrx_word' id='word_1_26' title='bbox 566 445 676 475; x_wconf 87' lang='lat' dir='ltr'>delata</span> <span class='ocrx_word' id='word_1_27' title='bbox 690 446 820 480; x_wconf 77' lang='lat' dir='ltr'>fuisset,</span> <span class='ocrx_word' id='word_1_28' title='bbox 838 446 926 476; x_wconf 90' lang='lat' dir='ltr'>idem</span> <span class='ocrx_word' id='word_1_29' title='bbox 942 447 978 477; x_wconf 88' lang='lat' dir='ltr'>B.</span> <span class='ocrx_word' id='word_1_30' title='bbox 996 449 1131 486; x_wconf 87' lang='lat' dir='ltr'>propter</span> <span class='ocrx_word' id='word_1_31' title='bbox 1147 448 1209 478; x_wconf 90' lang='lat' dir='ltr'>hoc</span> 
     </span>
     <span class='ocr_line' id='line_1_6' title="bbox 197 498 1207 537; baseline 0.003 -9"><span class='ocrx_word' id='word_1_32' title='bbox 197 499 311 528; x_wconf 87' lang='lat' dir='ltr'>sedem</span> <span class='ocrx_word' id='word_1_33' title='bbox 325 498 464 528; x_wconf 85' lang='lat' dir='ltr'>eandem</span> <span class='ocrx_word' id='word_1_34' title='bbox 480 498 700 537; x_wconf 83' lang='lat' dir='ltr'>personaliter</span> <span class='ocrx_word' id='word_1_35' title='bbox 714 499 830 529; x_wconf 85' lang='lat' dir='ltr'>adiens</span> <span class='ocrx_word' id='word_1_36' title='bbox 846 508 882 529; x_wconf 90' lang='lat' dir='ltr'>ac</span> <span class='ocrx_word' id='word_1_37' title='bbox 902 500 1025 530; x_wconf 72' lang='lat' dir='ltr'>ibidem</span> <span class='ocrx_word' id='word_1_38' title='bbox 1040 501 1207 531; x_wconf 82' lang='lat' dir='ltr'>diutinam</span> 
     </span>
     <span class='ocr_line' id='line_1_7' title="bbox 196 550 1206 591; baseline 0.003 -11"><span class='ocrx_word' id='word_1_39' title='bbox 196 559 323 581; x_wconf 89' lang='lat' dir='ltr'>moram</span> <span class='ocrx_word' id='word_1_40' title='bbox 336 550 482 585; x_wconf 87' lang='lat' dir='ltr'>trahens,</span> <span class='ocrx_word' id='word_1_41' title='bbox 501 551 672 581; x_wconf 87' lang='lat' dir='ltr'>occasione</span> <span class='ocrx_word' id='word_1_42' title='bbox 687 560 786 582; x_wconf 89' lang='lat' dir='ltr'>cause</span> <span class='ocrx_word' id='word_1_43' title='bbox 803 553 947 591; x_wconf 78' lang='lat' dir='ltr'>predicte</span> <span class='ocrx_word' id='word_1_44' title='bbox 966 554 1206 584; x_wconf 87' lang='lat' dir='ltr'>monasterium</span> 
     </span>
     <span class='ocr_line' id='line_1_8' title="bbox 196 603 1207 642; baseline 0.005 -10"><span class='ocrx_word' id='word_1_45' title='bbox 196 604 305 642; x_wconf 89' lang='lat' dir='ltr'>ipsum</span> <span class='ocrx_word' id='word_1_46' title='bbox 322 603 356 633; x_wconf 91' lang='lat' dir='ltr'>in</span> <span class='ocrx_word' id='word_1_47' title='bbox 369 603 528 633; x_wconf 80' lang='lat' dir='ltr'>tredecim</span> <span class='ocrx_word' id='word_1_48' title='bbox 543 604 680 634; x_wconf 89' lang='lat' dir='ltr'>milibus</span> <span class='ocrx_word' id='word_1_49' title='bbox 696 605 858 635; x_wconf 89' lang='lat' dir='ltr'>librarum</span> <span class='ocrx_word' id='word_1_50' title='bbox 874 605 1123 637; x_wconf 86' lang='lat' dir='ltr'>Turonensium</span> <span class='ocrx_word' id='word_1_51' title='bbox 1141 615 1207 637; x_wconf 88' lang='lat' dir='ltr'>cre-</span> 
     </span>
     <span class='ocr_line' id='line_1_9' title="bbox 195 656 1207 696; baseline 0.004 -10"><span class='ocrx_word' id='word_1_52' title='bbox 195 656 359 686; x_wconf 87' lang='lat' dir='ltr'>ditoribus</span> <span class='ocrx_word' id='word_1_53' title='bbox 377 656 546 695; x_wconf 86' lang='lat' dir='ltr'>obligavit,</span> <span class='ocrx_word' id='word_1_54' title='bbox 560 658 591 687; x_wconf 88' lang='lat' dir='ltr'>et</span> <span class='ocrx_word' id='word_1_55' title='bbox 607 657 690 688; x_wconf 88' lang='lat' dir='ltr'>alias</span> <span class='ocrx_word' id='word_1_56' title='bbox 709 659 816 696; x_wconf 85' lang='lat' dir='ltr'>preter</span> <span class='ocrx_word' id='word_1_57' title='bbox 830 659 1068 690; x_wconf 72' lang='lat' dir='ltr'>conscientiam</span> <span class='ocrx_word' id='word_1_58' title='bbox 1085 661 1116 690; x_wconf 91' lang='lat' dir='ltr'>et</span> <span class='ocrx_word' id='word_1_59' title='bbox 1131 669 1207 690; x_wconf 86' lang='lat' dir='ltr'>con—</span> 
     </span>
     <span class='ocr_line' id='line_1_10' title="bbox 194 710 1207 742; baseline 0.004 -4"><span class='ocrx_word' id='word_1_60' title='bbox 194 717 331 739; x_wconf 84' lang='lat' dir='ltr'>sensum</span> <span class='ocrx_word' id='word_1_61' title='bbox 352 710 500 739; x_wconf 88' lang='lat' dir='ltr'>vestrum</span> <span class='ocrx_word' id='word_1_62' title='bbox 525 710 688 740; x_wconf 78' lang='lat' dir='ltr'>concessit</span> <span class='ocrx_word' id='word_1_63' title='bbox 713 711 885 741; x_wconf 80' lang='lat' dir='ltr'>nonnullis</span> <span class='ocrx_word' id='word_1_64' title='bbox 909 712 1039 742; x_wconf 79' lang='lat' dir='ltr'>clericis</span> <span class='ocrx_word' id='word_1_65' title='bbox 1060 714 1091 742; x_wconf 90' lang='lat' dir='ltr'>et</span> <span class='ocrx_word' id='word_1_66' title='bbox 1112 712 1207 742; x_wconf 87' lang='lat' dir='ltr'>laicis</span> 
     </span>
     <span class='ocr_line' id='line_1_11' title="bbox 194 762 1206 803; baseline 0.002 -12"><span class='ocrx_word' id='word_1_67' title='bbox 194 762 410 801; x_wconf 84' lang='lat' dir='ltr'>quamplures</span> <span class='ocrx_word' id='word_1_68' title='bbox 435 763 614 801; x_wconf 88' lang='lat' dir='ltr'>pensiones</span> <span class='ocrx_word' id='word_1_69' title='bbox 639 772 767 793; x_wconf 85' lang='lat' dir='ltr'>annuas</span> <span class='ocrx_word' id='word_1_70' title='bbox 790 765 1023 803; x_wconf 87' lang='lat' dir='ltr'>percipiendas</span> <span class='ocrx_word' id='word_1_71' title='bbox 1046 765 1086 794; x_wconf 88' lang='lat' dir='ltr'>de</span> <span class='ocrx_word' id='word_1_72' title='bbox 1108 765 1206 794; x_wconf 87' lang='lat' dir='ltr'>bonis</span> 
     </span>
     <span class='ocr_line' id='line_1_12' title="bbox 194 815 1204 855; baseline 0.003 -11"><span class='ocrx_word' id='word_1_73' title='bbox 194 815 388 845; x_wconf 83' lang='lat' dir='ltr'>monasterii</span> <span class='ocrx_word' id='word_1_74' title='bbox 411 816 604 854; x_wconf 82' lang='lat' dir='ltr'>supradicti,</span> <span class='ocrx_word' id='word_1_75' title='bbox 630 825 771 855; x_wconf 84' lang='lat' dir='ltr'>quorum</span> <span class='ocrx_word' id='word_1_76' title='bbox 798 817 903 855; x_wconf 85' lang='lat' dir='ltr'>aliqui</span> <span class='ocrx_word' id='word_1_77' title='bbox 926 817 1115 847; x_wconf 87' lang='lat' dir='ltr'>confirmari</span> <span class='ocrx_word' id='word_1_78' title='bbox 1140 817 1204 847; x_wconf 84' lang='lat' dir='ltr'>sibi</span> 
     </span>
     <span class='ocr_line' id='line_1_13' title="bbox 193 867 1205 908; baseline 0.002 -11"><span class='ocrx_word' id='word_1_79' title='bbox 193 867 372 906; x_wconf 85' lang='lat' dir='ltr'>pensiones</span> <span class='ocrx_word' id='word_1_80' title='bbox 383 869 516 898; x_wconf 86' lang='lat' dir='ltr'>easdem</span> <span class='ocrx_word' id='word_1_81' title='bbox 527 878 564 899; x_wconf 88' lang='lat' dir='ltr'>ac</span> <span class='ocrx_word' id='word_1_82' title='bbox 577 869 709 899; x_wconf 87' lang='lat' dir='ltr'>decerni</span> <span class='ocrx_word' id='word_1_83' title='bbox 723 869 963 899; x_wconf 85' lang='lat' dir='ltr'>monasterium</span> <span class='ocrx_word' id='word_1_84' title='bbox 976 870 1087 908; x_wconf 82' lang='lat' dir='ltr'>ipsum</span> <span class='ocrx_word' id='word_1_85' title='bbox 1100 870 1205 900; x_wconf 84' lang='lat' dir='ltr'>teneri</span> 
     </span>
     <span class='ocr_line' id='line_1_14' title="bbox 193 919 1204 959; baseline 0.003 -11"><span class='ocrx_word' id='word_1_86' title='bbox 193 919 235 949; x_wconf 90' lang='lat' dir='ltr'>ad</span> <span class='ocrx_word' id='word_1_87' title='bbox 250 919 451 950; x_wconf 86' lang='lat' dir='ltr'>solutionem</span> <span class='ocrx_word' id='word_1_88' title='bbox 475 929 602 956; x_wconf 88' lang='lat' dir='ltr'>earum,</span> <span class='ocrx_word' id='word_1_89' title='bbox 621 929 751 950; x_wconf 87' lang='lat' dir='ltr'>necnon</span> <span class='ocrx_word' id='word_1_90' title='bbox 768 922 800 950; x_wconf 88' lang='lat' dir='ltr'>et</span> <span class='ocrx_word' id='word_1_91' title='bbox 816 921 966 959; x_wconf 89' lang='lat' dir='ltr'>suppleri</span> <span class='ocrx_word' id='word_1_92' title='bbox 981 921 1157 957; x_wconf 77' lang='lat' dir='ltr'>defectum,</span> <span class='ocrx_word' id='word_1_93' title='bbox 1176 921 1204 951; x_wconf 87' lang='lat' dir='ltr'>si</span> 
     </span>
     <span class='ocr_line' id='line_1_15' title="bbox 192 972 1204 1013; baseline 0.003 -12"><span class='ocrx_word' id='word_1_94' title='bbox 192 972 268 1010; x_wconf 85' lang='lat' dir='ltr'>quis</span> <span class='ocrx_word' id='word_1_95' title='bbox 298 973 331 1002; x_wconf 94' lang='lat' dir='ltr'>in</span> <span class='ocrx_word' id='word_1_96' title='bbox 359 973 572 1003; x_wconf 74' lang='lat' dir='ltr'>concessione</span> <span class='ocrx_word' id='word_1_97' title='bbox 599 974 794 1012; x_wconf 87' lang='lat' dir='ltr'>hujusmodi</span> <span class='ocrx_word' id='word_1_98' title='bbox 824 974 987 1008; x_wconf 76' lang='lat' dir='ltr'>extiterat,</span> <span class='ocrx_word' id='word_1_99' title='bbox 1002 983 1061 1013; x_wconf 82' lang='lat' dir='ltr'>per</span> <span class='ocrx_word' id='word_1_100' title='bbox 1091 975 1204 1005; x_wconf 85' lang='lat' dir='ltr'>sedem</span> 
     </span>
    </p>
   </div>
   <div class='ocr_carea' id='block_1_3' title="bbox 194 1025 1223 1067">
    <p class='ocr_par' dir='ltr' id='par_1_3' title="bbox 194 1025 1223 1067">
     <span class='ocr_line' id='line_1_16' title="bbox 194 1025 1223 1067; baseline 0.003 -13"><span class='ocrx_word' id='word_1_101' title='bbox 194 1025 409 1063; x_wconf 81' lang='lat' dir='ltr'>apostolicam</span> <span class='ocrx_word' id='word_1_102' title='bbox 443 1027 673 1064; x_wconf 77' lang='lat' dir='ltr'>procurarunt,</span> <span class='ocrx_word' id='word_1_103' title='bbox 692 1034 728 1055; x_wconf 89' lang='lat' dir='ltr'>ac</span> <span class='ocrx_word' id='word_1_104' title='bbox 752 1026 888 1056; x_wconf 88' lang='lat' dir='ltr'>demum</span> <span class='ocrx_word' id='word_1_105' title='bbox 917 1026 1007 1056; x_wconf 89' lang='lat' dir='ltr'>idem</span> <span class='ocrx_word' id='word_1_106' title='bbox 1037 1027 1076 1057; x_wconf 87' lang='grc' dir='ltr'>Β.</span> <span class='ocrx_word' id='word_1_107' title='bbox 1104 1027 1223 1067; x_wconf 42' lang='lat' dir='ltr'>cessit,</span> 
     </span>
    </p>
   </div>
   <div class='ocr_carea' id='block_1_4' title="bbox 187 1078 1205 2124">
    <p class='ocr_par' dir='ltr' id='par_1_4' title="bbox 187 1078 1205 2124">
     <span class='ocr_line' id='line_1_17' title="bbox 193 1078 1205 1119; baseline 0.003 -12"><span class='ocrx_word' id='word_1_108' title='bbox 193 1078 348 1116; x_wconf 82' lang='lat' dir='ltr'>regimini</span> <span class='ocrx_word' id='word_1_109' title='bbox 370 1078 519 1117; x_wconf 85' lang='lat' dir='ltr'>ejusdem</span> <span class='ocrx_word' id='word_1_110' title='bbox 543 1079 735 1109; x_wconf 88' lang='lat' dir='ltr'>monasterii</span> <span class='ocrx_word' id='word_1_111' title='bbox 757 1079 844 1118; x_wconf 85' lang='lat' dir='ltr'>quod</span> <span class='ocrx_word' id='word_1_112' title='bbox 865 1080 936 1118; x_wconf 90' lang='lat' dir='ltr'>ipse</span> <span class='ocrx_word' id='word_1_113' title='bbox 954 1080 1064 1110; x_wconf 87' lang='lat' dir='ltr'>taliter</span> <span class='ocrx_word' id='word_1_114' title='bbox 1081 1080 1205 1119; x_wconf 85' lang='lat' dir='ltr'>obliga-</span> 
     </span>
     <span class='ocr_line' id='line_1_18' title="bbox 192 1131 1204 1172; baseline 0.002 -11"><span class='ocrx_word' id='word_1_115' title='bbox 192 1132 251 1161; x_wconf 85' lang='lat' dir='ltr'>rat.</span> <span class='ocrx_word' id='word_1_116' title='bbox 271 1131 380 1167; x_wconf 82' lang='lat' dir='ltr'>Quare</span> <span class='ocrx_word' id='word_1_117' title='bbox 406 1132 469 1162; x_wconf 82' lang='lat' dir='ltr'>suit</span> <span class='ocrx_word' id='word_1_118' title='bbox 485 1141 525 1162; x_wconf 77' lang='lat' dir='ltr'>ex</span> <span class='ocrx_word' id='word_1_119' title='bbox 541 1134 633 1171; x_wconf 88' lang='lat' dir='ltr'>parte</span> <span class='ocrx_word' id='word_1_120' title='bbox 654 1134 764 1162; x_wconf 86' lang='lat' dir='ltr'>vestra</span> <span class='ocrx_word' id='word_1_121' title='bbox 779 1133 876 1162; x_wconf 88' lang='lat' dir='ltr'>nobis</span> <span class='ocrx_word' id='word_1_122' title='bbox 891 1133 1063 1163; x_wconf 86' lang='lat' dir='ltr'>humiliter</span> <span class='ocrx_word' id='word_1_123' title='bbox 1079 1133 1204 1172; x_wconf 84' lang='lat' dir='ltr'>suppli-</span> 
     </span>
     <span class='ocr_line' id='line_1_19' title="bbox 191 1185 1204 1225; baseline 0.002 -11"><span class='ocrx_word' id='word_1_124' title='bbox 191 1185 300 1214; x_wconf 83' lang='lat' dir='ltr'>catum</span> <span class='ocrx_word' id='word_1_125' title='bbox 315 1186 362 1220; x_wconf 88' lang='lat' dir='ltr'>ut,</span> <span class='ocrx_word' id='word_1_126' title='bbox 379 1193 456 1215; x_wconf 90' lang='lat' dir='ltr'>cum</span> <span class='ocrx_word' id='word_1_127' title='bbox 472 1186 713 1216; x_wconf 86' lang='lat' dir='ltr'>monasterium</span> <span class='ocrx_word' id='word_1_128' title='bbox 727 1186 837 1225; x_wconf 91' lang='lat' dir='ltr'>ipsum</span> <span class='ocrx_word' id='word_1_129' title='bbox 853 1195 929 1216; x_wconf 87' lang='lat' dir='ltr'>cum</span> <span class='ocrx_word' id='word_1_130' title='bbox 941 1195 983 1216; x_wconf 76' lang='lat' dir='ltr'>ex</span> <span class='ocrx_word' id='word_1_131' title='bbox 997 1186 1204 1225; x_wconf 84' lang='lat' dir='ltr'>importabili</span> 
     </span>
     <span class='ocr_line' id='line_1_20' title="bbox 191 1237 1203 1277; baseline 0.003 -11"><span class='ocrx_word' id='word_1_132' title='bbox 191 1237 323 1267; x_wconf 80' lang='lat' dir='ltr'>sarcina</span> <span class='ocrx_word' id='word_1_133' title='bbox 341 1237 528 1268; x_wconf 87' lang='lat' dir='ltr'>debitorum</span> <span class='ocrx_word' id='word_1_134' title='bbox 552 1238 756 1277; x_wconf 82' lang='lat' dir='ltr'>hujusmodi,</span> <span class='ocrx_word' id='word_1_135' title='bbox 779 1239 848 1268; x_wconf 87' lang='lat' dir='ltr'>tum</span> <span class='ocrx_word' id='word_1_136' title='bbox 867 1239 966 1268; x_wconf 88' lang='lat' dir='ltr'>etiam</span> <span class='ocrx_word' id='word_1_137' title='bbox 983 1239 1017 1268; x_wconf 92' lang='grc'>111</span> <span class='ocrx_word' id='word_1_138' title='bbox 1037 1239 1203 1269; x_wconf 84' lang='grc'>3011111000</span> 
     </span>
     <span class='ocr_line' id='line_1_21' title="bbox 189 1291 1204 1330; baseline 0.002 -10"><span class='ocrx_word' id='word_1_139' title='bbox 189 1291 391 1328; x_wconf 89' lang='lat' dir='ltr'>pensionum</span> <span class='ocrx_word' id='word_1_140' title='bbox 407 1291 568 1330; x_wconf 87' lang='lat' dir='ltr'>ipsarum,</span> <span class='ocrx_word' id='word_1_141' title='bbox 587 1300 649 1330; x_wconf 83' lang='lat' dir='ltr'>que</span> <span class='ocrx_word' id='word_1_142' title='bbox 667 1292 1093 1330; x_wconf 83' lang='lat' dir='ltr'>centumetquinquaginta</span> <span class='ocrx_word' id='word_1_143' title='bbox 1105 1292 1204 1322; x_wconf 87' lang='lat' dir='ltr'>libra-</span> 
     </span>
     <span class='ocr_line' id='line_1_22' title="bbox 191 1345 1203 1383; baseline 0.002 -9"><span class='ocrx_word' id='word_1_144' title='bbox 191 1352 266 1374; x_wconf 87' lang='lat' dir='ltr'>rum</span> <span class='ocrx_word' id='word_1_145' title='bbox 282 1345 413 1374; x_wconf 89' lang='lat' dir='ltr'>monete</span> <span class='ocrx_word' id='word_1_146' title='bbox 421 1345 546 1383; x_wconf 85' lang='lat' dir='ltr'>prefate</span> <span class='ocrx_word' id='word_1_147' title='bbox 557 1345 729 1375; x_wconf 87' lang='lat' dir='ltr'>annuatim</span> <span class='ocrx_word' id='word_1_148' title='bbox 743 1354 909 1375; x_wconf 90' lang='lat' dir='ltr'>summam</span> <span class='ocrx_word' id='word_1_149' title='bbox 925 1346 1102 1383; x_wconf 76' lang='lat' dir='ltr'>attingunt,</span> <span class='ocrx_word' id='word_1_150' title='bbox 1120 1346 1203 1376; x_wconf 88' lang='lat' dir='ltr'>into-</span> 
     </span>
     <span class='ocr_line' id='line_1_23' title="bbox 191 1396 1203 1438; baseline 0.003 -12"><span class='ocrx_word' id='word_1_151' title='bbox 191 1396 373 1427; x_wconf 88' lang='lat' dir='ltr'>lerabiliter</span> <span class='ocrx_word' id='word_1_152' title='bbox 394 1399 621 1436; x_wconf 83' lang='lat' dir='ltr'>pregravetur,</span> <span class='ocrx_word' id='word_1_153' title='bbox 649 1398 794 1428; x_wconf 76' lang='lat' dir='ltr'>maxime</span> <span class='ocrx_word' id='word_1_154' title='bbox 819 1407 896 1428; x_wconf 90' lang='lat' dir='ltr'>cum</span> <span class='ocrx_word' id='word_1_155' title='bbox 921 1399 1069 1429; x_wconf 81' lang='lat' dir='ltr'>redditus</span> <span class='ocrx_word' id='word_1_156' title='bbox 1096 1399 1203 1438; x_wconf 86' lang='lat' dir='ltr'>ipsius</span> 
     </span>
     <span class='ocr_line' id='line_1_24' title="bbox 190 1449 1202 1489; baseline 0.003 -10"><span class='ocrx_word' id='word_1_157' title='bbox 190 1449 384 1480; x_wconf 84' lang='lat' dir='ltr'>monasterii</span> <span class='ocrx_word' id='word_1_158' title='bbox 398 1451 490 1480; x_wconf 83' lang='lat' dir='ltr'>mille</span> <span class='ocrx_word' id='word_1_159' title='bbox 504 1452 534 1481; x_wconf 92' lang='lat' dir='ltr'>et</span> <span class='ocrx_word' id='word_1_160' title='bbox 547 1451 771 1489; x_wconf 81' lang='lat' dir='ltr'>septingentas</span> <span class='ocrx_word' id='word_1_161' title='bbox 787 1451 890 1481; x_wconf 89' lang='lat' dir='ltr'>libras</span> <span class='ocrx_word' id='word_1_162' title='bbox 907 1451 1056 1489; x_wconf 87' lang='lat' dir='ltr'>ejusdem</span> <span class='ocrx_word' id='word_1_163' title='bbox 1072 1454 1202 1483; x_wconf 88' lang='lat' dir='ltr'>monete</span> 
     </span>
     <span class='ocr_line' id='line_1_25' title="bbox 190 1501 1200 1541; baseline 0.003 -10"><span class='ocrx_word' id='word_1_164' title='bbox 190 1501 247 1531; x_wconf 77' lang='lat' dir='ltr'>vix</span> <span class='ocrx_word' id='word_1_165' title='bbox 262 1502 302 1532; x_wconf 88' lang='lat' dir='ltr'>ad</span> <span class='ocrx_word' id='word_1_166' title='bbox 314 1510 451 1540; x_wconf 85' lang='lat' dir='ltr'>presens</span> <span class='ocrx_word' id='word_1_167' title='bbox 466 1503 635 1539; x_wconf 77' lang='lat' dir='ltr'>excedant,</span> <span class='ocrx_word' id='word_1_168' title='bbox 648 1512 688 1533; x_wconf 92' lang='lat' dir='ltr'>ne</span> <span class='ocrx_word' id='word_1_169' title='bbox 703 1504 875 1533; x_wconf 82' lang='lat' dir='ltr'>occasione</span> <span class='ocrx_word' id='word_1_170' title='bbox 887 1503 1078 1541; x_wconf 86' lang='lat' dir='ltr'>hujusmodi</span> <span class='ocrx_word' id='word_1_171' title='bbox 1090 1505 1200 1534; x_wconf 76' lang='lat' dir='ltr'>exina-</span> 
     </span>
     <span class='ocr_line' id='line_1_26' title="bbox 191 1554 1200 1596; baseline 0.003 -12"><span class='ocrx_word' id='word_1_172' title='bbox 191 1554 325 1585; x_wconf 85' lang='lat' dir='ltr'>nitionis</span> <span class='ocrx_word' id='word_1_173' title='bbox 342 1556 596 1594; x_wconf 81' lang='lat' dir='ltr'>extreme,quod</span> <span class='ocrx_word' id='word_1_174' title='bbox 612 1556 865 1591; x_wconf 87' lang='lat' dir='ltr'>absit,incurrat</span> <span class='ocrx_word' id='word_1_175' title='bbox 882 1557 1079 1595; x_wconf 87' lang='lat' dir='ltr'>periculum,</span> <span class='ocrx_word' id='word_1_176' title='bbox 1091 1557 1200 1596; x_wconf 77' lang='lat' dir='ltr'>provi-</span> 
     </span>
     <span class='ocr_line' id='line_1_27' title="bbox 190 1608 1200 1647; baseline 0.004 -10"><span class='ocrx_word' id='word_1_177' title='bbox 190 1608 267 1638; x_wconf 90' lang='lat' dir='ltr'>dere</span> <span class='ocrx_word' id='word_1_178' title='bbox 285 1617 386 1647; x_wconf 82' lang='lat' dir='ltr'>super</span> <span class='ocrx_word' id='word_1_179' title='bbox 401 1608 461 1638; x_wconf 91' lang='lat' dir='ltr'>hoc</span> <span class='ocrx_word' id='word_1_180' title='bbox 480 1609 618 1639; x_wconf 87' lang='lat' dir='ltr'>salutari</span> <span class='ocrx_word' id='word_1_181' title='bbox 635 1610 779 1640; x_wconf 87' lang='lat' dir='ltr'>remedio</span> <span class='ocrx_word' id='word_1_182' title='bbox 794 1610 1054 1640; x_wconf 82' lang='lat' dir='ltr'>misericorditer</span> <span class='ocrx_word' id='word_1_183' title='bbox 1072 1619 1200 1641; x_wconf 84' lang='lat' dir='ltr'>curare-</span> 
     </span>
     <span class='ocr_line' id='line_1_28' title="bbox 189 1661 1201 1702; baseline 0.003 -12"><span class='ocrx_word' id='word_1_184' title='bbox 189 1669 275 1691; x_wconf 89' lang='lat' dir='ltr'>mus.</span> <span class='ocrx_word' id='word_1_185' title='bbox 298 1661 423 1692; x_wconf 79' lang='lat' dir='ltr'>Vestris</span> <span class='ocrx_word' id='word_1_186' title='bbox 439 1663 549 1701; x_wconf 81' lang='lat' dir='ltr'>itaque</span> <span class='ocrx_word' id='word_1_187' title='bbox 566 1663 632 1701; x_wconf 89' lang='lat' dir='ltr'>piis</span> <span class='ocrx_word' id='word_1_188' title='bbox 649 1663 950 1702; x_wconf 83' lang='lat' dir='ltr'>supplicationibus</span> <span class='ocrx_word' id='word_1_189' title='bbox 974 1663 1201 1693; x_wconf 84' lang='lat' dir='ltr'>favorabiliter</span> 
     </span>
     <span class='ocr_line' id='line_1_29' title="bbox 188 1715 1201 1755; baseline 0.002 -11"><span class='ocrx_word' id='word_1_190' title='bbox 188 1716 386 1750; x_wconf 81' lang='lat' dir='ltr'>annuentes,</span> <span class='ocrx_word' id='word_1_191' title='bbox 412 1715 509 1745; x_wconf 89' lang='lat' dir='ltr'>vobis</span> <span class='ocrx_word' id='word_1_192' title='bbox 537 1716 728 1746; x_wconf 86' lang='lat' dir='ltr'>auctoritate</span> <span class='ocrx_word' id='word_1_193' title='bbox 755 1716 961 1754; x_wconf 77' lang='lat' dir='ltr'>presentium</span> <span class='ocrx_word' id='word_1_194' title='bbox 987 1716 1201 1755; x_wconf 71' lang='lat' dir='ltr'>indulgemus</span> 
     </span>
     <span class='ocr_line' id='line_1_30' title="bbox 189 1766 1199 1799; baseline 0.002 -3"><span class='ocrx_word' id='word_1_195' title='bbox 189 1768 224 1797; x_wconf 89' lang='lat' dir='ltr'>ut</span> <span class='ocrx_word' id='word_1_196' title='bbox 233 1766 336 1796; x_wconf 86' lang='lat' dir='ltr'>donec</span> <span class='ocrx_word' id='word_1_197' title='bbox 345 1767 433 1797; x_wconf 89' lang='lat' dir='ltr'>idem</span> <span class='ocrx_word' id='word_1_198' title='bbox 444 1769 686 1798; x_wconf 75' lang='lat' dir='ltr'>monasterium</span> <span class='ocrx_word' id='word_1_199' title='bbox 694 1770 908 1799; x_wconf 82' lang='lat' dir='ltr'>exoneratum</span> <span class='ocrx_word' id='word_1_200' title='bbox 919 1769 1019 1798; x_wconf 87' lang='lat' dir='ltr'>fuerit</span> <span class='ocrx_word' id='word_1_201' title='bbox 1028 1769 1069 1798; x_wconf 88' lang='lat' dir='ltr'>ab</span> <span class='ocrx_word' id='word_1_202' title='bbox 1082 1768 1087 1786; x_wconf 79' lang='lat'>¹</span> <span class='ocrx_word' id='word_1_203' title='bbox 1101 1777 1199 1798; x_wconf 90' lang='lat' dir='ltr'>onere</span> 
     </span>
     <span class='ocr_line' id='line_1_31' title="bbox 189 1821 1199 1860; baseline 0.002 -11"><span class='ocrx_word' id='word_1_204' title='bbox 189 1828 254 1858; x_wconf 86' lang='lat' dir='ltr'>quo</span> <span class='ocrx_word' id='word_1_205' title='bbox 268 1821 430 1858; x_wconf 89' lang='lat' dir='ltr'>premitur</span> <span class='ocrx_word' id='word_1_206' title='bbox 446 1821 645 1856; x_wconf 80' lang='lat' dir='ltr'>debitorum,</span> <span class='ocrx_word' id='word_1_207' title='bbox 659 1822 700 1851; x_wconf 86' lang='lat' dir='ltr'>ad</span> <span class='ocrx_word' id='word_1_208' title='bbox 713 1821 914 1851; x_wconf 90' lang='lat' dir='ltr'>solutionem</span> <span class='ocrx_word' id='word_1_209' title='bbox 929 1822 1109 1851; x_wconf 82' lang='lat' dir='ltr'>earundem</span> <span class='ocrx_word' id='word_1_210' title='bbox 1121 1829 1199 1860; x_wconf 90' lang='lat' dir='ltr'>pen-</span> 
     </span>
     <span class='ocr_line' id='line_1_32' title="bbox 188 1872 1201 1914; baseline 0.002 -12"><span class='ocrx_word' id='word_1_211' title='bbox 188 1872 322 1903; x_wconf 91' lang='lat' dir='ltr'>sionum</span> <span class='ocrx_word' id='word_1_212' title='bbox 336 1882 400 1904; x_wconf 92' lang='lat' dir='ltr'>non</span> <span class='ocrx_word' id='word_1_213' title='bbox 413 1875 593 1904; x_wconf 81' lang='lat' dir='ltr'>teneamini</span> <span class='ocrx_word' id='word_1_214' title='bbox 606 1883 663 1904; x_wconf 81' lang='grc'>1100</span> <span class='ocrx_word' id='word_1_215' title='bbox 677 1875 718 1905; x_wconf 88' lang='lat' dir='ltr'>ad</span> <span class='ocrx_word' id='word_1_216' title='bbox 734 1875 767 1904; x_wconf 91' lang='lat' dir='ltr'>id</span> <span class='ocrx_word' id='word_1_217' title='bbox 783 1875 937 1913; x_wconf 88' lang='lat' dir='ltr'>compelli</span> <span class='ocrx_word' id='word_1_218' title='bbox 953 1875 1088 1914; x_wconf 89' lang='lat' dir='ltr'>possitis</span> <span class='ocrx_word' id='word_1_219' title='bbox 1104 1874 1201 1904; x_wconf 87' lang='lat' dir='ltr'>inviti</span> 
     </span>
     <span class='ocr_line' id='line_1_33' title="bbox 187 1926 1199 1967; baseline 0 -11"><span class='ocrx_word' id='word_1_220' title='bbox 187 1934 246 1965; x_wconf 89' lang='lat' dir='ltr'>per</span> <span class='ocrx_word' id='word_1_221' title='bbox 262 1926 389 1957; x_wconf 85' lang='lat' dir='ltr'>litteras</span> <span class='ocrx_word' id='word_1_222' title='bbox 401 1928 599 1966; x_wconf 82' lang='lat' dir='ltr'>apostolicas</span> <span class='ocrx_word' id='word_1_223' title='bbox 616 1937 681 1958; x_wconf 94' lang='lat' dir='ltr'>non</span> <span class='ocrx_word' id='word_1_224' title='bbox 697 1928 855 1958; x_wconf 80' lang='lat' dir='ltr'>facientes</span> <span class='ocrx_word' id='word_1_225' title='bbox 870 1928 1003 1967; x_wconf 84' lang='lat' dir='ltr'>plenam</span> <span class='ocrx_word' id='word_1_226' title='bbox 1018 1929 1049 1957; x_wconf 85' lang='lat' dir='ltr'>et</span> <span class='ocrx_word' id='word_1_227' title='bbox 1066 1936 1199 1967; x_wconf 74' lang='lat' dir='ltr'>expres·</span> 
     </span>
     <span class='ocr_line' id='line_1_34' title="bbox 188 1980 1199 2020; baseline 0.001 -11"><span class='ocrx_word' id='word_1_228' title='bbox 188 1988 260 2009; x_wconf 89' lang='lat' dir='ltr'>sam</span> <span class='ocrx_word' id='word_1_229' title='bbox 271 1980 653 2020; x_wconf 61' lang='grc'>(10111-11111011111113100111</span> <span class='ocrx_word' id='word_1_230' title='bbox 667 1982 882 2012; x_wconf 86' lang='lat' dir='ltr'>mentionem.</span> <span class='ocrx_word' id='word_1_231' title='bbox 892 1981 986 2011; x_wconf 77' lang='lat' dir='ltr'>Nulli</span> <span class='ocrx_word' id='word_1_232' title='bbox 997 1989 1074 2019; x_wconf 77' lang='lat' dir='ltr'>ergo</span> <span class='ocrx_word' id='word_1_233' title='bbox 1086 1982 1199 2010; x_wconf 89' lang='lat' dir='ltr'>nostre</span> 
     </span>
     <span class='ocr_line' id='line_1_35' title="bbox 187 2033 1197 2072; baseline 0.002 -11"><span class='ocrx_word' id='word_1_234' title='bbox 187 2033 425 2069; x_wconf 82' lang='lat' dir='ltr'>concessionis,</span> <span class='ocrx_word' id='word_1_235' title='bbox 453 2035 513 2064; x_wconf 86' lang='lat' dir='ltr'>etc.</span> <span class='ocrx_word' id='word_1_236' title='bbox 542 2035 664 2064; x_wconf 86' lang='lat' dir='ltr'>Datum</span> <span class='ocrx_word' id='word_1_237' title='bbox 689 2034 841 2070; x_wconf 87' lang='lat' dir='ltr'>Viterbii,</span> <span class='ocrx_word' id='word_1_238' title='bbox 872 2044 908 2064; x_wconf 85' lang='lat'>111</span> <span class='ocrx_word' id='word_1_239' title='bbox 936 2043 1040 2064; x_wconf 75' lang='lat' dir='ltr'>nonas</span> <span class='ocrx_word' id='word_1_240' title='bbox 1069 2033 1197 2072; x_wconf 89' lang='lat' dir='ltr'>aprilis,</span> 
     </span>
     <span class='ocr_line' id='line_1_36' title="bbox 189 2085 445 2124; baseline -0.008 -9"><span class='ocrx_word' id='word_1_241' title='bbox 189 2094 275 2115; x_wconf 88' lang='lat' dir='ltr'>anno</span> <span class='ocrx_word' id='word_1_242' title='bbox 290 2085 410 2124; x_wconf 91' lang='lat' dir='ltr'>primo.</span> <span class='ocrx_word' id='word_1_243' title='bbox 431 2098 445 2113; x_wconf 64' lang='grc' dir='ltr'>υ</span> 
     </span>
    </p>
   </div>
   <div class='ocr_carea' id='block_1_5' title="bbox 259 2246 1125 2278">
    <p class='ocr_par' dir='ltr' id='par_1_5' title="bbox 259 2246 1125 2278">
     <span class='ocr_line' id='line_1_37' title="bbox 259 2246 1125 2278; baseline 0.005 -10"><span class='ocrx_word' id='word_1_244' title='bbox 259 2247 306 2278; x_wconf 72' lang='lat'>35</span> <span class='ocrx_word' id='word_1_245' title='bbox 768 2246 890 2277; x_wconf 66' lang='lat' dir='ltr'>Yitcrbe,</span> <span class='ocrx_word' id='word_1_246' title='bbox 910 2247 940 2272; x_wconf 80' lang='grc'>13</span> <span class='ocrx_word' id='word_1_247' title='bbox 958 2246 1031 2272; x_wconf 79' lang='lat' dir='ltr'>avril</span> <span class='ocrx_word' id='word_1_248' title='bbox 1051 2248 1125 2273; x_wconf 71' lang='lat'>¹262.</span> 
     </span>
    </p>
   </div>
   <div class='ocr_carea' id='block_1_6' title="bbox 186 2330 1200 2414">
    <p class='ocr_par' dir='ltr' id='par_1_6' title="bbox 186 2330 1200 2414">
     <span class='ocr_line' id='line_1_38' title="bbox 220 2330 1200 2366; baseline 0.002 -9"><span class='ocrx_word' id='word_1_249' title='bbox 220 2331 291 2358; x_wconf 89' lang='lat' dir='ltr'>Cum</span> <span class='ocrx_word' id='word_1_250' title='bbox 319 2331 451 2362; x_wconf 81' lang='lat' dir='ltr'>Fortoue,</span> <span class='ocrx_word' id='word_1_251' title='bbox 478 2330 680 2357; x_wconf 80' lang='lat' dir='ltr'>archidiacono</span> <span class='ocrx_word' id='word_1_252' title='bbox 707 2331 912 2362; x_wconf 70' lang='lat' dir='ltr'>xanctonensi,</span> <span class='ocrx_word' id='word_1_253' title='bbox 940 2331 1088 2365; x_wconf 81' lang='lat' dir='ltr'>dispensat</span> <span class='ocrx_word' id='word_1_254' title='bbox 1114 2340 1200 2366; x_wconf 82' lang='lat' dir='ltr'>super</span> 
     </span>
     <span class='ocr_line' id='line_1_39' title="bbox 186 2378 1140 2414; baseline 0 -9"><span class='ocrx_word' id='word_1_255' title='bbox 186 2379 312 2413; x_wconf 85' lang='lat' dir='ltr'>plurium</span> <span class='ocrx_word' id='word_1_256' title='bbox 327 2378 529 2405; x_wconf 79' lang='lat' dir='ltr'>beneficiorum</span> <span class='ocrx_word' id='word_1_257' title='bbox 548 2378 721 2405; x_wconf 81' lang='lat' dir='ltr'>detentione.</span> <span class='ocrx_word' id='word_1_258' title='bbox 741 2379 821 2411; x_wconf 68' lang='lat' dir='ltr'>(Rea.</span> <span class='ocrx_word' id='word_1_259' title='bbox 840 2380 887 2412; x_wconf 67' lang='lat'>⁴26,</span> <span class='ocrx_word' id='word_1_260' title='bbox 906 2379 954 2406; x_wconf 85' lang='lat' dir='ltr'>fol.</span> <span class='ocrx_word' id='word_1_261' title='bbox 978 2380 1018 2410; x_wconf 80' lang='grc'>19,</span> <span class='ocrx_word' id='word_1_262' title='bbox 1035 2388 1067 2405; x_wconf 91' lang='lat' dir='ltr'>no</span> <span class='ocrx_word' id='word_1_263' title='bbox 1084 2381 1140 2414; x_wconf 80' lang='lat'>83.)</span> 
     </span>
    </p>
   </div>
   <div class='ocr_carea' id='block_1_7' title="bbox 187 2472 1199 2830">
    <p class='ocr_par' dir='ltr' id='par_1_7' title="bbox 187 2472 1199 2830">
     <span class='ocr_line' id='line_1_40' title="bbox 229 2472 1199 2512; baseline 0.003 -12"><span class='ocrx_word' id='word_1_264' title='bbox 229 2485 244 2500; x_wconf 87' lang='lat'>«</span> <span class='ocrx_word' id='word_1_265' title='bbox 265 2473 388 2503; x_wconf 65' lang='lat' dir='ltr'>For-loni</span> <span class='ocrx_word' id='word_1_266' title='bbox 404 2473 540 2504; x_wconf 82' lang='lat' dir='ltr'>diacono.</span> <span class='ocrx_word' id='word_1_267' title='bbox 557 2472 714 2512; x_wconf 76' lang='lat' dir='ltr'>capellano</span> <span class='ocrx_word' id='word_1_268' title='bbox 733 2478 847 2509; x_wconf 75' lang='lat' dir='ltr'>nostro,</span> <span class='ocrx_word' id='word_1_269' title='bbox 867 2473 1083 2503; x_wconf 70' lang='lat' dir='ltr'>archidiacono</span> <span class='ocrx_word' id='word_1_270' title='bbox 1099 2473 1199 2504; x_wconf 81' lang='lat' dir='ltr'>Xanc-</span> 
     </span>
     <span class='ocr_line' id='line_1_41' title="bbox 187 2525 1199 2565; baseline 0.003 -10"><span class='ocrx_word' id='word_1_271' title='bbox 187 2526 316 2556; x_wconf 73' lang='lat' dir='ltr'>tonensi.</span> <span class='ocrx_word' id='word_1_272' title='bbox 337 2525 525 2565; x_wconf 85' lang='lat' dir='ltr'>Apostolice</span> <span class='ocrx_word' id='word_1_273' title='bbox 542 2526 632 2556; x_wconf 90' lang='lat' dir='ltr'>sedis</span> <span class='ocrx_word' id='word_1_274' title='bbox 648 2526 837 2564; x_wconf 87' lang='lat' dir='ltr'>benignitas</span> <span class='ocrx_word' id='word_1_275' title='bbox 860 2544 909 2556; x_wconf 81' lang='grc'>-.</span> <span class='ocrx_word' id='word_1_276' title='bbox 935 2526 1023 2556; x_wconf 90' lang='lat' dir='ltr'>Hinc</span> <span class='ocrx_word' id='word_1_277' title='bbox 1043 2528 1092 2557; x_wconf 89' lang='lat' dir='ltr'>est</span> <span class='ocrx_word' id='word_1_278' title='bbox 1109 2528 1199 2565; x_wconf 85' lang='lat' dir='ltr'>quod</span> 
     </span>
     <span class='ocr_line' id='line_1_42' title="bbox 188 2579 1199 2618; baseline 0 -8"><span class='ocrx_word' id='word_1_279' title='bbox 188 2588 249 2610; x_wconf 89' lang='lat' dir='ltr'>nos</span> <span class='ocrx_word' id='word_1_280' title='bbox 273 2579 468 2609; x_wconf 85' lang='lat' dir='ltr'>meritorum</span> <span class='ocrx_word' id='word_1_281' title='bbox 491 2579 688 2617; x_wconf 87' lang='lat' dir='ltr'>probitatem</span> <span class='ocrx_word' id='word_1_282' title='bbox 711 2579 843 2608; x_wconf 90' lang='lat' dir='ltr'>tuorum</span> <span class='ocrx_word' id='word_1_283' title='bbox 867 2587 932 2609; x_wconf 92' lang='lat' dir='ltr'>non</span> <span class='ocrx_word' id='word_1_284' title='bbox 951 2579 1088 2617; x_wconf 79' lang='lat' dir='ltr'>indigne</span> <span class='ocrx_word' id='word_1_285' title='bbox 1115 2588 1199 2618; x_wconf 87' lang='lat' dir='ltr'>pen-</span> 
     </span>
     <span class='ocr_line' id='line_1_43' title="bbox 187 2631 1197 2671; baseline 0 -9"><span class='ocrx_word' id='word_1_286' title='bbox 187 2633 298 2662; x_wconf 86' lang='lat' dir='ltr'>santes</span> <span class='ocrx_word' id='word_1_287' title='bbox 315 2640 351 2661; x_wconf 91' lang='lat' dir='ltr'>ac</span> <span class='ocrx_word' id='word_1_288' title='bbox 364 2631 512 2661; x_wconf 78' lang='lat' dir='ltr'>volentes</span> <span class='ocrx_word' id='word_1_289' title='bbox 526 2631 586 2661; x_wconf 88' lang='lat' dir='ltr'>tibi</span> <span class='ocrx_word' id='word_1_290' title='bbox 601 2639 643 2660; x_wconf 79' lang='lat' dir='ltr'>ex</span> <span class='ocrx_word' id='word_1_291' title='bbox 654 2631 715 2660; x_wconf 90' lang='lat' dir='ltr'>hoc</span> <span class='ocrx_word' id='word_1_292' title='bbox 729 2631 836 2661; x_wconf 84' lang='lat' dir='ltr'>facere</span> <span class='ocrx_word' id='word_1_293' title='bbox 852 2632 991 2670; x_wconf 83' lang='lat' dir='ltr'>gratiam</span> <span class='ocrx_word' id='word_1_294' title='bbox 1004 2632 1197 2671; x_wconf 86' lang='lat' dir='ltr'>specialem,</span> 
     </span>
     <span class='ocr_line' id='line_1_44' title="bbox 187 2683 1197 2723; baseline -0.002 -7"><span class='ocrx_word' id='word_1_295' title='bbox 187 2685 255 2716; x_wconf 88' lang='lat' dir='ltr'>tuis</span> <span class='ocrx_word' id='word_1_296' title='bbox 290 2683 591 2723; x_wconf 79' lang='lat' dir='ltr'>supplicationibus</span> <span class='ocrx_word' id='word_1_297' title='bbox 625 2683 795 2720; x_wconf 83' lang='lat' dir='ltr'>inclinati,</span> <span class='ocrx_word' id='word_1_298' title='bbox 828 2685 863 2713; x_wconf 86' lang='lat' dir='ltr'>ut</span> <span class='ocrx_word' id='word_1_299' title='bbox 892 2684 1197 2715; x_wconf 84' lang='lat' dir='ltr'>archidiaconatum</span> 
     </span>
     <span class='ocr_line' id='line_1_45' title="bbox 188 2736 1197 2769; baseline 0 -1"><span class='ocrx_word' id='word_1_300' title='bbox 188 2738 460 2769; x_wconf 81' lang='lat' dir='ltr'>xanctonensem</span> <span class='ocrx_word' id='word_1_301' title='bbox 482 2745 519 2767; x_wconf 86' lang='lat' dir='ltr'>ac</span> <span class='ocrx_word' id='word_1_302' title='bbox 543 2745 569 2766; x_wconf 92' lang='lat' dir='ltr'>s.</span> <span class='ocrx_word' id='word_1_303' title='bbox 594 2736 744 2766; x_wconf 84' lang='lat' dir='ltr'>Medardi</span> <span class='ocrx_word' id='word_1_304' title='bbox 767 2737 798 2767; x_wconf 87' lang='lat' dir='ltr'>et</span> <span class='ocrx_word' id='word_1_305' title='bbox 820 2737 860 2766; x_wconf 86' lang='lat' dir='ltr'>de</span> <span class='ocrx_word' id='word_1_306' title='bbox 882 2736 1084 2767; x_wconf 81' lang='lat' dir='ltr'>Bekenefeld</span> <span class='ocrx_word' id='word_1_307' title='bbox 1100 2746 1137 2768; x_wconf 87' lang='lat' dir='ltr'>ac</span> <span class='ocrx_word' id='word_1_308' title='bbox 1157 2738 1197 2768; x_wconf 86' lang='lat' dir='ltr'>de</span> 
     </span>
     <span class='ocr_line' id='line_1_46' title="bbox 189 2789 1199 2830; baseline 0 -9"><span class='ocrx_word' id='word_1_309' title='bbox 189 2791 289 2822; x_wconf 90' lang='lat' dir='ltr'>Mehu</span> <span class='ocrx_word' id='word_1_310' title='bbox 307 2790 533 2830; x_wconf 86' lang='lat' dir='ltr'>parrochiales</span> <span class='ocrx_word' id='word_1_311' title='bbox 547 2789 716 2826; x_wconf 75' lang='lat' dir='ltr'>ecclesiaS,</span> <span class='ocrx_word' id='word_1_312' title='bbox 738 2798 852 2820; x_wconf 88' lang='lat' dir='ltr'>curam</span> <span class='ocrx_word' id='word_1_313' title='bbox 870 2790 1058 2820; x_wconf 83' lang='lat' dir='ltr'>animarum</span> <span class='ocrx_word' id='word_1_314' title='bbox 1074 2790 1199 2821; x_wconf 87' lang='lat' dir='ltr'>haben-</span> 
     </span>
    </p>
   </div>
   <div class='ocr_carea' id='block_1_8' title="bbox 227 2885 578 2918">
    <p class='ocr_par' dir='ltr' id='par_1_8' title="bbox 227 2885 578 2918">
     <span class='ocr_line' id='line_1_47' title="bbox 227 2885 578 2918; baseline -0.006 -7"><span class='ocrx_word' id='word_1_315' title='bbox 227 2889 248 2912; x_wconf 82' lang='grc'>1.</span> <span class='ocrx_word' id='word_1_316' title='bbox 262 2887 302 2911; x_wconf 86' lang='lat' dir='ltr'>Le</span> <span class='ocrx_word' id='word_1_317' title='bbox 319 2887 435 2918; x_wconf 73' lang='lat' dir='ltr'>registro</span> <span class='ocrx_word' id='word_1_318' title='bbox 450 2887 526 2917; x_wconf 86' lang='lat' dir='ltr'>porte</span> <span class='ocrx_word' id='word_1_319' title='bbox 541 2885 578 2910; x_wconf 83' lang='lat' dir='ltr'>ob.</span> 
     </span>
    </p>
   </div>
   <div class='ocr_carea' id='block_1_9' title="bbox 1229 290 1245 2878">
    <p class='ocr_par' dir='ltr' id='par_1_9' title="bbox 1229 290 1245 2878">
     <span class='ocr_line' id='line_1_48' title="bbox 1229 290 1245 2878; baseline 0 0"><span class='ocrx_word' id='word_1_320' title='bbox 1229 290 1245 2878; x_wconf 95' lang='lat' dir='ltr'> </span> 
     </span>
    </p>
   </div>
   <div class='ocr_carea' id='block_1_10' title="bbox 1267 290 2284 969">
    <p class='ocr_par' dir='ltr' id='par_1_10' title="bbox 1267 290 2284 969">
     <span class='ocr_line' id='line_1_49' title="bbox 1274 290 2284 333; baseline 0.01 -14"><span class='ocrx_word' id='word_1_321' title='bbox 1274 290 1333 324; x_wconf 87' lang='lat' dir='ltr'>tes,</span> <span class='ocrx_word' id='word_1_322' title='bbox 1356 291 1882 333; x_wconf 81' lang='lat' dir='ltr'>Xanctonensis,Burdegalensis</span> <span class='ocrx_word' id='word_1_323' title='bbox 1900 297 1931 325; x_wconf 91' lang='lat' dir='ltr'>et</span> <span class='ocrx_word' id='word_1_324' title='bbox 1948 296 2196 328; x_wconf 86' lang='lat' dir='ltr'>Lincolnicnsis</span> <span class='ocrx_word' id='word_1_325' title='bbox 2214 299 2284 329; x_wconf 89' lang='lat' dir='ltr'>dio-</span> 
     </span>
     <span class='ocr_line' id='line_1_50' title="bbox 1273 343 2281 387; baseline 0.01 -15"><span class='ocrx_word' id='word_1_326' title='bbox 1273 343 1503 383; x_wconf 86' lang='lat' dir='ltr'>cesium,quas</span> <span class='ocrx_word' id='word_1_327' title='bbox 1517 346 1646 377; x_wconf 87' lang='lat' dir='ltr'>obtines</span> <span class='ocrx_word' id='word_1_328' title='bbox 1662 347 1892 386; x_wconf 84' lang='lat' dir='ltr'>acprebendas</span> <span class='ocrx_word' id='word_1_329' title='bbox 1907 357 1989 387; x_wconf 88' lang='lat' dir='ltr'>quas</span> <span class='ocrx_word' id='word_1_330' title='bbox 2000 350 2034 380; x_wconf 91' lang='lat' dir='ltr'>in</span> <span class='ocrx_word' id='word_1_331' title='bbox 2049 350 2281 382; x_wconf 81' lang='lat' dir='ltr'>Xanctoncnsi</span> 
     </span>
     <span class='ocr_line' id='line_1_51' title="bbox 1272 397 2279 442; baseline 0.009 -17"><span class='ocrx_word' id='word_1_332' title='bbox 1272 397 1304 425; x_wconf 88' lang='lat' dir='ltr'>et</span> <span class='ocrx_word' id='word_1_333' title='bbox 1319 405 1346 426; x_wconf 81' lang='grc'>3.</span> <span class='ocrx_word' id='word_1_334' title='bbox 1370 397 1521 429; x_wconf 88' lang='lat' dir='ltr'>Severini</span> <span class='ocrx_word' id='word_1_335' title='bbox 1550 400 1701 430; x_wconf 85' lang='lat' dir='ltr'>ecclesiis</span> <span class='ocrx_word' id='word_1_336' title='bbox 1725 409 1760 430; x_wconf 88' lang='lat' dir='ltr'>es</span> <span class='ocrx_word' id='word_1_337' title='bbox 1789 401 1939 440; x_wconf 87' lang='lat' dir='ltr'>adeptus,</span> <span class='ocrx_word' id='word_1_338' title='bbox 1965 412 2002 432; x_wconf 89' lang='lat' dir='ltr'>ac</span> <span class='ocrx_word' id='word_1_339' title='bbox 2027 403 2210 442; x_wconf 84' lang='lat' dir='ltr'>prioratum</span> <span class='ocrx_word' id='word_1_340' title='bbox 2240 405 2279 434; x_wconf 85' lang='lat' dir='ltr'>de</span> 
     </span>
     <span class='ocr_line' id='line_1_52' title="bbox 1271 449 2280 492; baseline 0.009 -13"><span class='ocrx_word' id='word_1_341' title='bbox 1271 449 1413 487; x_wconf 67' lang='lat' dir='ltr'>Vayres,</span> <span class='ocrx_word' id='word_1_342' title='bbox 1429 452 1578 490; x_wconf 84' lang='lat' dir='ltr'>ejusdem</span> <span class='ocrx_word' id='word_1_343' title='bbox 1595 453 2019 492; x_wconf 81' lang='lat' dir='ltr'>Burdegalensisdiocesis,</span> <span class='ocrx_word' id='word_1_344' title='bbox 2036 465 2103 487; x_wconf 89' lang='lat' dir='ltr'>non</span> <span class='ocrx_word' id='word_1_345' title='bbox 2120 457 2280 488; x_wconf 85' lang='lat' dir='ltr'>habentes</span> 
     </span>
     <span class='ocr_line' id='line_1_53' title="bbox 1270 503 2278 544; baseline 0.009 -13"><span class='ocrx_word' id='word_1_346' title='bbox 1270 503 1457 533; x_wconf 89' lang='lat' dir='ltr'>animarum</span> <span class='ocrx_word' id='word_1_347' title='bbox 1473 513 1598 540; x_wconf 88' lang='lat' dir='ltr'>curam,</span> <span class='ocrx_word' id='word_1_348' title='bbox 1613 507 1724 544; x_wconf 86' lang='lat' dir='ltr'>possis</span> <span class='ocrx_word' id='word_1_349' title='bbox 1743 508 1879 540; x_wconf 87' lang='lat' dir='ltr'>insimul</span> <span class='ocrx_word' id='word_1_350' title='bbox 1894 510 1982 540; x_wconf 88' lang='lat' dir='ltr'>licite</span> <span class='ocrx_word' id='word_1_351' title='bbox 1999 511 2139 540; x_wconf 81' lang='lat' dir='ltr'>retinere</span> <span class='ocrx_word' id='word_1_352' title='bbox 2154 528 2191 532; x_wconf 89' lang='lat'>-—</span> <span class='ocrx_word' id='word_1_353' title='bbox 2203 519 2278 540; x_wconf 89' lang='lat' dir='ltr'>auc-</span> 
     </span>
     <span class='ocr_line' id='line_1_54' title="bbox 1269 556 2278 599; baseline 0.008 -14"><span class='ocrx_word' id='word_1_354' title='bbox 1269 556 1398 586; x_wconf 90' lang='lat' dir='ltr'>toritate</span> <span class='ocrx_word' id='word_1_355' title='bbox 1413 558 1618 596; x_wconf 80' lang='lat' dir='ltr'>presentium</span> <span class='ocrx_word' id='word_1_356' title='bbox 1635 559 1867 599; x_wconf 82' lang='lat' dir='ltr'>dispensamus</span> <span class='ocrx_word' id='word_1_357' title='bbox 1886 581 1932 598; x_wconf 85' lang='lat'>—-‚</span> <span class='ocrx_word' id='word_1_358' title='bbox 1949 563 2167 593; x_wconf 74' lang='lat' dir='ltr'>concedentes</span> <span class='ocrx_word' id='word_1_359' title='bbox 2193 565 2225 593; x_wconf 92' lang='lat' dir='ltr'>ut</span> <span class='ocrx_word' id='word_1_360' title='bbox 2244 563 2278 593; x_wconf 88' lang='lat' dir='ltr'>in</span> 
     </span>
     <span class='ocr_line' id='line_1_55' title="bbox 1268 607 2279 654; baseline 0.009 -17"><span class='ocrx_word' id='word_1_361' title='bbox 1268 607 1440 640; x_wconf 87' lang='lat' dir='ltr'>beneficiis</span> <span class='ocrx_word' id='word_1_362' title='bbox 1457 610 1551 649; x_wconf 84' lang='lat' dir='ltr'>ipsis,</span> <span class='ocrx_word' id='word_1_363' title='bbox 1569 611 1748 643; x_wconf 82' lang='lat' dir='ltr'>dummodo</span> <span class='ocrx_word' id='word_1_364' title='bbox 1764 614 1798 644; x_wconf 95' lang='lat' dir='ltr'>in</span> <span class='ocrx_word' id='word_1_365' title='bbox 1814 615 1931 654; x_wconf 88' lang='lat' dir='ltr'>majori</span> <span class='ocrx_word' id='word_1_366' title='bbox 1948 616 2110 646; x_wconf 81' lang='lat' dir='ltr'>beneficio</span> <span class='ocrx_word' id='word_1_367' title='bbox 2122 625 2279 654; x_wconf 87' lang='lat' dir='ltr'>persona-</span> 
     </span>
     <span class='ocr_line' id='line_1_56' title="bbox 1268 661 2279 702; baseline 0.008 -11"><span class='ocrx_word' id='word_1_368' title='bbox 1268 661 1343 691; x_wconf 70' lang='lat' dir='ltr'>litor</span> <span class='ocrx_word' id='word_1_369' title='bbox 1359 662 1517 698; x_wconf 81' lang='lat' dir='ltr'>resideas,</span> <span class='ocrx_word' id='word_1_370' title='bbox 1535 672 1592 702; x_wconf 90' lang='lat' dir='ltr'>per</span> <span class='ocrx_word' id='word_1_371' title='bbox 1607 664 1742 696; x_wconf 89' lang='lat' dir='ltr'>idoneos</span> <span class='ocrx_word' id='word_1_372' title='bbox 1759 667 1901 697; x_wconf 85' lang='lat' dir='ltr'>vicarios</span> <span class='ocrx_word' id='word_1_373' title='bbox 1919 668 2089 698; x_wconf 85' lang='lat' dir='ltr'>deservire</span> <span class='ocrx_word' id='word_1_374' title='bbox 2110 668 2223 698; x_wconf 58' lang='lat' dir='ltr'>valeas</span> <span class='ocrx_word' id='word_1_375' title='bbox 2246 670 2279 699; x_wconf 85' lang='lat' dir='ltr'>et</span> 
     </span>
     <span class='ocr_line' id='line_1_57' title="bbox 1267 716 2277 760; baseline 0.008 -17"><span class='ocrx_word' id='word_1_376' title='bbox 1267 716 1449 752; x_wconf 79' lang='lat' dir='ltr'>proventus</span> <span class='ocrx_word' id='word_1_377' title='bbox 1467 724 1508 748; x_wconf 72' lang='lat' dir='ltr'>ex</span> <span class='ocrx_word' id='word_1_378' title='bbox 1522 716 1583 750; x_wconf 88' lang='lat' dir='ltr'>eis,</span> <span class='ocrx_word' id='word_1_379' title='bbox 1606 716 1899 750; x_wconf 84' lang='lat' dir='ltr'>distributionibus</span> <span class='ocrx_word' id='word_1_380' title='bbox 1916 720 2094 751; x_wconf 85' lang='lat' dir='ltr'>cotidianis</span> <span class='ocrx_word' id='word_1_381' title='bbox 2117 722 2277 760; x_wconf 78' lang='lat' dir='ltr'>exceptis,</span> 
     </span>
     <span class='ocr_line' id='line_1_58' title="bbox 1268 766 2276 809; baseline 0.009 -14"><span class='ocrx_word' id='word_1_382' title='bbox 1268 766 1370 796; x_wconf 90' lang='lat' dir='ltr'>libere</span> <span class='ocrx_word' id='word_1_383' title='bbox 1394 768 1562 806; x_wconf 87' lang='lat' dir='ltr'>percipere</span> <span class='ocrx_word' id='word_1_384' title='bbox 1578 778 1614 798; x_wconf 88' lang='lat' dir='ltr'>ac</span> <span class='ocrx_word' id='word_1_385' title='bbox 1635 772 1806 809; x_wconf 79' lang='lat' dir='ltr'>perceptos</span> <span class='ocrx_word' id='word_1_386' title='bbox 1826 773 1915 803; x_wconf 85' lang='lat' dir='ltr'>licite</span> <span class='ocrx_word' id='word_1_387' title='bbox 1939 774 2090 808; x_wconf 83' lang='lat' dir='ltr'>retinere,</span> <span class='ocrx_word' id='word_1_388' title='bbox 2115 783 2180 804; x_wconf 94' lang='lat' dir='ltr'>non</span> <span class='ocrx_word' id='word_1_389' title='bbox 2202 774 2276 804; x_wconf 88' lang='lat' dir='ltr'>obs-</span> 
     </span>
     <span class='ocr_line' id='line_1_59' title="bbox 1267 819 2277 866; baseline 0.011 -18"><span class='ocrx_word' id='word_1_390' title='bbox 1267 819 1356 849; x_wconf 87' lang='lat' dir='ltr'>tante</span> <span class='ocrx_word' id='word_1_391' title='bbox 1381 820 1470 857; x_wconf 85' lang='lat' dir='ltr'>quod</span> <span class='ocrx_word' id='word_1_392' title='bbox 1493 829 1558 850; x_wconf 92' lang='lat' dir='ltr'>non</span> <span class='ocrx_word' id='word_1_393' title='bbox 1583 830 1618 851; x_wconf 91' lang='lat' dir='ltr'>es</span> <span class='ocrx_word' id='word_1_394' title='bbox 1642 822 1677 852; x_wconf 87' lang='lat' dir='ltr'>in</span> <span class='ocrx_word' id='word_1_395' title='bbox 1699 824 1813 853; x_wconf 82' lang='lat' dir='ltr'>ordine</span> <span class='ocrx_word' id='word_1_396' title='bbox 1840 825 1898 855; x_wconf 90' lang='lat' dir='ltr'>illo</span> <span class='ocrx_word' id='word_1_397' title='bbox 1920 835 2019 864; x_wconf 83' lang='lat' dir='ltr'>quem</span> <span class='ocrx_word' id='word_1_398' title='bbox 2036 827 2175 866; x_wconf 79' lang='lat' dir='ltr'>requirit</span> <span class='ocrx_word' id='word_1_399' title='bbox 2198 837 2277 858; x_wconf 78' lang='lat' dir='ltr'>cura</span> 
     </span>
     <span class='ocr_line' id='line_1_60' title="bbox 1267 870 2276 918; baseline 0.011 -17"><span class='ocrx_word' id='word_1_400' title='bbox 1267 870 1505 902; x_wconf 81' lang='lat' dir='ltr'>beneficiorum</span> <span class='ocrx_word' id='word_1_401' title='bbox 1530 873 1733 911; x_wconf 87' lang='lat' dir='ltr'>hujusmodi,</span> <span class='ocrx_word' id='word_1_402' title='bbox 1749 877 1960 908; x_wconf 90' lang='lat' dir='ltr'>constitutus.</span> <span class='ocrx_word' id='word_1_403' title='bbox 1992 879 2084 909; x_wconf 79' lang='lat' dir='ltr'>Nulli</span> <span class='ocrx_word' id='word_1_404' title='bbox 2117 888 2194 918; x_wconf 76' lang='lat' dir='ltr'>ergo</span> <span class='ocrx_word' id='word_1_405' title='bbox 2224 898 2276 912; x_wconf 86' lang='lat'>—.</span> 
     </span>
     <span class='ocr_line' id='line_1_61' title="bbox 1267 924 2074 969; baseline 0.01 -16"><span class='ocrx_word' id='word_1_406' title='bbox 1267 924 1391 954; x_wconf 89' lang='lat' dir='ltr'>Datum</span> <span class='ocrx_word' id='word_1_407' title='bbox 1405 925 1561 961; x_wconf 86' lang='lat' dir='ltr'>Viterbii,</span> <span class='ocrx_word' id='word_1_408' title='bbox 1577 926 1652 956; x_wconf 81' lang='lat' dir='ltr'>idus</span> <span class='ocrx_word' id='word_1_409' title='bbox 1668 928 1798 966; x_wconf 89' lang='lat' dir='ltr'>aprilis,</span> <span class='ocrx_word' id='word_1_410' title='bbox 1813 938 1899 960; x_wconf 88' lang='lat' dir='ltr'>anno</span> <span class='ocrx_word' id='word_1_411' title='bbox 1918 931 2037 969; x_wconf 89' lang='lat' dir='ltr'>primo.</span> <span class='ocrx_word' id='word_1_412' title='bbox 2060 944 2074 958; x_wconf 83' lang='lat'>»</span> 
     </span>
    </p>
   </div>
   <div class='ocr_carea' id='block_1_11' title="bbox 1334 1087 2202 1124">
    <p class='ocr_par' dir='ltr' id='par_1_11' title="bbox 1334 1087 2202 1124">
     <span class='ocr_line' id='line_1_62' title="bbox 1334 1087 2202 1124; baseline 0.01 -13"><span class='ocrx_word' id='word_1_413' title='bbox 1334 1087 1382 1119; x_wconf 73' lang='lat' dir='ltr'>3ss</span> <span class='ocrx_word' id='word_1_414' title='bbox 1865 1091 1987 1124; x_wconf 75' lang='lat' dir='ltr'>Viterbe,</span> <span class='ocrx_word' id='word_1_415' title='bbox 2004 1093 2020 1119; x_wconf 71' lang='lat'><strong>4</strong></span> <span class='ocrx_word' id='word_1_416' title='bbox 2035 1094 2107 1120; x_wconf 80' lang='lat' dir='ltr'>avril</span> <span class='ocrx_word' id='word_1_417' title='bbox 2129 1096 2202 1124; x_wconf 68' lang='lat'>¹202,</span> 
     </span>
    </p>
   </div>
   <div class='ocr_carea' id='block_1_12' title="bbox 1266 1171 2276 1305">
    <p class='ocr_par' dir='ltr' id='par_1_12' title="bbox 1266 1171 2276 1305">
     <span class='ocr_line' id='line_1_63' title="bbox 1303 1171 2276 1209; baseline 0.008 -11"><span class='ocrx_word' id='word_1_418' title='bbox 1303 1171 1432 1199; x_wconf 77' lang='lat' dir='ltr'>Alatrino</span> <span class='ocrx_word' id='word_1_419' title='bbox 1452 1173 1587 1199; x_wconf 82' lang='lat' dir='ltr'>Rimanni</span> <span class='ocrx_word' id='word_1_420' title='bbox 1609 1175 1636 1198; x_wconf 90' lang='lat' dir='ltr'>et</span> <span class='ocrx_word' id='word_1_421' title='bbox 1654 1173 1755 1200; x_wconf 85' lang='lat' dir='ltr'>Letitie</span> <span class='ocrx_word' id='word_1_422' title='bbox 1776 1173 1906 1209; x_wconf 76' lang='lat' dir='ltr'>indulget</span> <span class='ocrx_word' id='word_1_423' title='bbox 1925 1178 1964 1207; x_wconf 90' lang='lat' dir='ltr'>ut,</span> <span class='ocrx_word' id='word_1_424' title='bbox 1986 1185 2040 1203; x_wconf 88' lang='lat' dir='ltr'>non</span> <span class='ocrx_word' id='word_1_425' title='bbox 2058 1179 2189 1205; x_wconf 79' lang='lat' dir='ltr'>obstante</span> <span class='ocrx_word' id='word_1_426' title='bbox 2210 1187 2276 1206; x_wconf 89' lang='lat' dir='ltr'>con-</span> 
     </span>
     <span class='ocr_line' id='line_1_64' title="bbox 1267 1221 2275 1261; baseline 0.008 -15"><span class='ocrx_word' id='word_1_427' title='bbox 1267 1221 1472 1254; x_wconf 81' lang='lat' dir='ltr'>sanguinitatis</span> <span class='ocrx_word' id='word_1_428' title='bbox 1496 1221 1652 1253; x_wconf 85' lang='lat' dir='ltr'>obstaculo,</span> <span class='ocrx_word' id='word_1_429' title='bbox 1670 1222 1926 1250; x_wconf 82' lang='lat' dir='ltr'>matrimonialiter</span> <span class='ocrx_word' id='word_1_430' title='bbox 1948 1225 1983 1250; x_wconf 85' lang='lat' dir='ltr'>ad</span> <span class='ocrx_word' id='word_1_431' title='bbox 2008 1225 2130 1252; x_wconf 78' lang='lat' dir='ltr'>invicem</span> <span class='ocrx_word' id='word_1_432' title='bbox 2147 1228 2275 1261; x_wconf 83' lang='lat' dir='ltr'>copulari</span> 
     </span>
     <span class='ocr_line' id='line_1_65' title="bbox 1266 1269 1842 1305; baseline 0.002 -10"><span class='ocrx_word' id='word_1_433' title='bbox 1266 1269 1387 1303; x_wconf 83' lang='lat' dir='ltr'>possint.</span> <span class='ocrx_word' id='word_1_434' title='bbox 1404 1270 1483 1305; x_wconf 58' lang='lat' dir='ltr'>(nm</span> <span class='ocrx_word' id='word_1_435' title='bbox 1501 1271 1545 1303; x_wconf 74' lang='lat'>26,</span> <span class='ocrx_word' id='word_1_436' title='bbox 1562 1269 1610 1296; x_wconf 82' lang='lat' dir='ltr'>fol.</span> <span class='ocrx_word' id='word_1_437' title='bbox 1632 1271 1661 1295; x_wconf 83' lang='lat'>19</span> <span class='ocrx_word' id='word_1_438' title='bbox 1679 1278 1721 1301; x_wconf 72' lang='lat' dir='ltr'>vo,</span> <span class='ocrx_word' id='word_1_439' title='bbox 1739 1278 1772 1296; x_wconf 81' lang='lat' dir='ltr'>no</span> <span class='ocrx_word' id='word_1_440' title='bbox 1785 1271 1842 1305; x_wconf 66' lang='lat'>84.)</span> 
     </span>
    </p>
   </div>
   <div class='ocr_carea' id='block_1_13' title="bbox 1262 1361 2278 2247">
    <p class='ocr_par' dir='ltr' id='par_1_13' title="bbox 1262 1361 2278 2247">
     <span class='ocr_line' id='line_1_66' title="bbox 1308 1361 2275 1403; baseline 0.006 -13"><span class='ocrx_word' id='word_1_441' title='bbox 1308 1373 1322 1389; x_wconf 91' lang='lat'>«</span> <span class='ocrx_word' id='word_1_442' title='bbox 1342 1361 1445 1391; x_wconf 70' lang='lat' dir='ltr'>Nobili</span> <span class='ocrx_word' id='word_1_443' title='bbox 1458 1362 1522 1391; x_wconf 69' lang='lat' dir='ltr'>viro</span> <span class='ocrx_word' id='word_1_444' title='bbox 1533 1361 1676 1391; x_wconf 75' lang='lat' dir='ltr'>Alalrino</span> <span class='ocrx_word' id='word_1_445' title='bbox 1691 1362 1902 1392; x_wconf 61' lang='lat' dir='ltr'>let-amanum</span> <span class='ocrx_word' id='word_1_446' title='bbox 1915 1364 2007 1393; x_wconf 78' lang='lat' dir='ltr'>nobili</span> <span class='ocrx_word' id='word_1_447' title='bbox 2022 1366 2140 1395; x_wconf 56' lang='lat' dir='ltr'>mulieri</span> <span class='ocrx_word' id='word_1_448' title='bbox 2152 1367 2275 1403; x_wconf 71' lang='lat' dir='ltr'>Lelilt&#39;e,</span> 
     </span>
     <span class='ocr_line' id='line_1_67' title="bbox 1267 1415 2277 1457; baseline 0.007 -13"><span class='ocrx_word' id='word_1_449' title='bbox 1267 1420 1336 1445; x_wconf 78' lang='lat' dir='ltr'>nate</span> <span class='ocrx_word' id='word_1_450' title='bbox 1353 1415 1459 1444; x_wconf 80' lang='lat' dir='ltr'>nobilis</span> <span class='ocrx_word' id='word_1_451' title='bbox 1477 1415 1533 1444; x_wconf 74' lang='lat' dir='ltr'>viri</span> <span class='ocrx_word' id='word_1_452' title='bbox 1547 1415 1694 1444; x_wconf 55' lang='lat' dir='ltr'>,lobannis</span> <span class='ocrx_word' id='word_1_453' title='bbox 1708 1415 1784 1445; x_wconf 74' lang='lat' dir='ltr'>Luce</span> <span class='ocrx_word' id='word_1_454' title='bbox 1799 1415 1835 1446; x_wconf 79' lang='lat' dir='ltr'>de</span> <span class='ocrx_word' id='word_1_455' title='bbox 1850 1416 1995 1448; x_wconf 58' lang='lat' dir='ltr'>Fer-ento.</span> <span class='ocrx_word' id='word_1_456' title='bbox 2009 1419 2075 1448; x_wconf 85' lang='lat' dir='ltr'>Etsi</span> <span class='ocrx_word' id='word_1_457' title='bbox 2087 1421 2277 1457; x_wconf 74' lang='lat' dir='ltr'>conjunctio</span> 
     </span>
     <span class='ocr_line' id='line_1_68' title="bbox 1265 1468 2276 1507; baseline 0.006 -9"><span class='ocrx_word' id='word_1_458' title='bbox 1265 1469 1381 1507; x_wconf 90' lang='lat' dir='ltr'>copule</span> <span class='ocrx_word' id='word_1_459' title='bbox 1406 1486 1455 1498; x_wconf 97' lang='lat'>—.</span> <span class='ocrx_word' id='word_1_460' title='bbox 1475 1469 1561 1499; x_wconf 87' lang='lat' dir='ltr'>Sane</span> <span class='ocrx_word' id='word_1_461' title='bbox 1586 1468 1700 1507; x_wconf 87' lang='lat' dir='ltr'>petitio</span> <span class='ocrx_word' id='word_1_462' title='bbox 1720 1470 1828 1499; x_wconf 81' lang='lat' dir='ltr'>vestra</span> <span class='ocrx_word' id='word_1_463' title='bbox 1845 1470 1942 1500; x_wconf 84' lang='lat' dir='ltr'>nobis</span> <span class='ocrx_word' id='word_1_464' title='bbox 1966 1471 2112 1502; x_wconf 77' lang='lat' dir='ltr'>exhibita</span> <span class='ocrx_word' id='word_1_465' title='bbox 2128 1474 2276 1504; x_wconf 84' lang='lat' dir='ltr'>contine-</span> 
     </span>
     <span class='ocr_line' id='line_1_69' title="bbox 1264 1521 2276 1565; baseline 0.006 -14"><span class='ocrx_word' id='word_1_466' title='bbox 1264 1521 1320 1551; x_wconf 87' lang='lat' dir='ltr'>bat</span> <span class='ocrx_word' id='word_1_467' title='bbox 1335 1521 1434 1560; x_wconf 84' lang='lat' dir='ltr'>quod,</span> <span class='ocrx_word' id='word_1_468' title='bbox 1449 1530 1525 1551; x_wconf 86' lang='lat' dir='ltr'>cum</span> <span class='ocrx_word' id='word_1_469' title='bbox 1543 1521 1622 1551; x_wconf 90' lang='lat' dir='ltr'>olim</span> <span class='ocrx_word' id='word_1_470' title='bbox 1639 1521 1723 1551; x_wconf 88' lang='lat' dir='ltr'>inter</span> <span class='ocrx_word' id='word_1_471' title='bbox 1736 1522 1910 1561; x_wconf 82' lang='lat' dir='ltr'>utriusque</span> <span class='ocrx_word' id='word_1_472' title='bbox 1924 1526 2189 1563; x_wconf 81' lang='lat' dir='ltr'>consanguineos</span> <span class='ocrx_word' id='word_1_473' title='bbox 2205 1536 2276 1565; x_wconf 87' lang='lat' dir='ltr'>gra-</span> 
     </span>
     <span class='ocr_line' id='line_1_70' title="bbox 1264 1573 2275 1615; baseline 0.006 -12"><span class='ocrx_word' id='word_1_474' title='bbox 1264 1582 1323 1603; x_wconf 89' lang='lat' dir='ltr'>ves</span> <span class='ocrx_word' id='word_1_475' title='bbox 1343 1573 1543 1604; x_wconf 87' lang='lat' dir='ltr'>haberentur</span> <span class='ocrx_word' id='word_1_476' title='bbox 1567 1574 1731 1604; x_wconf 85' lang='lat' dir='ltr'>discordie</span> <span class='ocrx_word' id='word_1_477' title='bbox 1753 1575 1784 1604; x_wconf 87' lang='lat' dir='ltr'>et</span> <span class='ocrx_word' id='word_1_478' title='bbox 1806 1575 1979 1605; x_wconf 88' lang='lat' dir='ltr'>inimicitie</span> <span class='ocrx_word' id='word_1_479' title='bbox 2002 1577 2171 1615; x_wconf 76' lang='lat' dir='ltr'>capitales,</span> <span class='ocrx_word' id='word_1_480' title='bbox 2202 1588 2275 1615; x_wconf 83' lang='lat' dir='ltr'>vos,</span> 
     </span>
     <span class='ocr_line' id='line_1_71' title="bbox 1264 1627 2278 1669; baseline 0.005 -12"><span class='ocrx_word' id='word_1_481' title='bbox 1264 1627 1340 1657; x_wconf 83' lang='lat' dir='ltr'>licet</span> <span class='ocrx_word' id='word_1_482' title='bbox 1357 1627 1429 1656; x_wconf 89' lang='lat' dir='ltr'>sitis</span> <span class='ocrx_word' id='word_1_483' title='bbox 1454 1628 1570 1665; x_wconf 83' lang='lat' dir='ltr'>quarto</span> <span class='ocrx_word' id='word_1_484' title='bbox 1594 1627 1892 1665; x_wconf 80' lang='lat' dir='ltr'>consanguinitatis</span> <span class='ocrx_word' id='word_1_485' title='bbox 1910 1629 2013 1666; x_wconf 77' lang='lat' dir='ltr'>gradu</span> <span class='ocrx_word' id='word_1_486' title='bbox 2032 1631 2210 1669; x_wconf 71' lang='lat' dir='ltr'>conjuncti,</span> <span class='ocrx_word' id='word_1_487' title='bbox 2232 1634 2278 1662; x_wconf 85' lang='lat' dir='ltr'>ta-</span> 
     </span>
     <span class='ocr_line' id='line_1_72' title="bbox 1263 1679 2277 1722; baseline 0.006 -14"><span class='ocrx_word' id='word_1_488' title='bbox 1263 1688 1340 1709; x_wconf 89' lang='lat' dir='ltr'>men</span> <span class='ocrx_word' id='word_1_489' title='bbox 1364 1688 1421 1718; x_wconf 86' lang='lat' dir='ltr'>pro</span> <span class='ocrx_word' id='word_1_490' title='bbox 1438 1679 1613 1709; x_wconf 82' lang='lat' dir='ltr'>discordiis</span> <span class='ocrx_word' id='word_1_491' title='bbox 1637 1681 1667 1709; x_wconf 90' lang='lat' dir='ltr'>et</span> <span class='ocrx_word' id='word_1_492' title='bbox 1685 1680 1870 1710; x_wconf 84' lang='lat' dir='ltr'>inimicitiis</span> <span class='ocrx_word' id='word_1_493' title='bbox 1894 1682 2049 1712; x_wconf 81' lang='lat' dir='ltr'>selandis</span> <span class='ocrx_word' id='word_1_494' title='bbox 2072 1683 2277 1722; x_wconf 77' lang='lat' dir='ltr'>hujusmodi,</span> 
     </span>
     <span class='ocr_line' id='line_1_73' title="bbox 1263 1732 2277 1775; baseline 0.006 -14"><span class='ocrx_word' id='word_1_495' title='bbox 1263 1732 1432 1771; x_wconf 82' lang='lat' dir='ltr'>sponsalia</span> <span class='ocrx_word' id='word_1_496' title='bbox 1450 1732 1593 1762; x_wconf 74' lang='lat' dir='ltr'>invicem</span> <span class='ocrx_word' id='word_1_497' title='bbox 1610 1733 1832 1768; x_wconf 79' lang='lat' dir='ltr'>contraxistis,</span> <span class='ocrx_word' id='word_1_498' title='bbox 1851 1742 1951 1772; x_wconf 88' lang='lat' dir='ltr'>super</span> <span class='ocrx_word' id='word_1_499' title='bbox 1974 1744 2038 1773; x_wconf 85' lang='lat' dir='ltr'>quo</span> <span class='ocrx_word' id='word_1_500' title='bbox 2057 1737 2277 1775; x_wconf 84' lang='lat' dir='ltr'>dispensatio-</span> 
     </span>
     <span class='ocr_line' id='line_1_74' title="bbox 1263 1785 2277 1829; baseline 0.005 -14"><span class='ocrx_word' id='word_1_501' title='bbox 1263 1785 1316 1815; x_wconf 89' lang='lat' dir='ltr'>nis</span> <span class='ocrx_word' id='word_1_502' title='bbox 1330 1785 1468 1823; x_wconf 82' lang='lat' dir='ltr'>gratiam</span> <span class='ocrx_word' id='word_1_503' title='bbox 1485 1793 1504 1814; x_wconf 82' lang='lat' dir='ltr'>a</span> <span class='ocrx_word' id='word_1_504' title='bbox 1526 1785 1622 1815; x_wconf 86' lang='lat' dir='ltr'>nobis</span> <span class='ocrx_word' id='word_1_505' title='bbox 1639 1785 1834 1824; x_wconf 80' lang='lat' dir='ltr'>suppliciter</span> <span class='ocrx_word' id='word_1_506' title='bbox 1850 1787 2056 1825; x_wconf 82' lang='lat' dir='ltr'>postulastis.</span> <span class='ocrx_word' id='word_1_507' title='bbox 2076 1789 2148 1819; x_wconf 73' lang='lat' dir='ltr'>Nos</span> <span class='ocrx_word' id='word_1_508' title='bbox 2168 1790 2277 1829; x_wconf 81' lang='lat' dir='ltr'>itaque</span> 
     </span>
     <span class='ocr_line' id='line_1_75' title="bbox 1263 1838 2278 1881; baseline 0.006 -14"><span class='ocrx_word' id='word_1_509' title='bbox 1263 1838 1429 1868; x_wconf 86' lang='lat' dir='ltr'>carissimi</span> <span class='ocrx_word' id='word_1_510' title='bbox 1452 1838 1485 1868; x_wconf 89' lang='lat' dir='ltr'>in</span> <span class='ocrx_word' id='word_1_511' title='bbox 1507 1838 1638 1868; x_wconf 81' lang='lat' dir='ltr'>Christo</span> <span class='ocrx_word' id='word_1_512' title='bbox 1664 1838 1727 1868; x_wconf 89' lang='lat' dir='ltr'>filii</span> <span class='ocrx_word' id='word_1_513' title='bbox 1752 1839 1855 1869; x_wconf 87' lang='lat' dir='ltr'>nostri</span> <span class='ocrx_word' id='word_1_514' title='bbox 1878 1840 2046 1876; x_wconf 86' lang='lat' dir='ltr'>Balduini,</span> <span class='ocrx_word' id='word_1_515' title='bbox 2067 1842 2278 1881; x_wconf 74' lang='lat' dir='ltr'>imperatoris</span> 
     </span>
     <span class='ocr_line' id='line_1_76' title="bbox 1265 1891 2277 1932; baseline 0.004 -11"><span class='ocrx_word' id='word_1_516' title='bbox 1265 1891 1623 1929; x_wconf 67' lang='lat' dir='ltr'>constantinopolitan</span> <span class='ocrx_word' id='word_1_517' title='bbox 1645 1891 1796 1925; x_wconf 72' lang='lat' dir='ltr'>illustris,</span> <span class='ocrx_word' id='word_1_518' title='bbox 1821 1892 1916 1921; x_wconf 87' lang='lat' dir='ltr'>nobis</span> <span class='ocrx_word' id='word_1_519' title='bbox 1939 1896 2072 1932; x_wconf 84' lang='lat' dir='ltr'>propter</span> <span class='ocrx_word' id='word_1_520' title='bbox 2089 1894 2151 1924; x_wconf 90' lang='lat' dir='ltr'>hoc</span> <span class='ocrx_word' id='word_1_521' title='bbox 2167 1896 2277 1925; x_wconf 57' lang='lat' dir='ltr'>hunti-</span> 
     </span>
     <span class='ocr_line' id='line_1_77' title="bbox 1263 1943 2274 1983; baseline 0.006 -11"><span class='ocrx_word' id='word_1_522' title='bbox 1263 1944 1337 1973; x_wconf 86' lang='lat' dir='ltr'>liter</span> <span class='ocrx_word' id='word_1_523' title='bbox 1354 1943 1585 1982; x_wconf 78' lang='lat' dir='ltr'>supplicantis,</span> <span class='ocrx_word' id='word_1_524' title='bbox 1603 1945 1634 1973; x_wconf 88' lang='lat' dir='ltr'>et</span> <span class='ocrx_word' id='word_1_525' title='bbox 1653 1944 1774 1973; x_wconf 80' lang='lat' dir='ltr'>vestris</span> <span class='ocrx_word' id='word_1_526' title='bbox 1791 1945 2093 1983; x_wconf 90' lang='lat' dir='ltr'>supplicationibus</span> <span class='ocrx_word' id='word_1_527' title='bbox 2109 1947 2274 1983; x_wconf 82' lang='lat' dir='ltr'>inclinati,</span> 
     </span>
     <span class='ocr_line' id='line_1_78' title="bbox 1262 1996 2278 2040; baseline 0.006 -15"><span class='ocrx_word' id='word_1_528' title='bbox 1262 1997 1298 2026; x_wconf 91' lang='lat' dir='ltr'>ut</span> <span class='ocrx_word' id='word_1_529' title='bbox 1316 1996 1606 2026; x_wconf 86' lang='lat' dir='ltr'>matrimonialiter</span> <span class='ocrx_word' id='word_1_530' title='bbox 1623 1996 1663 2025; x_wconf 85' lang='lat' dir='ltr'>ad</span> <span class='ocrx_word' id='word_1_531' title='bbox 1677 1996 1822 2026; x_wconf 84' lang='lat' dir='ltr'>invicem</span> <span class='ocrx_word' id='word_1_532' title='bbox 1839 1998 1987 2036; x_wconf 85' lang='lat' dir='ltr'>copulari</span> <span class='ocrx_word' id='word_1_533' title='bbox 2004 2000 2156 2037; x_wconf 87' lang='lat' dir='ltr'>possitis,</span> <span class='ocrx_word' id='word_1_534' title='bbox 2174 2001 2278 2040; x_wconf 84' lang='lat' dir='ltr'>impe-</span> 
     </span>
     <span class='ocr_line' id='line_1_79' title="bbox 1263 2048 2276 2088; baseline 0.006 -10"><span class='ocrx_word' id='word_1_535' title='bbox 1263 2048 1409 2079; x_wconf 85' lang='lat' dir='ltr'>dimento</span> <span class='ocrx_word' id='word_1_536' title='bbox 1427 2049 1619 2088; x_wconf 82' lang='lat' dir='ltr'>hujusmodi</span> <span class='ocrx_word' id='word_1_537' title='bbox 1629 2058 1695 2079; x_wconf 88' lang='lat' dir='ltr'>non</span> <span class='ocrx_word' id='word_1_538' title='bbox 1711 2049 1874 2086; x_wconf 82' lang='lat' dir='ltr'>obstante,</span> <span class='ocrx_word' id='word_1_539' title='bbox 1892 2051 2068 2081; x_wconf 81' lang='lat' dir='ltr'>vobiscum</span> <span class='ocrx_word' id='word_1_540' title='bbox 2083 2054 2276 2084; x_wconf 72' lang='lat' dir='ltr'>auctoritate</span> 
     </span>
     <span class='ocr_line' id='line_1_80' title="bbox 1262 2102 2276 2146; baseline 0.006 -15"><span class='ocrx_word' id='word_1_541' title='bbox 1262 2102 1467 2140; x_wconf 88' lang='lat' dir='ltr'>presentium</span> <span class='ocrx_word' id='word_1_542' title='bbox 1489 2102 1528 2132; x_wconf 90' lang='lat' dir='ltr'>de</span> <span class='ocrx_word' id='word_1_543' title='bbox 1546 2102 1684 2141; x_wconf 75' lang='lat' dir='ltr'>speciali</span> <span class='ocrx_word' id='word_1_544' title='bbox 1699 2103 1804 2141; x_wconf 82' lang='lat' dir='ltr'>gratia</span> <span class='ocrx_word' id='word_1_545' title='bbox 1823 2103 2070 2142; x_wconf 87' lang='lat' dir='ltr'>dispensamus.</span> <span class='ocrx_word' id='word_1_546' title='bbox 2089 2105 2185 2136; x_wconf 84' lang='lat' dir='ltr'>Nulli</span> <span class='ocrx_word' id='word_1_547' title='bbox 2199 2115 2276 2146; x_wconf 79' lang='lat' dir='ltr'>ergo</span> 
     </span>
     <span class='ocr_line' id='line_1_81' title="bbox 1263 2155 2276 2194; baseline 0.005 -10"><span class='ocrx_word' id='word_1_548' title='bbox 1263 2156 1373 2185; x_wconf 86' lang='lat' dir='ltr'>nostre</span> <span class='ocrx_word' id='word_1_549' title='bbox 1398 2155 1670 2194; x_wconf 89' lang='lat' dir='ltr'>dispensationis,</span> <span class='ocrx_word' id='word_1_550' title='bbox 1698 2157 1759 2186; x_wconf 89' lang='lat' dir='ltr'>etc.</span> <span class='ocrx_word' id='word_1_551' title='bbox 1787 2156 1911 2186; x_wconf 88' lang='lat' dir='ltr'>Datum</span> <span class='ocrx_word' id='word_1_552' title='bbox 1940 2157 2095 2192; x_wconf 89' lang='lat' dir='ltr'>Viterbii,</span> <span class='ocrx_word' id='word_1_553' title='bbox 2124 2168 2145 2188; x_wconf 90' lang='lat'>11</span> <span class='ocrx_word' id='word_1_554' title='bbox 2171 2168 2276 2190; x_wconf 87' lang='lat' dir='ltr'>nonas</span> 
     </span>
     <span class='ocr_line' id='line_1_82' title="bbox 1262 2208 1660 2247; baseline 0.003 -10"><span class='ocrx_word' id='word_1_555' title='bbox 1262 2208 1390 2246; x_wconf 87' lang='lat' dir='ltr'>aprilis,</span> <span class='ocrx_word' id='word_1_556' title='bbox 1405 2216 1491 2239; x_wconf 89' lang='lat' dir='ltr'>anno</span> <span class='ocrx_word' id='word_1_557' title='bbox 1507 2208 1625 2247; x_wconf 84' lang='lat' dir='ltr'>primo.</span> <span class='ocrx_word' id='word_1_558' title='bbox 1646 2220 1660 2235; x_wconf 94' lang='lat'>»</span> 
     </span>
    </p>
   </div>
   <div class='ocr_carea' id='block_1_14' title="bbox 1328 2358 2198 2391">
    <p class='ocr_par' dir='ltr' id='par_1_14' title="bbox 1328 2358 2198 2391">
     <span class='ocr_line' id='line_1_83' title="bbox 1328 2358 2198 2391; baseline 0.008 -12"><span class='ocrx_word' id='word_1_559' title='bbox 1328 2358 1375 2388; x_wconf 79' lang='lat'>37</span> <span class='ocrx_word' id='word_1_560' title='bbox 1857 2358 1981 2391; x_wconf 71' lang='lat' dir='ltr'>Vitcrhe‚</span> <span class='ocrx_word' id='word_1_561' title='bbox 1999 2360 2013 2384; x_wconf 86' lang='lat'>5</span> <span class='ocrx_word' id='word_1_562' title='bbox 2029 2360 2100 2386; x_wconf 79' lang='lat' dir='ltr'>avril</span> <span class='ocrx_word' id='word_1_563' title='bbox 2124 2362 2198 2387; x_wconf 62' lang='lat'>¹262.</span> 
     </span>
    </p>
   </div>
   <div class='ocr_carea' id='block_1_15' title="bbox 1258 2439 2275 2621">
    <p class='ocr_par' dir='ltr' id='par_1_15' title="bbox 1258 2439 2275 2621">
     <span class='ocr_line' id='line_1_84' title="bbox 1295 2439 2274 2475; baseline 0.005 -10"><span class='ocrx_word' id='word_1_564' title='bbox 1295 2440 1406 2466; x_wconf 81' lang='lat' dir='ltr'>Decano</span> <span class='ocrx_word' id='word_1_565' title='bbox 1421 2441 1450 2465; x_wconf 89' lang='lat' dir='ltr'>et</span> <span class='ocrx_word' id='word_1_566' title='bbox 1464 2439 1589 2473; x_wconf 82' lang='lat' dir='ltr'>capitulo</span> <span class='ocrx_word' id='word_1_567' title='bbox 1604 2439 1841 2466; x_wconf 83' lang='lat' dir='ltr'>Laudunensibus</span> <span class='ocrx_word' id='word_1_568' title='bbox 1863 2440 2008 2475; x_wconf 83' lang='lat' dir='ltr'>significat</span> <span class='ocrx_word' id='word_1_569' title='bbox 2026 2449 2055 2468; x_wconf 84' lang='lat' dir='ltr'>se</span> <span class='ocrx_word' id='word_1_570' title='bbox 2072 2442 2226 2469; x_wconf 79' lang='lat' dir='ltr'>decernere</span> <span class='ocrx_word' id='word_1_571' title='bbox 2244 2446 2274 2470; x_wconf 88' lang='lat' dir='ltr'>ut</span> 
     </span>
     <span class='ocr_line' id='line_1_85' title="bbox 1259 2488 2272 2523; baseline 0.004 -9"><span class='ocrx_word' id='word_1_572' title='bbox 1259 2497 1359 2515; x_wconf 88' lang='lat' dir='ltr'>omnes</span> <span class='ocrx_word' id='word_1_573' title='bbox 1373 2496 1511 2523; x_wconf 81' lang='lat' dir='ltr'>personae</span> <span class='ocrx_word' id='word_1_574' title='bbox 1527 2497 1598 2522; x_wconf 86' lang='lat' dir='ltr'>quae</span> <span class='ocrx_word' id='word_1_575' title='bbox 1614 2488 1642 2515; x_wconf 92' lang='lat' dir='ltr'>in</span> <span class='ocrx_word' id='word_1_576' title='bbox 1656 2488 1761 2515; x_wconf 78' lang='lat' dir='ltr'>diocesi</span> <span class='ocrx_word' id='word_1_577' title='bbox 1779 2488 1963 2515; x_wconf 82' lang='lat' dir='ltr'>Lauduncnsi</span> <span class='ocrx_word' id='word_1_578' title='bbox 1980 2489 2008 2516; x_wconf 93' lang='lat' dir='ltr'>in</span> <span class='ocrx_word' id='word_1_579' title='bbox 2024 2490 2140 2517; x_wconf 83' lang='lat' dir='ltr'>abbates</span> <span class='ocrx_word' id='word_1_580' title='bbox 2155 2499 2272 2519; x_wconf 87' lang='lat' dir='ltr'>monas-</span> 
     </span>
     <span class='ocr_line' id='line_1_86' title="bbox 1259 2536 2275 2575; baseline 0.002 -11"><span class='ocrx_word' id='word_1_581' title='bbox 1259 2537 1398 2564; x_wconf 88' lang='lat' dir='ltr'>teriorum</span> <span class='ocrx_word' id='word_1_582' title='bbox 1413 2536 1522 2563; x_wconf 85' lang='lat' dir='ltr'>ordinis</span> <span class='ocrx_word' id='word_1_583' title='bbox 1538 2537 1836 2564; x_wconf 85' lang='lat' dir='ltr'>Praemonstratensis</span> <span class='ocrx_word' id='word_1_584' title='bbox 1850 2536 2009 2572; x_wconf 84' lang='lat' dir='ltr'>eligantur,</span> <span class='ocrx_word' id='word_1_585' title='bbox 2025 2538 2149 2572; x_wconf 83' lang='lat' dir='ltr'>capitulo</span> <span class='ocrx_word' id='word_1_586' title='bbox 2165 2540 2275 2575; x_wconf 85' lang='lat' dir='ltr'>subjec-</span> 
     </span>
     <span class='ocr_line' id='line_1_87' title="bbox 1258 2585 2272 2621; baseline 0.002 -9"><span class='ocrx_word' id='word_1_587' title='bbox 1258 2585 1368 2612; x_wconf 88' lang='lat' dir='ltr'>tionem</span> <span class='ocrx_word' id='word_1_588' title='bbox 1383 2587 1411 2612; x_wconf 85' lang='lat' dir='ltr'>et</span> <span class='ocrx_word' id='word_1_589' title='bbox 1426 2585 1618 2612; x_wconf 81' lang='lat' dir='ltr'>obedientiam</span> <span class='ocrx_word' id='word_1_590' title='bbox 1635 2585 1817 2619; x_wconf 83' lang='lat' dir='ltr'>promittant.</span> <span class='ocrx_word' id='word_1_591' title='bbox 1837 2585 1916 2619; x_wconf 70' lang='lat' dir='ltr'>(Rea.</span> <span class='ocrx_word' id='word_1_592' title='bbox 1937 2586 1982 2618; x_wconf 70' lang='lat'>26,</span> <span class='ocrx_word' id='word_1_593' title='bbox 1998 2585 2048 2612; x_wconf 84' lang='lat' dir='ltr'>sol.</span> <span class='ocrx_word' id='word_1_594' title='bbox 2066 2587 2097 2612; x_wconf 83' lang='lat'>¹9</span> <span class='ocrx_word' id='word_1_595' title='bbox 2115 2592 2154 2620; x_wconf 67' lang='grc' dir='ltr'>νῦ,</span> <span class='ocrx_word' id='word_1_596' title='bbox 2171 2592 2202 2613; x_wconf 90' lang='lat' dir='ltr'>n⁰</span> <span class='ocrx_word' id='word_1_597' title='bbox 2218 2590 2272 2621; x_wconf 69' lang='lat'>85.)</span> 
     </span>
    </p>
   </div>
   <div class='ocr_carea' id='block_1_16' title="bbox 1257 2668 2276 2919">
    <p class='ocr_par' dir='ltr' id='par_1_16' title="bbox 1257 2668 2276 2919">
     <span class='ocr_line' id='line_1_88' title="bbox 1301 2668 2274 2708; baseline 0.006 -12"><span class='ocrx_word' id='word_1_598' title='bbox 1301 2681 1316 2696; x_wconf 84' lang='lat'><em>«</em></span> <span class='ocrx_word' id='word_1_599' title='bbox 1338 2693 1358 2699; x_wconf 90' lang='lat'>..</span> <span class='ocrx_word' id='word_1_600' title='bbox 1379 2668 1490 2699; x_wconf 80' lang='lat' dir='ltr'>decano</span> <span class='ocrx_word' id='word_1_601' title='bbox 1507 2674 1534 2698; x_wconf 83' lang='lat' dir='ltr'>et</span> <span class='ocrx_word' id='word_1_602' title='bbox 1549 2668 1683 2708; x_wconf 74' lang='lat' dir='ltr'>capitulo</span> <span class='ocrx_word' id='word_1_603' title='bbox 1700 2668 1959 2699; x_wconf 74' lang='lat' dir='ltr'>Laudtmensibus.</span> <span class='ocrx_word' id='word_1_604' title='bbox 1975 2669 2011 2700; x_wconf 88' lang='lat' dir='ltr'>Si</span> <span class='ocrx_word' id='word_1_605' title='bbox 2023 2670 2063 2699; x_wconf 84' lang='lat' dir='ltr'>ad</span> <span class='ocrx_word' id='word_1_606' title='bbox 2077 2671 2274 2702; x_wconf 79' lang='lat' dir='ltr'>sollicitudi-</span> 
     </span>
     <span class='ocr_line' id='line_1_89' title="bbox 1260 2721 2272 2761; baseline 0.002 -9"><span class='ocrx_word' id='word_1_607' title='bbox 1260 2731 1335 2752; x_wconf 90' lang='lat' dir='ltr'>nem</span> <span class='ocrx_word' id='word_1_608' title='bbox 1351 2739 1400 2752; x_wconf 83' lang='lat'>--.</span> <span class='ocrx_word' id='word_1_609' title='bbox 1417 2722 1504 2752; x_wconf 89' lang='lat' dir='ltr'>Hinc</span> <span class='ocrx_word' id='word_1_610' title='bbox 1521 2723 1571 2752; x_wconf 86' lang='lat' dir='ltr'>est</span> <span class='ocrx_word' id='word_1_611' title='bbox 1585 2721 1673 2760; x_wconf 84' lang='lat' dir='ltr'>quod</span> <span class='ocrx_word' id='word_1_612' title='bbox 1690 2730 1749 2751; x_wconf 82' lang='lat' dir='ltr'>nos</span> <span class='ocrx_word' id='word_1_613' title='bbox 1766 2721 1890 2759; x_wconf 86' lang='lat' dir='ltr'>dejure</span> <span class='ocrx_word' id='word_1_614' title='bbox 1909 2721 2005 2751; x_wconf 87' lang='lat' dir='ltr'>vobis</span> <span class='ocrx_word' id='word_1_615' title='bbox 2021 2725 2226 2761; x_wconf 84' lang='lat' dir='ltr'>competente</span> <span class='ocrx_word' id='word_1_616' title='bbox 2239 2724 2272 2754; x_wconf 91' lang='lat' dir='ltr'>in</span> 
     </span>
     <span class='ocr_line' id='line_1_90' title="bbox 1257 2773 2274 2813; baseline 0.002 -9"><span class='ocrx_word' id='word_1_617' title='bbox 1257 2775 1500 2813; x_wconf 88' lang='lat' dir='ltr'>presentatione</span> <span class='ocrx_word' id='word_1_618' title='bbox 1519 2782 1736 2813; x_wconf 81' lang='lat' dir='ltr'>personarum</span> <span class='ocrx_word' id='word_1_619' title='bbox 1762 2782 1824 2812; x_wconf 86' lang='lat' dir='ltr'>que</span> <span class='ocrx_word' id='word_1_620' title='bbox 1844 2774 1879 2803; x_wconf 92' lang='lat' dir='ltr'>in</span> <span class='ocrx_word' id='word_1_621' title='bbox 1903 2773 2038 2804; x_wconf 88' lang='lat' dir='ltr'>abbates</span> <span class='ocrx_word' id='word_1_622' title='bbox 2056 2777 2274 2806; x_wconf 86' lang='lat' dir='ltr'>monasterio-</span> 
     </span>
     <span class='ocr_line' id='line_1_91' title="bbox 1258 2826 2274 2860; baseline 0.001 -2"><span class='ocrx_word' id='word_1_623' title='bbox 1258 2836 1333 2858; x_wconf 90' lang='lat' dir='ltr'>rum</span> <span class='ocrx_word' id='word_1_624' title='bbox 1346 2827 1666 2857; x_wconf 83' lang='lat' dir='ltr'>Premonstratensis</span> <span class='ocrx_word' id='word_1_625' title='bbox 1678 2826 1816 2860; x_wconf 88' lang='lat' dir='ltr'>ordinis,</span> <span class='ocrx_word' id='word_1_626' title='bbox 1830 2826 1977 2857; x_wconf 87' lang='lat' dir='ltr'>civitatis</span> <span class='ocrx_word' id='word_1_627' title='bbox 1989 2829 2019 2857; x_wconf 86' lang='lat' dir='ltr'>et</span> <span class='ocrx_word' id='word_1_628' title='bbox 2030 2827 2173 2858; x_wconf 86' lang='lat' dir='ltr'>diocesis</span> <span class='ocrx_word' id='word_1_629' title='bbox 2188 2829 2274 2859; x_wconf 86' lang='lat' dir='ltr'>Lau-</span> 
     </span>
     <span class='ocr_line' id='line_1_92' title="bbox 1258 2879 2276 2919; baseline 0.003 -10"><span class='ocrx_word' id='word_1_630' title='bbox 1258 2880 1535 2919; x_wconf 81' lang='lat' dir='ltr'>dunensium‚pro</span> <span class='ocrx_word' id='word_1_631' title='bbox 1548 2881 1695 2918; x_wconf 89' lang='lat' dir='ltr'>tempore</span> <span class='ocrx_word' id='word_1_632' title='bbox 1711 2879 1927 2918; x_wconf 85' lang='lat' dir='ltr'>eliguntur,et</span> <span class='ocrx_word' id='word_1_633' title='bbox 1941 2879 1972 2909; x_wconf 93' lang='lat' dir='ltr'>in</span> <span class='ocrx_word' id='word_1_634' title='bbox 1988 2881 2166 2918; x_wconf 89' lang='lat' dir='ltr'>prestanda</span> <span class='ocrx_word' id='word_1_635' title='bbox 2180 2882 2276 2912; x_wconf 81' lang='lat' dir='ltr'>vobis</span> 
     </span>
    </p>
   </div>
  </div>
 </body>
</html>
