2547 3289
1134 233 1348 265 D'URBAIN
1372 233 1429 263 IV.

243 317 396 347 monium
420 324 496 346 cum
521 315 664 348 muliere
680 315 896 345 contraheres
917 315 1094 346 antedicta.
1112 316 1252 350 Verum,

240 371 273 399 te
300 370 438 408 propter
466 368 527 398 1100
556 368 597 398 ad
626 369 829 399 Remensem
851 369 979 398 curiam
1006 369 1197 407 appellante
1222 369 1253 398 et

241 431 354 452 coram
373 421 511 452 officiali
530 421 681 459 ejusdem
701 421 791 451 curie
810 422 1016 459 proponente
1035 430 1070 451 ac
1091 421 1253 459 probante

241 475 392 514 legitime
417 474 517 513 quod,
550 476 625 504 ante
650 483 751 512 quam
771 474 859 504 dicta
888 474 1068 504 Benedicta
1094 475 1125 503 te
1153 482 1254 512 super

240 527 420 567 premissis
436 536 548 557 coram
566 527 683 557 eodem
702 527 839 557 officiali
860 526 1076 557 Atrebatensi
1094 526 1253 556 traxisset

241 581 276 610 in
305 589 454 615 causam,
468 581 543 618 post
567 580 667 610 fidem
686 581 800 610 tamen
820 580 885 618 ipsi
904 579 1082 610 Benedicto
1102 579 1253 617 predicto

476 654 492 665 .‚
524 633 702 671 Agnetem,
731 633 855 662 dictam
886 633 925 661 de
945 631 1046 667 Aubi,
1074 631 1254 660 mulierem

416 694 517 721 Ιι111111,
550 694 613 724 que
641 685 805 715 attinebat
832 685 917 713 dicte
944 684 1122 714 Benedicte
1152 683 1254 713 tertio

419 737 549 768 initatis
565 738 682 777 gradu,
708 737 889 767 carnaliter
911 745 1128 775 cognoveras,
1151 736 1253 765 iidem

432 791 620 821 Remenses
647 790 682 819 in
707 789 948 828 appellationis
977 798 1078 819 causa
1104 789 1254 828 legItime

239 851 472 880 proteu-tutes,
490 842 795 880 pronuntiaverunt
813 850 872 879 per
887 841 1105 871 diffinitivam
1122 843 1254 871 senten-

238 895 332 930 tiam,
350 894 486 933 justitia
502 895 668 933 exigente,
690 894 780 932 quod
796 894 837 923 ad
855 894 1119 923 contrahemlum
1139 895 1253 924 matri-

240 948 393 978 monium
410 955 487 977 cum
507 947 639 986 prefata
655 947 838 977 Benedicta
859 956 923 976 non
946 956 1020 977 eras
1039 947 1255 985 aliquatenus

239 1000 505 1039 compellendus,
521 1009 540 1030 a
570 1008 716 1039 quorum
747 1008 909 1038 processu
935 1009 1036 1038 super
1063 999 1124 1030 1100
1141 999 1255 1030 habito

241 1062 308 1084 non
324 1053 436 1084 extitit
450 1054 680 1091 provocatum,
697 1053 812 1092 sicque
826 1055 861 1083 tu
874 1062 949 1082 cum
961 1053 1090 1092 Agnete
1103 1053 1256 1091 predicta

240 1106 442 1137 contraxisti
464 1106 721 1136 matrimonium
751 1107 783 1136 et
813 1106 944 1145 prolem
972 1115 1014 1136 ex
1037 1106 1255 1137 matrimonio

242 1159 439 1199 hujusmodi
464 1159 660 1198 suscepisti.
684 1160 725 1189 Et
746 1159 823 1189 licet
842 1161 877 1189 tu
895 1158 1081 1198 predictam
1099 1159 1255 1189 Benedic-

239 1214 309 1243 tam
326 1221 403 1242 01101
420 1221 496 1251 qua,
509 1214 610 1251 prout
629 1214 786 1242 narratur
805 1212 974 1251 superius,
987 1221 1046 1251 per
1063 1211 1165 1242 verba
1183 1213 1255 1242 tan-

238 1266 311 1296 tum
329 1265 503 1304 sponsalia
521 1265 560 1295 de
576 1265 689 1296 futuro
704 1267 933 1302 contraxeras,
953 1274 1149 1304 numquam,
1167 1265 1255 1295 sicut

240 1319 379 1353 asseris,
409 1318 590 1349 carnaliter
619 1319 829 1357 cognoveris,
856 1320 887 1349 et
912 1319 1000 1349 inter
1022 1320 1054 1349 te
1082 1327 1119 1348 ac
1144 1318 1255 1357 ipsam

240 1372 405 1411 Agnetem
414 1379 481 1402 non
494 1371 597 1401 fuerit
611 1380 761 1410 unquam
777 1372 965 1402 divorcium
981 1371 1199 1408 celebratum,
1214 1380 1254 1401 ne

238 1426 366 1461 tamen,
381 1425 416 1454 in
447 1425 665 1455 matrimonio
684 1425 760 1464 ipso
783 1425 857 1455 sine
881 1425 1067 1464 apostolica
1082 1425 1256 1463 dispensa-

240 1479 332 1510 tione
351 1478 525 1512 morando,
545 1480 683 1516 propter
701 1478 896 1517 hujusmodi
916 1478 1050 1517 publice
1065 1478 1255 1508 honestatis

237 1531 419 1571 justitiam,
443 1532 500 1561 tue
528 1539 564 1561 ac
591 1531 744 1569 ejusdem
761 1531 902 1570 Agnetis
932 1531 1122 1561 animarum
1152 1531 1255 1561 saluti

241 1585 357 1615 forsan
384 1583 494 1613 valeat
517 1583 682 1622 deperire.
711 1584 911 1622 supplicasti
936 1584 1111 1614 humiliter
1136 1583 1199 1614 tibi
1219 1592 1256 1613 ac

242 1637 273 1668 ei
291 1645 394 1675 super
410 1636 472 1666 hoc
491 1636 673 1666 salubriter
689 1637 872 1675 provideri.
892 1637 963 1666 Nos
982 1637 1085 1675 igitur
1100 1638 1167 1666 tuis
1184 1645 1257 1675 pre-

241 1691 338 1722 cibus
369 1692 567 1726 annuentes,
602 1691 650 1724 ut,
683 1690 863 1728 premissis
894 1690 984 1719 veris
1013 1689 1254 1723 existentibus,

243 1743 426 1774 dummodo
449 1743 542 1773 aliud
562 1743 761 1773 canonicum
776 1751 842 1772 non
862 1742 1018 1778 obsistat,
1031 1744 1067 1773 tu
1085 1752 1120 1773 ac
1139 1743 1256 1773 eadem

242 1797 356 1836 Agnes
380 1796 415 1826 in
439 1796 528 1826 dicto
555 1795 784 1832 matrimonio,
801 1796 1043 1834 impedimento
1061 1795 1256 1835 hujusmodi

242 1859 309 1881 non
329 1849 494 1884 obstante,
516 1849 609 1879 licite
627 1857 802 1879 remanere
826 1849 967 1887 possitis
986 1849 1162 1879 vobiscum
1179 1858 1257 1879 auc-

243 1903 378 1934 toritate
407 1902 618 1940 presentium
642 1902 894 1940 dispensamus,
920 1901 1105 1940 predictam
1123 1902 1257 1940 prolem

241 1966 284 1987 ex
309 1954 528 1986 matrimonio
544 1955 619 1993 ipso
640 1956 845 1993 susceptam,
862 1955 1050 1993 legitimam
1066 1954 1257 1984 nichilomi-

239 2062 340 2092 fidem
366 2070 433 2091 non
461 2061 617 2096 servasti,
633 2060 859 2090 contrahendo
881 2069 957 2090 cum
977 2061 1158 2091 Benedicta
1181 2069 1257 2099 pre-

239 2114 339 2150 dicta,
355 2114 478 2144 dilecto
503 2113 574 2143 filio
592 2113 689 2143 fratri
703 2113 901 2149 Guillelmo‚
920 2113 1161 2151 penitenti-ario
1180 2122 1256 2143 nos-

238 2169 302 2204 tro,
321 2167 514 2198 confitearis
541 2168 573 2197 et
594 2166 635 2196 ab
656 2175 694 2196 eo
718 2166 863 2205 recipias
878 2167 1100 2205 penitentiam
1126 2166 1254 2196 saluta·
1285 2174 1286 2182 ¹

240 2230 322 2251 rem.
341 2220 437 2251 Nulli
449 2221 525 2256 etc.,
543 2221 657 2250 nostre
669 2219 936 2259 dispensationis
950 2221 981 2250 et
996 2220 1255 2250 constitutionis

241 2275 302 2304 etc.
324 2274 359 2304 Si
378 2274 455 2313 quis
477 2274 538 2304 etc.
566 2273 693 2304 Datum
718 2273 807 2312 apud
832 2272 1125 2309 Urbemveterem,
1153 2273 1254 2302 nonis
1285 2282 1286 2285 ¹

238 2327 397 2365 januarii,
420 2335 506 2357 anno
525 2326 684 2357 secundo.
706 2337 721 2354 n

331 2525 404 2558 340
436 2540 438 2543 ·

278 2604 389 2630 Decano
406 2602 545 2630 ecelesiae
567 2602 748 2630 Belvacensis
768 2603 888 2629 mandat
909 2604 1059 2637 quatenus,
1078 2602 1256 2630 assentiente

244 2652 347 2688 majori
365 2654 446 2686 parte
463 2650 664 2678 Ambianensis
678 2651 805 2686 capituli,
821 2651 976 2678 Henricum
994 2652 1028 2677 de
1045 2651 1144 2678 Calido
1159 2651 1252 2679 Monte

244 2701 273 2728 in
284 2700 472 2728 Ambianensi
484 2700 607 2727 ecclesia
622 2699 651 2726 in
666 2699 836 2727 canonicum
856 2699 944 2734 recipi
962 2699 1059 2731 saciat,
1079 2699 1257 2735 capellaniae

241 2758 328 2786 quam
345 2750 421 2777 idem
440 2749 577 2776 Henricus
592 2748 712 2780 obtinet,
728 2748 921 2783 resignatione
939 2749 1017 2783 prius
1033 2751 1158 2783 recepta.
1174 2749 1256 2782 (Rea.

244 2800 288 2831 27,
306 2798 354 2826 fol.
372 2799 416 2830 94,
434 2802 465 2825 11ο
485 2799 520 2831 1.)

789 2523 914 2553 01111010,
929 2524 962 2550 23
974 2523 1087 2558 janvier
1103 2524 1181 2550 1263.

285 2920 300 2940 1(
321 2935 327 2941 .
354 2933 361 2941 .
382 2909 495 2941 decano
518 2908 638 2940 ecclesie
665 2907 867 2939 Belvacensis.
893 2907 1106 2938 Constitutus
1129 2907 1163 2938 in
1184 2916 1257 2947 pre-

2251 225 2320 270 ¹93

1315 315 1422 346 sentIa
1439 317 1554 346 nostra
1571 317 1714 347 dilectus
1728 317 1819 348 filius
1830 318 1999 349 Henricus
2014 320 2053 350 de
2068 320 2184 351 Calido
2197 322 2320 356 Monte,

1315 370 1424 398 rector
1456 369 1582 407 capello
1620 370 1684 399 loci
1722 370 1886 409 ejusdem,
1904 372 2144 403 Ambianensis
2164 374 2320 411 diocesis,

1315 420 1412 450 nobis
1427 421 1601 452 humiliter
1619 423 1823 461 sul‘qilicavit
1841 426 1886 459 ut,
1906 434 1980 455 cum
2001 425 2071 464 ipse
2088 427 2128 456 de
2151 427 2323 458 nobilibus

1314 473 1484 503 natalibus
1499 475 1595 504 ducat
1609 477 1719 505 ortum
1734 478 1764 507 et
1777 477 1816 506 de
1828 478 2048 515 proventibus
2063 479 2171 517 ipsius
2181 480 2321 518 capelle,

1315 535 1390 555 cum
1408 527 1473 557 sint
1493 529 1620 563 tenues,
1637 528 1734 565 juxta
1754 530 1981 560 conditionem
1998 540 2141 570 persone
2159 542 2218 563 sue
2236 543 2323 564 com-

1315 579 1412 608 mode
1436 583 1576 618 nequeat
1602 583 1796 618 sustentari,
1828 584 2002 620 providere
2025 585 2089 614 sibi
2113 586 2152 615 de
2176 586 2323 617 uberiori

1315 630 1478 661 beneficio
1495 635 1634 670 paterini
1653 634 1881 665 sollicitudine
1900 645 2108 668 curaremus.
2129 639 2200 669 Nos
2223 640 2324 678 igitur

1316 684 1350 712 in
1369 692 1407 714 eo
1426 692 1491 713 non
1514 685 1623 715 solum
1642 686 1853 717 nobilitatem
1872 690 2004 727 generis
2024 691 2245 728 attemlentes,
2272 701 2324 722 ve-

1315 745 1390 766 rum
1401 737 1503 766 etiam
1519 737 1728 768 honestatem
1740 740 1921 770 laudabilis
1937 744 2203 773 conversationis
2215 748 2245 775 et
2258 745 2324 776 vite

1316 789 1450 828 aliaque
1478 791 1599 821 merita
1630 791 1820 829 probitatis,
1839 793 1878 823 de
1909 794 2033 832 quibus
2062 795 2126 825 sibi
2157 797 2324 828 laudabile

1316 842 1549 872 testimonium
1578 843 1784 881 perhibetur,
1814 854 1850 875 ac
1873 854 1932 884 per
1956 846 2017 877 1100
2043 848 2155 886 ipsum
2176 842 2325 880 volentes

1315 896 1476 934 prosequi
1504 896 1616 926 favore
1641 897 1747 935 gratie
1769 898 1938 936 specialis,
1968 899 2163 931 discretioni
2190 904 2243 932 tue
2267 911 2326 941 per

1316 948 1502 986 apostolica
1518 949 1643 987 scripta
1662 950 1862 980 mandamus
1881 952 2052 990 quassnus,
2076 953 2104 982 si
2122 954 2229 992 major
2246 964 2325 993 pars

1316 1001 1554 1031 canonicorum
1583 1001 1825 1033 Ambianensis
1853 1004 1993 1035 ecclesie
2026 1007 2259 1038 consenserint
2291 1008 2326 1038 in

1316 1054 1471 1090 eundem,
1488 1054 1601 1093 ipsum
1619 1055 1653 1084 in
1667 1056 1783 1086 eadem
1799 1057 1941 1087 ecclesia
1960 1058 2063 1088 facias
2080 1068 2138 1097 per
2150 1061 2181 1089 te
2198 1060 2251 1090 vel
2267 1069 2326 1098 per

1316 1107 1421 1137 alium
1439 1107 1544 1146 recipi
1564 1108 1598 1138 in
1616 1109 1813 1139 canonicum
1832 1111 1862 1140 et
1879 1110 1913 1139 in
1932 1110 2083 1145 fratrem,
2100 1112 2232 1151 sibique
2251 1122 2325 1151 pro-

1316 1159 1433 1189 videas
1451 1160 1490 1190 de
1511 1160 1681 1199 prebenda
1694 1170 1760 1192 non
1774 1163 1988 1199 sacerdotali,
2007 1164 2037 1193 si
2051 1173 2116 1202 qua
2130 1165 2163 1194 in
2177 1166 2327 1203 predicta

1317 1213 1459 1243 ecclesia
1478 1215 1571 1244 vacat
1589 1214 1630 1244 ad
1646 1223 1787 1253 presens
1806 1216 1858 1245 vel
1878 1224 1978 1254 quam
1994 1217 2142 1255 primum
2160 1218 2200 1248 ad
2219 1219 2252 1248 id
2273 1219 2327 1249 ob-

1315 1266 1432 1296 tulerit
1458 1275 1494 1296 se
1519 1267 1674 1304 facultas,
1702 1267 1750 1298 ita
1774 1270 1888 1299 tamen
1911 1269 2000 1307 quod
2022 1278 2096 1299 cum
2120 1270 2326 1309 prebendam

1315 1319 1427 1357 ipsam
1453 1321 1630 1350 assecutus
1654 1320 1755 1351 fuerit
1777 1330 1853 1351 cum
1870 1322 2000 1358 effectu,
2021 1323 2206 1361 capellanie
2226 1333 2327 1362 quam

1316 1372 1390 1410 ipso
1404 1372 1480 1412 jure
1502 1382 1621 1404 vacare
1637 1373 1863 1411 decernimus,
1877 1375 2047 1406 renuntiet
2066 1377 2244 1413 antedicte,
2261 1386 2328 1407 non

1316 1425 1531 1456 obstantibus
1564 1427 1672 1465 partis
1708 1428 1971 1458 contradictione
2002 1429 2145 1459 minoris
2173 1432 2205 1460 et
2237 1431 2326 1461 certo

1316 1478 1426 1517 ipsius
1444 1479 1584 1509 ecclesie
1604 1480 1840 1510 canonicorum
1858 1489 2010 1517 numero,
2028 1481 2230 1520 juramento,
2251 1492 2325 1513 con-

1317 1531 1508 1562 firmatione
1521 1533 1717 1570 apostolica,
1735 1542 1794 1563 seu
1811 1536 1929 1572 quavis
1941 1535 2007 1564 alia
2021 1535 2178 1566 firmitate
2191 1536 2326 1572 vallatO,

1318 1586 1373 1614 aut
1399 1584 1428 1614 si
1449 1594 1508 1623 pro
1531 1585 1607 1615 aliis
1630 1585 1814 1615 venerabili
1839 1586 1934 1617 fratri
1961 1590 2076 1618 nostro
2103 1611 2110 1618 .
2137 1612 2143 1618 .
2170 1589 2326 1626 episcopo

1305 1632 1552 1673 Ambianensi,
1573 1638 1614 1667 ad
1635 1647 1734 1676 quem
1756 1638 2003 1677 prebendarum
2030 1641 2164 1670 collatio
2184 1641 2218 1671 in
2239 1641 2327 1671 dicta

1318 1690 1461 1720 ecclesia
1489 1690 1612 1720 dicitur
1640 1691 1821 1729 pertinere,
1852 1694 1883 1721 et
1901 1692 2035 1722 dilectis
2064 1693 2145 1722 tiliis
2180 1694 2326 1731 capitulo

1318 1742 1467 1780 predicte
1492 1743 1632 1773 ecclesie
1666 1744 1854 1774 comuniter
1880 1744 1934 1774 vel
1963 1745 2099 1775 divisim
2139 1746 2328 1776 direximus

1319 1795 1443 1833 scripta
1456 1798 1582 1832 nostra,
1595 1796 1718 1834 quibus
1733 1797 1930 1827 auctoritate
1945 1798 2152 1835 presentium
2168 1799 2327 1829 nolumus

1317 1847 1541 1886 prejudicium
1573 1849 1738 1887 generari,
1767 1849 1820 1879 vel
1848 1850 1897 1879 eis
1925 1859 1943 1879 a
1966 1851 2044 1880 sede
2073 1851 2257 1889 apostolica
2285 1852 2328 1883 sit

1318 1901 1487 1931 indultum
1506 1902 1595 1939 quod
1614 1902 1654 1931 ad
1673 1902 1899 1940 receptionem
1913 1903 1966 1932 vel
1980 1903 2209 1940 provisionem
2227 1905 2329 1934 alicu—

1285 1966 1287 1987 1
1313 1953 1370 1992 jus
1389 1954 1527 1984 minime
1546 1956 1733 1988 teneantur,
1754 1964 1813 1984 seu
1829 1955 1869 1984 ad
1889 1955 1922 1984 id
1935 1956 2006 1994 cogi
2023 1956 2075 1985 vel
2090 1957 2252 1995 suspendi
2273 1960 2329 1989 aut

230 2014 304 2039 *nus
318 2009 549 2039 decernentes.
567 2008 736 2038 Volumus
753 2009 866 2037 tamen
885 2008 974 2046 quod
992 2016 1094 2046 super
1112 2016 1150 2037 eo
1166 2007 1257 2046 quod
1285 2012 1287 2031 s

1317 2007 1568 2037 excomunicari
1593 2016 1659 2037 non
1676 2008 1807 2046 possint
1832 2016 1892 2046 per
1915 2008 2045 2038 litteras
2064 2009 2156 2038 sedis
2178 2010 2328 2047 ejusdem

1317 2070 1381 2100 que
1401 2061 1440 2090 de
1461 2061 1590 2091 indulto
1617 2060 1812 2099 hujusmodi
1836 2061 1971 2099 plenam
1997 2063 2028 2091 et
2046 2070 2242 2100 expressam
2263 2072 2329 2093 non

1317 2114 1458 2144 fecerint
1486 2114 1704 2149 mentionem,
1740 2116 1795 2144 aut
1823 2113 1972 2152 qualibet
2002 2114 2069 2144 alia
2099 2114 2209 2153 ipsius
2238 2116 2329 2146 sedis

1316 2167 1538 2205 indulgentia,
1572 2175 1631 2204 per
1648 2175 1749 2205 quam
1768 2166 1855 2196 facta
1874 2166 1939 2196 sibi
1966 2167 1999 2196 in
2026 2167 2086 2197 hac
2109 2169 2203 2206 parte
2222 2169 2330 2206 gratia

1316 2220 1475 2259 impediri
1491 2219 1599 2250 valeat
1614 2219 1667 2249 vel
1682 2219 1823 2255 differri,
1839 2221 1870 2249 et
1886 2220 1926 2249 de
1938 2228 2003 2258 qua
2017 2220 2051 2249 in
2066 2221 2193 2250 nostris
2205 2221 2328 2252 litteris

1317 2275 1442 2303 mentio
1475 2273 1548 2303 lieri
1582 2271 1700 2303 debeat
1735 2272 1906 2311 specialis.
1940 2273 2212 2303 Contradictores
2251 2277 2326 2311 ete„

1285 2350 1287 2357 s
1316 2334 1424 2365 usque
1452 2326 1707 2364 compescendo.
1729 2326 1800 2355 Nos
1829 2328 1940 2355 autem
1961 2325 2096 2355 irritum
2115 2326 2328 2357 decernimus

1318 2381 1349 2409 et
1364 2379 1476 2414 inane,
1508 2379 1536 2408 si
1564 2388 1660 2409 secus
1684 2379 1724 2408 de
1747 2377 1916 2417 prebenda
1939 2378 2013 2416 ipsa
2038 2380 2154 2409 nostra
2179 2379 2233 2409 vel
2262 2380 2330 2410 alia

1318 2433 1438 2471 quavis
1459 2432 1656 2463 auctoritate
1675 2431 1851 2470 contigerit
1870 2431 2075 2469 attemptari.
2098 2432 2222 2463 Datum
2240 2433 2328 2472 apud

1318 2486 1607 2523 Urbemveterem,
1626 2495 1649 2516 x
1664 2486 1827 2516 kalendas
1846 2484 2020 2521 februarii,
2032 2493 2119 2516 anno
2135 2487 2292 2517 secundo.
2312 2496 2327 2516 »

1911 2684 2035 2715 Orvieto,
2050 2685 2083 2710 ‘26
2099 2683 2157 2710 mai
2178 2685 2254 2711 ¹263.

1407 2687 1477 2719 341

1353 2763 1545 2799 luti-ascriptis
1570 2764 1688 2790 mandat
1713 2765 1851 2798 quatenus
1870 2762 1986 2797 Symoni
2003 2763 2037 2789 de
2060 2762 2198 2797 Reygath‚
2221 2761 2325 2790 clerico

1316 2813 1525 2841 Wintoniensis
1543 2811 1674 2844 diocesis,
1688 2813 1721 2838 de
1737 2811 1832 2846 aliquo
1849 2811 2043 2838 ecclesiastico
2061 2811 2197 2839 beneficio
2212 2820 2326 2846 compe-

1315 2862 1399 2894 tenti,
1414 2864 1549 2890 consueto
1563 2860 1674 2888 clericis
1690 2860 1865 2888 secularibus
1880 2860 2033 2895 assignari,
2048 2860 2226 2895 provideant.
2245 2860 2325 2896 (Rae.

1323 2913 1356 2938 27
1374 2911 1424 2938 sol.
1442 2911 1476 2938 94
1489 2915 1529 2942 v0,
1547 2916 1577 2937 11θ
1596 2911 1633 2943 1.)
