2547 3289
1053 254 1293 292 'rnoistmis
1308 246 1477 292 ANNisszu
2242 268 2299 296 3-27

214 344 255 374 ad
271 344 379 374 dictos
397 345 559 374 decanum
577 346 609 374 et
624 343 807 382 capitulum
826 342 1034 371 devolvatur.
1056 340 1227 370 Premissa

214 406 347 436 quoque
369 397 481 427 omnia
510 399 541 427 et
560 397 694 436 singula
718 395 892 434 perpetuis
920 393 1041 423 futuris
1072 393 1228 431 tempori-

213 449 288 484 bus5
301 450 363 479 sub
379 449 604 480 anathematis
623 458 718 488 pena,
731 447 901 478 observari
918 447 1074 476 volumus
1089 448 1121 475 et
1138 454 1227 475 man—

214 503 345 533 damus.
375 503 412 533 In
435 503 530 541 cujus
553 504 599 532 rei
624 501 871 535 testimonium,
896 501 1069 538 presentes
1096 499 1226 528 litteras

215 556 321 585 nostri
338 556 443 594 sigilli
469 555 655 585 munimine
674 554 835 584 duximus
859 553 1075 583 roborumlas.
1104 553 1225 581 Actum

213 609 301 647 apud
319 609 605 643 Urbemveterem,
632 616 717 637 anno
738 606 874 637 Domini
896 605 1158 635 wccmxrnr.
1178 605 1227 634 in-

213 662 359 691 dictione
375 661 461 696 VIP,
484 671 518 690 111
549 661 712 690 kalendas
733 659 823 697 julii,
850 658 1063 697 pontificatus
1084 657 1225 696 predicti

212 714 339 744 domini
358 713 484 744 Urbani
500 722 584 752 pape
602 722 687 742 anno
707 713 780 742 1110.
803 724 816 738 u

251 767 345 797 Nulli
368 775 444 805 ergo
474 768 587 795 nostre
612 764 878 795 confirmationis
905 766 965 793 etc.
988 764 1109 793 Datum
1139 764 1225 801 apud

213 819 502 853 Urbemveterem,
522 828 543 847 11
563 818 638 847 idus
653 817 743 856 julii,
766 825 851 846 anno
871 817 944 846 1110.
962 826 978 844 »

776 1008 900 1041 ttrvieto,
922 1008 1055 1043 lfijuillet
1077 1009 1153 1035 iaci.

302 1013 374 1043 (387

245 1096 374 1122 Fratrem
393 1094 562 1123 Waltermn,
578 1093 686 1120 dictum
700 1094 732 1119 de
750 1092 892 1119 Calabria,
906 1094 939 1119 de
957 1092 1055 1119 ordine
1074 1092 1225 1119 Praedica-

207 1146 314 1174 torum,
334 1143 485 1170 Gabulensi
506 1142 631 1177 practicit
655 1140 785 1168 ecclesie.
807 1142 885 1176 (Rue.
902 1142 946 1172 2⁸,
965 1141 1011 1167 t'ol.
1032 1142 1075 1171 73,
1094 1148 1159 1167 ann.
1177 1140 1222 1171 ΙΙΙ,

210 1198 242 1219 110
258 1193 335 1225 289.)

250 1304 265 1324 (t
284 1294 390 1324 Fratri
411 1293 554 1327 Waltero,
575 1293 655 1323 dicto
674 1293 708 1323 dc
728 1293 884 1329 Calabria,
902 1293 938 1323 ‹ch
956 1293 1061 1323 ordine
1079 1293 1222 1322 Predica-

210 1353 318 1378 torum.
338 1348 494 1378 Rationis
515 1347 621 1377 oculis
641 1347 809 1377 intuentes
829 1365 877 1377 —.
901 1347 1023 1377 Datum
1056 1347 1143 1385 apud
1164 1347 1224 1377 Ur-

209 1400 447 1435 bemveterem,
470 1401 546 1430 idus
562 1401 653 1438 julii,
673 1409 759 1429 anno
776 1400 887 1430 tertio.
908 1412 921 1427 »

251 1511 288 1540 In
306 1520 334 1540 e.
354 1520 397 1540 m.
415 1535 420 1539 .
440 1510 529 1540 clero
548 1510 694 1540 diocesis
705 1512 735 1540 et
755 1510 1173 1540 civitatis(tabulensium.

251 1564 288 1593 In
307 1573 334 1595 e.
357 1572 399 1593 m.
425 1563 549 1602 populo
575 1563 820 1594 stabulensium
839 1564 987 1593 civitatis
1006 1565 1037 1593 et
1065 1563 1222 1594 diocesis.

300 1762 372 1793 683
774 1762 897 1790 Θννίυἲιι,
919 1763 949 1788 17
962 1762 1056 1797 juillet
1077 1763 1151 1789 1264.

245 1845 439 1880 lusi-ascriptis
459 1846 577 1872 mandat
595 1848 733 1880 quatenus
752 1846 825 1872 bona
837 1845 943 1872 civium
954 1846 1104 1872 civitatum
1120 1849 1148 1873 et
1163 1855 1224 1873 cas-

208 1896 318 1920 trorum
345 1894 464 1921 Tusciae
485 1894 513 1920 in
533 1894 685 1921 ecclesiam
710 1894 870 1921 rebellium,
896 1895 1032 1921 arrestari
1053 1897 1081 1921 et
1103 1895 1223 1922 detineri

207 1942 324 1969 faciant.
342 1943 420 1978 (REO.
439 1943 485 1976 28,
503 1943 550 1970 fol.
573 1945 615 1973 73,
637 1951 703 1970 anu.
722 1943 766 1974 ΙΙΙ,
784 1949 814 1970 n⁰
829 1944 903 1976 2911.)

246 2057 261 2076 1(
284 2047 482 2086 Ανῃιιηῑὲηίο,
513 2048 615 2077 abbati
640 2049 814 2078 monasterii
838 2049 873 2078 de
896 2048 1025 2088 Bipolz's,
1052 2049 1224 2079 Florentine

205 2099 342 2137 diocesis,
366 2105 393 2130 et
412 2101 607 2140 Huyuite'oni,
634 2102 736 2142 priori
761 2102 874 2132 Sancte
899 2101 1010 2132 Cecilie
1035 2102 1220 2133 Florentiae.

206 2154 290 2184 Cum
324 2154 497 2184 Florentia
530 2156 560 2185 et
592 2155 735 2194 quedam
769 2155 834 2186 alie
863 2156 1018 2186 civitates
1048 2157 1079 2186 et
1113 2158 1223 2187 castra

205 2206 340 2242 Tuscie,
359 2209 522 2246 tanquam
538 2207 571 2237 in
589 2208 679 2238 malo
696 2209 833 2247 penitus
857 2209 1037 2244 destinata,
1054 2210 1095 2239 ad
1108 2212 1223 2240 nostra

205 2261 236 2290 et
264 2260 403 2291 ecclesie
430 2261 582 2291 Romane
610 2262 779 2298 mandata,
802 2263 1166 2293 excommunicationis
1188 2264 1222 2293 in

204 2316 369 2346 personas
388 2310 420 2339 et
446 2309 479 2339 in
498 2309 653 2340 civitates
673 2319 710 2340 ac
737 2312 848 2341 castra
875 2311 1025 2349 predicta
1051 2311 1222 2342 interdicti

204 2362 343 2399 propter
359 2361 421 2391 hoc
437 2362 578 2400 prolatis
597 2363 788 2399 sententiis,
814 2363 1053 2394 damnabiliter
1079 2365 1220 2403 vilipen-

204 2414 265 2448 515,
284 2414 394 2445 redire
416 2416 667 2454 contempnant,
687 2424 748 2446 nos
766 2416 919 2447 volentes
939 2419 974 2447 ut
992 2418 1049 2456 qui
1065 2418 1222 2456 spiritua-

205 2466 254 2497 les
277 2476 379 2506 penas
407 2467 630 2498 dinoscuntur
658 2468 781 2499 habere
802 2470 1021 2508 contemptui,
1041 2471 1221 2509 temporali

206 2520 328 2550 sal'em
343 2521 555 2551 districtione
571 2523 734 2560 cogantur
749 2521 790 2551 ab
808 2522 900 2552 invio
920 2523 1064 2560 resilire,
1084 2524 1222 2554 manda-

205 2581 281 2603 mu„=
299 2573 459 2612 quatinus
478 2583 538 2603 vos
553 2574 606 2604 vel
626 2574 711 2604 alter
726 2575 876 2605 vestrum
895 2584 953 2614 per
969 2584 1029 2606 vos
1044 2576 1096 2606 vel
1116 2576 1222 2606 alium

205 2634 265 2656 seu
284 2626 369 2657 alios
385 2626 471 2656 bona
489 2629 715 2657 mercatorum
733 2627 909 2658 civitatum
921 2628 953 2658 et
967 2630 1155 2660 castrorum
1169 2638 1220 2659 eo-

204 2679 371 2714 rumdem,
404 2680 462 2718 qui
491 2681 640 2710 nondum
665 2681 705 2710 ad
726 2681 885 2711 mandata
902 2681 1096 2720 hujusmodi
1117 2683 1221 2712 redie-

203 2734 293 2769 runt,
328 2733 453 2771 quique
487 2733 521 2762 in
554 2733 751 2764 civitatibus
780 2734 901 2764 Tuscie
928 2734 981 2764 vel
1004 2734 1219 2769 Lombardie,

205 2785 442 2822 RomamttoIe,
461 2786 608 2816 Marchie
627 2787 835 2817 Anconitane
856 2788 888 2817 et
904 2787 1080 2817 Tervisine
1098 2796 1134 2817 ac
1149 2796 1219 2826 pre·
1249 2824 1250 2827 Ἴ

204 2838 323 2868 sertim
340 2839 491 2869 Bononie
510 2840 562 2870 vel
581 2841 735 2870 Venetiis
760 2841 816 2870 aut
846 2839 926 2869 alibi
955 2842 1218 2877 commorantur,

205 2892 366 2921 arrestari
399 2894 430 2922 et
463 2892 624 2929 detineri,
655 2894 851 2924 auctoritate
881 2895 995 2923 nostra
1029 2894 1221 2924 omnimode

204 2942 350 2979 faciatis,
382 2944 561 2975 detinendo
594 2946 729 2984 penitus
760 2947 864 2976 donec
893 2946 985 2975 aliud
1020 2954 1121 2984 super
1153 2946 1219 2976 hiis

1289 339 1486 369 duxerimus
1506 340 1763 378 disponendum.
1795 342 1828 371 ln
1853 342 1929 372 illos
1950 344 2061 372 autem
2089 344 2145 381 qui
2173 346 2298 373 contra-

1289 392 1434 421 dictores
1447 393 1622 423 cxtiterint
1640 396 1696 423 aut
1714 394 1869 430 rebelles⁷
1882 404 2037 426 exercere
2056 405 2231 426 censuram
2249 406 2297 427 cc-

1288 444 1523 477 clesiastiram,
1544 447 1768 484 appellatione
1794 449 1992 486 postposita,
2018 449 2222 487 procuretis;
2252 450 2298 479 in-

1289 499 1455 527 vocatoad
1474 499 1544 530 lior,
1561 499 1588 528 si
1607 508 1691 537 opus
1708 500 1818 533 suerit7
1831 501 1958 530 auxilio
1976 501 2102 531 brachii
2122 501 2295 532 secularis.

1289 550 1410 579 Datum
1447 552 1531 589 apud
1564 551 1849 585 t'rbeniveterenn
1879 562 1931 582 xvi
1962 554 2122 583 kalendas
2151 555 2296 593 augusti,

1288 611 1373 631 anno
1394 603 1462 632 lll0.
1486 615 1499 629 »

1376 798 1449 827 683)

1845 798 1968 825 orvieto.
1991 800 2018 825 is
2035 799 2125 833 juillet
2149 799 2223 825 12431.

1322 879 1435 906 Eisdem
1455 881 1570 907 mandat
1586 883 1610 906 ut
1641 884 1814 907 mercatores
1838 882 1986 909 civitatum
2008 883 2135 909 Tusciae,
2153 884 2199 916 qui
2220 891 2297 908 man-

1255 954 1256 957 ,
1286 928 1359 954 datis
1382 929 1546 962 apostoliijfis
1564 938 1661 963 parere
1689 930 1779 964 parati
1800 933 1875 961 sunt,
1896 931 1992 965 jubeat
2012 932 2046 957 ad
2064 931 2208 957 civitatem
2225 932 2298 957 Assi-

1287 976 1408 1002 sinatem
1426 985 1454 1003 sc
1470 978 1623 1004 transferri·
1640 978 1860 1011 1111ι111(111101·111·1.
1874 979 1951 1013 (lim.
1965 982 2009 1011 ΖΝ,
2023 980 2114 1005 10173
2128 986 2162 1007 v‘·,
2176 979 2296 1009 111111111,

1288 1030 1319 1050 11⁰
1334 1025 1409 1059 291.)

1326 1144 1339 1161 «
1359 1133 1495 1162 Eisdem.
1513 1134 1596 1164 Cum
1619 1134 1988 1164 nonnullimiei-catores
2007 1135 2202 1169 Florentini,
2222 1136 2296 1165 Pis-

1285 1187 1465 1222 torienses,
1487 1187 1525 1216 de
1547 1187 1659 1222 Prato,
1683 1188 1797 1216 sancto
1818 1187 1969 1219 Miniato.
1995 1188 2100 1217 Podio
2121 1188 2236 1217 lztonizi
2259 1198 2295 1218 ac

1286 1239 1363 1269 aliis
1382 1239 1576 1270 civitatibus
1601 1241 1632 1269 et
1655 1240 1739 1270 locis
1758 1240 1879 1270 Tuscie
1902 1240 1941 1269 de
1966 1240 2111 1278 parendo
2130 1241 2298 1270 mandatis

1286 1292 1482 1330 apostolicis
1508 1301 1543 1322 se
1569 1292 1788 1322 astrinxerint
1809 1292 2008 1330 iuramento,
2027 1295 2059 1323 et
2083 1294 2168 1323 alias
2188 1293 2296 1329 nobis,

1282 1345 1377 1383 juxta
1394 1347 1547 1375 nostrum
1565 1345 1827 1384 beneplacitum,
1847 1345 1999 1376 dederint
2026 1346 2210 1382 cautiones,
2238 1355 2298 1376 nos

1284 1398 1423 1437 provida
1450 1398 1720 1429 consideratione
1748 1402 1941 1437 pensantes,
1975 1400 2063 1438 quod
2099 1401 2126 1429 si
2156 1400 2298 1438 predicti

1284 1453 1488 1482 mercatores
1516 1452 1550 1481 in
1581 1451 1664 1481 locis
1694 1452 1944 1490 permanserint
1974 1453 2114 1482 ecclesie
2148 1453 2298 1483 Romane

1284 1505 1427 1539 devotis,
1445 1504 1620 1534 liberalius
1636 1506 1793 1542 poterunt
1811 1505 1937 1535 nostris
1955 1507 1986 1534 et.
2004 1505 2187 1544 apostolice
2207 1506 2298 1535 sedis

1284 1557 1512 1588 obsecundare
1530 1558 1708 1596 preceptis
1732 1557 1890 1587 volumus
1910 1559 1943 1588 et
1967 1558 2176 1596 presentium
2201 1558 2298 1589 vobis

1285 1611 1484 1641 auctoritate
1508 1610 1649 1640 tirmiter
1674 1610 1892 1649 precipiendo
1918 1611 2119 1640 mandamus
2138 1612 2298 1650 quatinus

1285 1663 1530 1694 mercatoribus
1546 1663 1686 1698 eisdem,
1703 1663 1765 1693 sul>
1785 1663 1897 1693 debito
1917 1664 2049 1701 prestiti
2065 1664 2248 1702 Juranienti
2267 1665 2300 1694 et

1286 1726 1371 1755 pena
1391 1726 1491 1755 quam
1511 1716 1551 1746 ab
1581 1717 1630 1746 eis
1660 1716 1793 1755 exigere
1817 1717 1974 1746 volumus
1993 1726 2033 1747 ex
2056 1719 2150 1755 parte
2170 1719 2298 1752 nostra,

1286 1779 1345 1809 per
1362 1779 1421 1799 vos
1439 1770 1491 1799 vel
1516 1770 1601 1799 alios
1624 1770 1818 1808 injungatis,
1844 1772 1880 1799 ut
1902 1770 1990 1799 infra
2014 1770 2206 1808 quindecim
2226 1770 2299 1800 dies

1285 1825 1362 1862 post
1384 1824 1577 1861 preceptum
1601 1824 1764 1856 vestrum,
1785 1823 1824 1852 de
1850 1823 1951 1853 terris
1967 1823 2039 1853 suis
2057 1831 2131 1852 cum
2149 1823 2298 1862 propriis

1287 1876 1427 1906 familiis
1441 1876 1576 1914 penitus
1595 1877 1770 1911 exeuntes,
1786 1876 1826 1906 ad
1846 1876 2015 1906 civitatem
2035 1876 2248 1906 Asssinatem
2264 1885 2298 1906 se

1285 1930 1503 1965 transferant,
1521 1928 1647 1959 ibidem
1665 1929 1827 1967 quamdiu
1845 1929 1885 1958 de
1900 1930 2016 1958 nostra
2032 1929 2205 1959 voluntate
2224 1938 2299 1967 pro-

1285 1983 1436 2018 cesserit,
1447 1982 1604 2012 continuo
1617 1982 1793 2012 moraturi.
1812 1982 1979 2020 Quicquid
2000 1984 2110 2012 autem
2124 1982 2202 2012 inde
2216 1982 2300 2012 fece—

1286 2036 1373 2072 ritis,
1386 2035 1482 2065 nobis
1497 2035 1620 2066 vestris
1637 2035 1761 2065 litteris
1779 2035 1956 2070 intimetis,
1972 2037 2005 2065 ut
2022 2044 2122 2074 super
2141 2035 2206 2064 hiis
2225 2044 2298 2073 pro-

1285 2090 1461 2119 videamus
1487 2089 1575 2118 sicut
1599 2088 1750 2118 extiterit
1778 2088 2032 2126 providendum.
2064 2088 2187 2118 Datum
2211 2087 2300 2126 apud

1288 2142 1573 2176 Urbemveterem,
1597 2151 1635 2170 xv
1654 2141 1819 2171 kalendas
1836 2141 1981 2179 augusti.
2000 2150 2086 2171 anno
2108 2141 2180 2170 1110.
2204 2152 2217 2169 η

1373 2341 1445 2371 690
1861 2337 1985 2365 Orvieto.
2002 2339 2018 2363 (j
2032 2336 2124 2372 juillet
2148 2337 2224 2364 1204.

1319 2422 1424 2450 Comiti
1441 2422 1565 2448 Blescnsi
1582 2423 1674 2448 certas
1692 2421 1822 2447 concedit
1840 2420 2026 2454 pecuniarum
2049 2428 2177 2446 summas
2194 2420 2297 2446 Terrae

1284 2471 1404 2499 Sanctae
1433 2471 1559 2498 subsidio
1584 2470 1770 2504 deputandas.
1797 2470 1874 2502 (linc.
1893 2471 1936 2499 28,
1958 2469 2005 2495 sol.
2036 2469 2068 2496 73
2089 2474 2128 2499 νυ,
2154 2477 2221 2494 ann.
2250 2467 2296 2499 111,

1284 2524 1315 2546 n⁰
1332 2520 1406 2555 292.)

1324 2640 1338 2657 (t
1364 2627 1466 2657 Nobili
1488 2627 1551 2657 viro
1579 2626 1715 2656 Jolzmmi
1738 2625 1773 2655 de
1793 2623 1987 2658 Castellione‚
2007 2624 2112 2653 comiti
2146 2623 2295 2653 Blesensi.

1283 2681 1366 2711 Cum
1395 2682 1428 2711 te
1464 2689 1522 2719 per
1555 2680 1640 2710 alias
1673 2680 1807 2709 nostras
1837 2678 1969 2707 litteras
2001 2676 2296 2707 exhortationibus

1284 2734 1479 2773 apostolicis
1516 2733 1715 2762 inducamus
1754 2733 1800 2765 ut,
1835 2732 1997 2769 tanquam
2029 2729 2139 2760 tidelis
2171 2730 2296 2760 athleta

1282 2787 1420 2822 Christi,
1431 2794 1586 2816 assumas
1596 2785 1714 2815 Crucis
1724 2783 1937 2822 signaculum
1948 2783 1982 2812 in
1992 2782 2183 2813 subsidium
2192 2783 2295 2813 'l'erre

1284 2842 1408 2873 sancte,
1436 2839 1586 2868 volentes
1607 2840 1641 2867 ut
1662 2837 1774 2876 ipsum
1793 2837 1965 2875 negotium
1985 2844 2023 2866 eo
2047 2835 2209 2866 libentius
2227 2844 2294 2865 am-

1283 2892 1443 2932 plectaris
1461 2900 1526 2930 quo
1546 2900 1606 2930 per
1622 2890 1735 2920 sedem
1759 2889 1979 2928 apostolicam
1994 2889 2113 2927 maj0ri
2139 2888 2244 2927 gratia
2262 2889 2295 2919 te

1286 2945 1434 2976 senseris
1452 2943 1632 2983 preveniri,
1652 2943 1765 2973 omnia
1784 2943 1903 2981 legata,
1922 2941 2101 2980 promissa,
2123 2941 2239 2971 relicta
2263 2942 2295 2971 et
