2547 3289
209 188 267 217 126

251 280 266 296 κ
283 294 288 299 .
307 294 312 299 .
331 269 469 308 episcopo
485 265 655 296 Palenlino.
673 265 757 295 Cum
771 263 914 294 dilectus
929 263 1020 292 filius
1032 281 1081 292 —.
1097 262 1222 292 Datum

208 322 298 361 apud
336 320 627 354 Urben‘iveterern,
663 327 706 346 xu
747 316 911 346 kalendas
951 315 1096 354 angusti,
1136 323 1222 345 anno

207 374 309 405 tertio
329 374 348 401 ¹.
375 383 388 401 n

298 561 367 592 451
765 557 890 588 Orvieto,
909 557 943 584 23
955 556 1051 592 juillet
1070 556 1148 583 ¹264.

242 638 419 665 Sententiam
437 637 743 665 excommunicationis
764 636 793 663 in
807 637 974 672 episcopum
996 635 1219 662 Ambianenscm

205 687 347 722 prolatam
372 687 481 714 relaxat
497 689 525 714 et
541 695 607 713 cum
623 694 656 713 eo
674 694 758 721 super
776 685 1038 721 irregularitatibus
1061 685 1219 719 dispensat.

207 736 284 771 (Rae.
303 737 346 767 27,
364 735 413 763 fol.
436 736 494 766 1⁶28,
512 739 543 762 n⁰
559 737 599 768 2.)

247 849 262 865 «
283 838 332 872 B.‚
350 838 490 878 episcopo
502 836 712 867 Ambicmensz'.
727 836 884 866 Procedit
902 844 943 865 ex
962 835 1067 866 multa
1082 834 1218 865 benivo-

203 891 310 922 lentia
331 909 380 921 —.
411 891 496 921 Sane
523 890 717 920 fraternitas
739 890 796 919 tua
822 888 917 918 nobis
938 888 1094 927 exposuit
1116 887 1217 926 quod,

204 952 280 975 cum
299 943 413 974 dilecti
433 943 493 973 filii
510 943 728 977 Godesridus,
747 941 1006 972 rectorecclesie
1025 941 1064 971 de
1081 940 1218 971 Villari-

202 997 278 1030 bus,
311 998 343 1026 et
375 996 536 1035 magister
566 995 745 1026 Rieherius
775 995 814 1025 de
845 994 941 1025 Nulli
977 1004 1013 1025 ac
1048 994 1216 1033 quondam

202 1050 373 1080 Heni-icus
386 1050 424 1079 de
440 1049 696 1085 Calido-Monte,
713 1048 839 1084 clerici,
852 1057 954 1087 super
968 1047 1217 1086 receptionibus

202 1112 240 1134 ae
256 1102 510 1142 provisionibus
527 1102 599 1132 suis
624 1102 658 1132 in
683 1101 865 1132 cathedrali
892 1102 923 1131 et
947 1101 1055 1131 sancti
1072 1100 1216 1131 Firmini

202 1156 358 1187 ecclesiis
383 1155 671 1186 Anibianensibus
691 1155 726 1185 in
751 1154 875 1194 quibus
892 1154 933 1184 ad
957 1156 1001 1191 te,
1020 1155 1056 1184 ut
1075 1154 1215 1188 asseris,

201 1209 338 1240 collatio
367 1209 513 1248 pertinet
536 1208 795 1248 prebendarum,
824 1207 865 1238 ad
887 1209 997 1238 certos
1019 1208 1216 1237 executores

200 1261 332 1293 litteras
350 1262 554 1300 apostolicas
575 1261 826 1300 impetrassent,
843 1261 946 1291 iidem
967 1261 1165 1290 executores
1182 1260 1215 1290 in

200 1316 246 1350 te,
265 1315 344 1354 quia
365 1314 549 1353 superbiis
564 1314 604 1345 de
623 1314 720 1344 dietis
738 1314 871 1344 clericis
889 1313 1094 1352 opponebas
1118 1313 1217 1343 inter-

200 1367 293 1404 dicti,
332 1368 569 1406 suspensionis
603 1368 635 1398 et
668 1366 994 1397 excomunicationis
1028 1366 1215 1396 sententias

198 1421 468 1460 promulgarunt.
493 1420 713 1450 Postmodum
732 1428 822 1457 vero,
843 1419 974 1458 prefato
993 1419 1140 1449 Henrico
1159 1428 1216 1449 na-

199 1475 274 1505 ture
301 1473 451 1504 debitum
479 1473 667 1509 exolvente,
696 1474 732 1503 tu
760 1481 820 1511 pro
848 1473 963 1502 nostra
981 1473 1011 1502 et
1033 1472 1214 1510 apostolice

198 1527 293 1558 sedis
311 1527 500 1557 reverentia
527 1536 544 1556 a
570 1525 779 1564 reliquorum
800 1525 1013 1564 oppositione
1031 1525 1212 1561 desistens,

198 1580 383 1618 receptioni
396 1581 427 1610 et
441 1579 629 1618 provisioni
643 1587 759 1609 eorum
776 1579 982 1617 spontaneus
997 1578 1213 1613 consensisti,

198 1641 237 1663 ac
264 1631 362 1662 nobis
395 1632 570 1662 humiliter
599 1631 799 1670 supplicasti
835 1632 872 1661 ut
898 1630 961 1661 tibi
989 1631 1077 1661 circa
1107 1631 1214 1661 dictas

197 1685 385 1716 sententias
400 1685 579 1724 providere
597 1684 780 1714 salubriter
792 1692 998 1714 curaremus.
1016 1684 1087 1714 Nos
1101 1684 1212 1723 itaque

196 1737 266 1768 tuis
304 1737 612 1776 supplicationibus
651 1736 813 1773 inclinati,
854 1736 1039 1767 sententias
1077 1737 1211 1767 easdem

196 1791 333 1830 penitus
344 1791 547 1827 relaxantes,
562 1793 672 1821 tecum
685 1799 786 1829 super
797 1790 1057 1829 irregularitate,
1068 1790 1097 1819 si
1111 1799 1211 1829 quam

197 1843 327 1874 eisdem
360 1844 485 1883 ligatus
516 1843 707 1880 sententiis,
745 1845 775 1874 te
813 1843 1035 1873 immiscendo
1071 1843 1208 1877 divinis,

196 1897 318 1927 exinde
343 1897 555 1932 contraxisti,
584 1896 623 1926 de
652 1897 766 1926 nostre
791 1895 970 1934 potestatis
999 1894 1210 1933 plenitudine

196 1950 447 1988 dispensamus,
463 1950 682 1979 decernentes
699 1948 942 1978 nichilominus
952 1956 990 1978 ea
1010 1956 1074 1986 que
1098 1948 1208 1979 medio

194 2003 348 2041 tempore
365 2002 562 2033 auctoritate
581 2003 695 2031 nostra
709 2001 761 2031 vel
776 2003 832 2031 tua
850 2001 882 2030 in
899 2000 1138 2031 collationibus
1154 1999 1209 2030 be-

196 2055 394 2085 neficiorum
416 2055 466 2085 vel
490 2055 574 2084 alias
593 2055 689 2094 juxta
710 2054 914 2093 pontificalis
934 2053 1035 2083 oflicii
1057 2053 1207 2084 debitum

194 2109 389 2138 exercuisse
412 2108 612 2144 dinosceris,
637 2107 816 2147 premissis
837 2116 1051 2146 nequaquan]
1074 2106 1208 2137 obstan-

193 2161 299 2196 tibus,
332 2161 433 2191 robur
470 2162 640 2191 firmitatis
676 2160 809 2191 habere.
846 2160 940 2191 Nulli
977 2161 1052 2196 etc,
1092 2161 1206 2190 nostre

192 2214 425 2251 relaxationis,
448 2214 714 2253 dispensationis
739 2215 770 2244 et
800 2213 1053 2244 constitutionis
1080 2214 1142 2243 etc.
1171 2213 1206 2243 Si

192 2267 281 2306 quis,
308 2269 369 2298 etc.
400 2268 523 2297 Datum
557 2267 645 2306 apud
671 2266 962 2303 Urbemvetereni,
994 2276 1011 2296 x
1042 2266 1205 2296 kalendas

191 2320 337 2359 angusti,
357 2329 443 2351 anno
462 2321 572 2351 tertio.
597 2332 611 2348 »

279 2508 352 2538 452
743 2505 868 2536 Orvieto,
887 2506 920 2530 22
932 2504 1027 2540 juillet
1052 2506 1128 2532 1264.

223 2590 458 2617 Consideratione
475 2590 602 2624 episcopi
630 2590 842 2622 Austssancnsis,
871 2589 951 2617 vivae
979 2589 1057 2617 vocis
1085 2591 1200 2617 oraculo

185 2639 383 2674 supplicantis,
411 2639 551 2673 magistro
570 2638 788 2666 Bartholomaeo
819 2639 852 2665 de
873 2638 1044 2665 canonicatu
1069 2641 1095 2665 ct
1122 2647 1201 2673 prac-

184 2687 277 2714 benda
301 2687 329 2714 in
353 2687 474 2715 ecclesia
502 2687 688 2714 Ambianensi
715 2686 854 2722 providet.
884 2688 962 2722 (Rea.
988 2688 1033 2719 ⁵27,
1062 2687 1110 2715 sol.
1138 2689 1196 2719 129,

185 2742 216 2763 no
236 2736 271 2772 ι.)

218 2856 241 2879 1.
257 2856 299 2880 En
318 2863 415 2887 marg(-
429 2862 433 2881 :
452 2857 531 2881 Missa
546 2856 599 2888 suit
617 2857 695 2881 eliam
706 2856 856 2888 juramenti
868 2857 955 2887 forma
971 2855 1018 2880 sub
1033 2856 1116 2880 hulla.

1027 178 1247 209 Rneis'snn
1271 169 1486 208 CAMERAL

1326 271 1343 291 «
1359 261 1507 301 Maqisero
1527 262 1755 300 Bartholomeo,
1781 265 1894 294 rectori
1911 265 2030 296 ecclesie
2045 266 2079 298 S.
2099 267 2186 298 Petri
2202 269 2298 299 Lewi-

1283 315 1362 353 yier,
1383 313 1632 354 Itotlzomaqensis
1645 315 1782 346 diocesis.
1799 317 2076 350 Consideratione
2090 322 2297 352 venerabilis

1284 366 1400 398 fratris
1422 386 1471 398 —.
1499 369 1623 398 Datum
1649 370 1737 408 apud
1764 369 2055 408 Urbemveterem,
2078 383 2110 403 xr
2135 374 2297 405 kalendas

1283 421 1430 460 augusti,
1450 430 1536 452 anno
1552 422 1664 453 tertio.
1685 435 1700 451 n

1373 605 1446 637 453
1846 605 1971 638 Orvieto,
1989 607 2022 634 23
2034 606 2130 642 juillet
2148 608 2223 634 ¹262.

1319 683 1421 711 Abbati
1438 684 1466 711 S.
1481 684 1552 711 Justi
1571 684 1733 719 praedictae
1749 685 1908 713 committit
1923 686 2120 713 executionem
2137 688 2296 714 concessio-

1280 731 1337 759 nis.
1355 732 1433 767 (Rae.
1451 734 1495 764 27,
1513 733 1561 761 fol.
1582 734 1641 766 129,
1657 740 1687 761 n⁰
1706 736 1744 767 2.)

1323 840 1337 855 «
1359 853 1364 858 .
1385 852 1391 858 .
1408 827 1513 857 abbati
1528 827 1562 858 S.
1578 827 1671 865 Jusfi,
1686 828 1977 858 Premonstratensis
1991 829 2120 864 ordinis,
2136 829 2298 859 Belracen-

1279 880 1321 910 sis
1348 880 1486 910 diocesis.
1519 881 1691 911 Dilectum
1718 881 1826 912 filium
1855 882 2057 921 magistrum
2083 901 2133 913 -.
2170 883 2294 913 Datum

1280 934 1369 972 apud
1384 933 1672 970 Urbemveterein,
1688 934 1878 965 xkalendas
1892 936 2038 974 augusti,
2054 944 2140 966 anno
2154 936 2264 966 tertio.
2279 948 2294 964 n

1368 1111 1443 1143 454
1869 1111 1993 1142 Orvieto,
2011 1112 2044 1138 23
2057 1114 2123 1139 aeut
2146 1113 2220 1139 ¹264.

1313 1190 1424 1217 Decano
1439 1190 1674 1224 Compostellano
1685 1190 1804 1216 mandat
1815 1192 1955 1224 quatenus
1969 1190 1996 1216 in
2008 1190 2130 1217 ecelesia
2145 1191 2293 1218 Salaman-

1277 1238 1348 1271 tina,
1361 1239 1520 1273 Apparitio,
1540 1238 1669 1274 ejusdem
1685 1238 1824 1266 ecclesiae
1839 1238 1987 1269 canonico,
2015 1239 2049 1266 de
2066 1243 2221 1274 personatu
2246 1241 2291 1268 vel

1277 1288 1429 1323 dignitate,
1446 1296 1512 1314 cuin
1526 1296 1594 1314 cura
1612 1287 1655 1314 vel
1676 1287 1736 1314 sine
1752 1296 1832 1320 cura,
1846 1296 1911 1315 cum
1930 1288 2157 1322 praestimoniis,
2178 1289 2292 1324 juribus

1277 1339 1305 1363 et
1336 1336 1529 1371 pertinentiis,
1561 1337 1710 1371 providere
1738 1339 1880 1372 procuret.
1910 1337 1986 1371 (Bm.
2025 1339 2070 1371 27,
2097 1336 2145 1364 fol.
2180 1338 2228 1365 ¹29
2253 1344 2289 1370 ν’,

1277 1390 1306 1412 n¹’
1323 1387 1344 1412 t.
1363 1385 1384 1420 ¹)

1318 1495 1333 1510 «
1351 1508 1358 1515 .
1379 1509 1384 1514 .
1409 1483 1521 1513 decano
1541 1483 1793 1523 Compostellano.
1816 1484 2011 1523 Apostoliee
2029 1485 2121 1515 sedis
2141 1486 2290 1525 gratiosa

1275 1554 1324 1566 —.
1345 1537 1470 1567 Datum
1499 1537 1587 1575 apud
1605 1537 1895 1573 Urbelnveterem,
1920 1547 1939 1567 x
1964 1537 2129 1568 kalendas
2147 1540 2292 1578 septem·

1275 1589 1359 1626 bris,
1381 1598 1468 1620 anno
1485 1590 1596 1620 tertio.
1616 1600 1631 1619 »

1365 1769 1437 1801 455
1847 1769 1971 1801 Orvieto‚
1988 1772 2018 1796 21
2039 1779 2118 1798 mars
2139 1772 2215 1798 ¹264.

1309 1848 1377 1883 Regi
1403 1848 1568 1883 Aragonum
1584 1849 1595 1868 2
1613 1850 1732 1876 mandat
1760 1852 1900 1884 quatenus
1925 1851 2101 1885 magistrum
2132 1852 2286 1887 Synitium,

1272 1904 1404 1923 camerae
1423 1897 1596 1932 apostolicae
1616 1898 1764 1925 clericum.
1786 1899 1908 1933 benigne
1929 1899 2047 1934 recipiat
2067 1900 2148 1935 eique.
2166 1909 2285 1928 censum

1271 1953 1322 1979 pro
1335 1953 1410 1972 anno
1423 1946 1569 1980 praesenti
1584 1948 1609 1972 et
1627 1955 1677 1981 pro
1691 1946 1854 1981 praeteritis
1870 1947 2012 1982 assignari
2028 1948 2126 1975 saciat.
2143 1949 2222 1983 <nm
2239 1951 2283 1981 27,

1270 1993 1319 2020 fol.
1342 1995 1400 2026 131,
1418 2000 1447 2021 n⁰
1468 1995 1506 2028 l.)

1309 2098 1326 2118 «
1349 2089 1521 2119 Honorem
1544 2090 1652 2125 tuum,
1676 2088 1737 2118 tilii
1762 2089 1949 2125 carissime,
1973 2089 2090 2120 decere
2112 2090 2284 2121 credimus

1269 2150 1305 2172 ac
1321 2142 1390 2172 tuis
1415 2143 1447 2172 et
1470 2141 1564 2180 regni
1584 2141 1633 2171 tui
1649 2141 1856 2180 profectibus
1874 2142 2034 2181 expedire
2057 2143 2085 2172 si
2107 2152 2172 2182 que
2192 2144 2284 2182 juste

1268 2194 1370 2225 debes
1401 2196 1614 2225 sacrosancte
1641 2195 1792 2225 Romane
1820 2195 1973 2231 ecclesie,
2003 2196 2104 2226 matri
2135 2199 2202 2231 tue,
2234 2197 2283 2227 sic

1267 2249 1424 2286 prompta
1436 2247 1641 2278 liberalitate
1659 2248 1845 2287 persolvas,
1863 2248 1951 2286 quod
1964 2248 2106 2287 gratiam
2125 2250 2281 2289 acquiras

1267 2310 1308 2331 ex
1325 2300 1437 2331 debito
1456 2302 1487 2331 et
1505 2310 1545 2331 ex
1567 2301 1687 2331 ass'ectu
1702 2301 1931 2331 commendari
1950 2302 2059 2332 valeat
2078 2303 2169 2341 regia
2185 2303 2279 2333 celsi-

1266 2355 1358 2385 tudo.
1385 2354 1469 2385 Cum
1493 2354 1606 2393 itaque
1635 2354 1795 2384 dilectum
1823 2354 1931 2384 filium
1961 2355 2161 2393 magistrum
2183 2356 2280 2394 Syni-

1265 2408 1361 2442 tium,
1385 2416 1516 2438 camere
1535 2409 1648 2437 nostre
1665 2407 1837 2443 clericum,
1857 2407 1896 2437 de
1924 2408 2019 2446 cujus
2039 2410 2115 2438 nota
2131 2408 2230 2439 nobis
2247 2411 2280 2440 et.

1265 2460 1428 2491 fratribus
1445 2461 1571 2491 nostris
1587 2460 1651 2490 fide
1669 2469 1705 2490 ac
1722 2460 1924 2490 discretione
1943 2461 2041 2499 plene
2063 2462 2277 2498 confidimus,

1263 2515 1304 2544 ad
1323 2516 1437 2553 partes
1462 2515 1656 2552 Aragonum
1679 2516 1711 2544 et
1731 2514 1864 2552 Ispanie
1880 2522 1917 2544 ac
1934 2514 2019 2544 alias
2039 2514 2193 2553 regiones
2216 2523 2277 2554 pro

1262 2567 1462 2606 colligendis
1479 2566 1638 2597 censibus
1655 2575 1691 2597 ac
1708 2566 1832 2596 debitis
1851 2566 1992 2597 ecclesie
2009 2568 2138 2606 prefate
2152 2571 2184 2599 et
2202 2569 2278 2608 qui·

1261 2620 1404 2650 busdam
1422 2620 1501 2650 aliis
1522 2620 1649 2650 nostris
1672 2622 1702 2649 et
1725 2619 1834 2658 ipsius
1851 2620 1990 2650 ecclesie
2012 2621 2156 2660 negotiis
2173 2621 2275 2652 desti-

1292 2737 1312 2759 ¹.
1332 2735 1370 2759 Le
1386 2735 1451 2759 solio
1468 2735 1511 2760 130
1530 2737 1572 2758 est
1589 2734 1682 2759 blanc.

1290 2776 1315 2799 2.
1334 2776 1485 2800 L'adresse
1499 2775 1532 2799 de
1548 2777 1619 2799 cette
1637 2775 1720 2799 lettre
1737 2782 1752 2799 a
1769 2775 1890 2806 disparu
1908 2782 1959 2806 par
1975 2776 2048 2800 suite
2064 2775 2098 2800 de
2117 2775 2144 2800 la
2162 2776 2270 2802 lac-§ra-

1260 2816 1318 2840 tion
1336 2815 1373 2839 du
1387 2815 1453 2840 solio
1468 2822 1473 2842 ;
1493 2815 1565 2840 mais
1584 2815 1609 2839 le
1627 2817 1700 2839 texte
1715 2814 1748 2839 de
1764 2814 1792 2839 la
1812 2815 1888 2839 hullc
1911 2815 2027 2846 indique
2045 2815 2148 2846 qu'elte
2164 2820 2206 2841 est
2223 2824 2270 2842 eu-

1259 2855 1347 2887 voyec
1363 2863 1398 2880 au
1416 2855 1458 2880 roi
1475 2855 1630 2886 d'Aragon,
1645 2855 1694 2886 qui
1711 2854 1805 2879 devait
1823 2855 1848 2880 le
1865 2862 1931 2879 cens
1947 2854 1963 2879 a
1979 2854 2098 2886 l'Eglisc
2115 2857 2251 2882 romaine.
