2547 3289
723 350 847 381 Orvieto,
865 350 897 376 30
913 349 1067 376 novembre
1088 350 1165 375 1262.

301 358 373 389 210

270 440 369 467 Abbati
383 436 633 465 westmonasterii
643 438 671 462 et
682 435 823 469 magistro
833 434 936 461 Jacobo
947 434 981 460 de
992 434 1089 466 Portu,
1101 433 1237 460 canonico

234 491 422 523 Syracusano,
437 487 465 512 in
482 485 586 520 Anglia
594 484 798 516 commoranti,
811 483 929 509 mundat
941 484 970 509 ut
985 481 1234 516 archiepiscopum

232 536 446 563 ,trinachanum
468 534 503 560 ad
518 533 691 560 solutionem
713 531 879 568 hujusmodi
894 531 1078 565 compellant.
1096 531 1172 565 (liae.
1192 531 1235 562 27,

231 585 278 612 fol.
299 586 331 611 ὄλ
348 593 388 615 ΥΟ,
403 592 436 610 110
454 585 490 616 l.)

271 706 285 721 ι(
318 717 338 724 ..
369 693 472 722 abbati
508 691 763 722 westmonasterii
790 690 1005 720 Londoniensis
1034 696 1061 720 el
1093 690 1236 728 maqislro

229 747 342 776 Jaeobo
365 746 400 776 de
427 746 532 781 Portu,
552 745 693 775 canonico
715 744 899 773 Siracusano
922 744 951 772 in
975 743 1088 783 Angylt'a
1111 752 1236 772 commo-

230 801 324 830 ranti.
341 802 425 830 (jum
442 798 551 829 dilecti
571 798 633 828 filii
647 798 802 833 JacobuS‚
821 798 895 833 etc„
915 805 1019 835 usque
1037 796 1236 826 sententiam

230 853 517 893 promulgandam.
535 852 617 881 Cum
633 853 741 881 autem
757 850 957 881 venerabilis
972 850 1071 879 frater
1084 850 1195 879 noster
1213 871 1234 877 ..

229 906 498 944 archiepiscopus
507 904 749 937 Armachanus,
759 903 883 933 eisdem
895 902 1018 932 Jacobo
1028 903 1058 932 et
1067 901 1236 940 Raynerio

228 961 259 988 et
279 958 389 995 sociis,
407 957 543 987 mutatis
569 956 737 986 mutandis
760 964 865 993 usque
886 955 1014 985 solvere
1033 955 1234 993 procuraret.

227 1010 421 1042 Venerabili
439 1018 569 1048 quoque
591 1009 685 1039 fratri
700 1010 850 1043 nostro..,
866 1008 1020 1046 episcopo
1036 1007 1233 1042 Parisiensi‚

226 1073 284 1103 per
299 1064 426 1093 litteras
442 1063 572 1093 nostras
589 1062 795 1100 injunximus
813 1062 848 1091 ut
870 1061 953 1099 ipse,
969 1062 1145 1099 postquam
1163 1068 1233 1098 pre-

226 1117 293 1147 fata
310 1116 462 1156 pecunia,
479 1116 513 1146 in
531 1124 596 1154 qua
615 1115 702 1145 idem
718 1114 949 1144 Armachanus
964 1113 1235 1152 archiepiscopus

225 1169 382 1209 predictis
393 1169 577 1203 tenebatur,
588 1168 723 1203 Jacobo,
738 1169 812 1203 etc.,
828 1175 933 1205 usque
950 1167 1076 1197 nullius
1093 1166 1234 1196 existere

227 1223 404 1258 firmitatis,
427 1223 603 1261 ipsumque
625 1221 911 1260 archiepiscopum
931 1220 1177 1250 Armacbanum
1194 1219 1234 1249 ab

227 1276 426 1314 obligatione
450 1275 594 1314 predicte
622 1274 771 1313 pecunie,
797 1275 870 1308 etc.‚
890 1282 997 1312 usque
1019 1281 1134 1303 eorum
1157 1281 1233 1311 sup-

226 1328 461 1367 plicationibus
473 1326 633 1361 inclinati,
648 1327 755 1357 eidem
767 1326 1014 1364 archiepiscopo
1024 1325 1233 1356 Armachano

228 1381 349 1411 nostris
366 1381 484 1411 damus
505 1380 625 1410 litteris
644 1379 677 1409 in
697 1379 862 1410 mandatis
882 1380 917 1408 ut
938 1379 977 1408 de
1001 1378 1141 1417 pecunia
1162 1378 1233 1417 ipsa

227 1435 261 1465 in
279 1443 342 1472 qua
360 1435 499 1468 tenetur,
518 1432 644 1463 eisdem
665 1432 809 1470 Augutio
824 1433 855 1461 et
872 1431 1018 1466 Carlino,
1036 1432 1110 1466 etc.‚
1127 1440 1232 1469 usque

225 1487 415 1517 satisfacere
432 1495 498 1516 non
515 1486 653 1516 omittat.
673 1485 834 1520 Quocirca
856 1485 1054 1514 mandamus
1075 1484 1233 1522 quatinus

226 1549 286 1570 vos
303 1540 353 1569 vel
373 1540 454 1569 alter
471 1539 618 1568 vestrum
638 1546 695 1576 per
720 1546 779 1567 vos
796 1537 849 1567 vel
865 1537 948 1566 alios
964 1546 1022 1567 seu
1039 1536 1142 1566 alium
1160 1545 1231 1574 pre-

225 1594 349 1622 dictum
365 1591 651 1630 archiepiscopum
670 1591 918 1620 Armachanum
936 1590 988 1619 vel
1006 1598 1233 1620 successorem

225 1646 307 1682 ejus,
324 1645 352 1674 si
371 1645 426 1674 ille
442 1644 524 1674 sorte
540 1643 728 1680 decesserit,
749 1643 789 1672 ad
814 1643 848 1673 id
866 1642 1050 1673 monitione
1068 1642 1233 1681 premissa

225 1698 415 1729 auctoritate
452 1698 575 1732 nostra,
609 1696 829 1735 appellatione
856 1696 1051 1734 postposita,
1090 1696 1232 1734 compel-

225 1751 311 1781 latis.
331 1751 425 1786 Quod
443 1750 472 1780 si
486 1751 593 1780 dictus
611 1750 882 1788 archiepiscopus
900 1750 955 1779 aut
971 1757 1143 1779 successor
1162 1749 1233 1788 ejus

225 1806 356 1843 propter
372 1804 432 1834 hoc
449 1804 509 1833 rite
526 1803 660 1833 vinculo
687 1802 1043 1833 excommunicationis
1062 1802 1231 1836 astrictus,

225 1857 363 1886 eandem
387 1856 585 1886 sententiam
600 1855 711 1886 animo
727 1855 922 1885 sustinuerit
940 1855 1104 1889 indurato,
1122 1855 1232 1893 ipsum

225 1909 368 1947 singulis
386 1909 503 1939 diebus
519 1909 696 1939 dominicis
710 1910 740 1938 et
752 1908 894 1943 festivis,
908 1907 1051 1945 pulsatis
1062 1908 1233 1946 campanis

225 1963 256 1993 et
271 1962 418 1992 candelis
435 1962 598 1996 accensis,
618 1961 676 1991 ubi
694 1962 725 1991 et
741 1961 873 1999 quando
896 1960 1052 1999 expedire
1067 1960 1231 1995 videritis,

225 2015 511 2045 excomunicatum
550 2014 757 2044 sollemniter
792 2012 952 2043 nuntietis
984 2014 1015 2043 et
1042 2012 1171 2042 faciatis
1193 2013 1233 2042 ab

224 2068 298 2098 aliis
311 2067 468 2101 nuntiari,
485 2067 694 2105 aggravando
710 2066 900 2104 hujusmodi
911 2066 1108 2096 sententiam
1122 2067 1234 2096 contra

224 2121 454 2159 ipsum‚prout
469 2120 539 2157 ejus
555 2119 757 2158 proterviam
777 2120 808 2149 et
821 2119 1062 2149 contumaciam
1080 2118 1232 2149 videritis

224 2172 502 2212 promereri.Non
518 2171 726 2202 obstantibus
741 2189 790 2201 -.
814 2173 848 2201 ut
870 2171 903 2201 in
921 2171 983 2200 alia
1006 2179 1064 2210 per
1078 2172 1194 2201 totum.
1217 2184 1230 2197 »

712 2343 835 2375 Orvieto,
859 2344 893 2368 10‘
908 2342 1061 2368 decembre
1083 2342 1158 2368 1262.

291 2345 356 2375 211

258 2428 294 2454 De
310 2428 409 2454 eodem
425 2428 597 2461 argumento
612 2435 645 2453 ac
661 2435 758 2461 supra.
774 2428 850 2461 (lli-tc.
870 2428 914 2458 27,
930 2426 980 2454 t'ol.
998 2427 1031 2453 5⁷2
1047 2434 1088 2459 vo,
1107 2434 1138 2452 uo
1156 2428 1193 2460 2.)

261 2551 276 2567 «
297 2563 317 2570 ..
336 2539 475 2579 episcopo
495 2538 669 2568 Par-islensi.
697 2538 781 2569 Cum
797 2538 916 2568 dilecto
934 2536 1003 2567 tilio
1025 2538 1055 2567 et
1072 2538 1179 2567 cetera
1196 2539 1230 2567 ut

221 2594 254 2623 in
280 2593 442 2632 proxhna,
466 2600 571 2630 usque
593 2591 750 2622 remediis
775 2591 951 2629 providere
977 2590 1085 2620 eidem
1107 2590 1228 2621 archie-

220 2647 353 2685 piscopo
366 2645 574 2675 Armachano
587 2645 619 2675 in
633 2644 754 2675 virtute
767 2643 953 2674 obedientie
963 2644 994 2673 et
1004 2644 1112 2673 cetera
1124 2652 1228 2682 usque
1259 2655 1260 2661 ¹

219 2699 347 2730 solvere
359 2699 560 2737 profanaret.
575 2697 650 2728 Tibi
664 2705 795 2736 quoque
805 2705 864 2736 per
876 2698 1006 2726 nostras
1020 2696 1228 2734 injunximus

219 2752 344 2782 litteras
359 2753 394 2781 ut
409 2752 454 2787 tu;
467 2752 640 2790 postquam
655 2750 780 2789 prefata
791 2750 932 2789 pecunia
947 2749 1056 2787 inqua
1072 2749 1228 2787 predictis
1257 2764 1259 2786 κ,

218 2803 389 2833 tenebatur
404 2803 539 2838 Jacobo„
564 2802 595 2832 et
619 2802 725 2832 cetera
742 2809 847 2839 usque
864 2800 1033 2831 firmitatis
1052 2800 1227 2839 ipsumque

219 2855 259 2885 ab
282 2854 480 2892 obligatione
498 2855 530 2884 et
554 2854 662 2883 cetera
679 2862 783 2891 usque
803 2852 1023 2891 appellatione
1046 2852 1228 2890 postposita

1038 269 1264 300 REGISTRE
1288 261 1502 300 CAMERAL

1303 349 1509 380 Senensibus
1518 351 1664 380 etcetera
1673 358 1779 388 usque
1791 350 2052 386 coortaret..Quia
2062 350 2308 389 igiturpredicti

1300 402 1444 432 Jacobus
1462 404 1493 433 et
1510 404 1618 433 cetera
1633 411 1738 441 usque
1755 402 1871 437 incliti,
1895 402 2041 441 predicto
2060 403 2308 443 archiepiscopo

1300 455 1546 485 Armachanum
1567 464 1625 494 per
1647 457 1778 485 nostras
1795 455 1913 485 damus
1937 455 2065 486 litteras
2087 455 2121 486 in
2144 456 2310 486 mandatis

1300 509 1335 538 ut
1350 508 1389 538 de
1405 508 1597 547 hujusmodi
1610 508 1790 547 pecuniaet
1802 509 1919 543 cetera,
1937 510 1972 538 ut
1991 508 2026 538 in
2042 509 2193 547 proxima
2203 517 2308 548 usque

1301 569 1366 591 non
1378 561 1517 591 omittat.
1529 562 1690 596 Quocirca
1700 561 1897 591 mandamus
1909 561 2065 599 quatinus
2080 562 2113 591 in
2129 561 2307 592 commisso

1299 613 1359 643 tibi
1382 613 1416 644 in
1433 614 1492 644 hac
1510 616 1601 652 parte
1620 614 1750 653 negotio
1771 623 1834 644 nou
1852 614 2011 652 procedas
2028 615 2059 644 et
2075 614 2205 652 siquam
2223 615 2309 644 inhi-

1299 662 1457 692 bitionem
1481 662 1588 693 fecisti
1613 663 1740 701 prefato
1764 663 1972 693 Armachano
1995 662 2244 701 archiepiscopo
2269 663 2308 693 de

1300 723 1364 745 non
1383 715 1542 746 solvenda
1560 716 1686 755 prefata
1702 716 1842 754 pecunia
1854 715 2054 754 supradictis
2070 715 2309 746 mercatoribus

1299 768 1515 802 Florentinis,
1532 769 1584 798 vel
1607 769 1640 798 in
1667 777 1743 799 eum
1768 769 1795 799 si
1812 777 1907 798 secus
1925 769 2056 802 faceret,
2079 769 2309 798 excomunica-

1299 821 1400 850 tionis
1416 821 1613 851 sententiam
1632 822 1862 861 promulgasti,
1886 821 2119 852 inhibitionem
2137 823 2167 852 et
2182 822 2310 851 senten-

1298 873 1378 903 tiam
1393 874 1585 912 hujusmodi
1599 874 1671 905 sine
1689 875 1884 905 difficultate
1900 875 2047 913 qualibet
2064 875 2198 905 studeas
2217 883 2308 904 revo-

1298 935 1384 960 care,
1396 927 1541 965 prefatos
1552 929 1752 957 mercatores
1765 930 1930 959 senenses
1941 930 1976 958 ut
1989 928 2164 967 pecuniam
2176 928 2307 965 siquam

1299 980 1457 1018 apresato
1484 980 1693 1011 Armachano
1719 981 1967 1020 archiepiscopo
1989 982 2193 1020 receperunt,
2219 980 2308 1019 quod

1299 1041 1371 1063 eam
1395 1033 1533 1072 prefatis
1559 1034 1798 1064 mercatoribus
1826 1034 2029 1064 Florentinis
2053 1034 2227 1064 restituant
2250 1042 2308 1072 per

1298 1094 1472 1116 censuram
1488 1086 1759 1121 ecclesiasticam,
1774 1087 1994 1125 appellatione
2009 1087 2205 1126 postposita,
2222 1094 2309 1117 com·

1296 1139 1472 1178 pescendo.
1503 1139 1626 1169 Datum
1649 1139 1737 1178 apud
1766 1139 2048 1175 Urbemveterem,
2071 1139 2225 1170 kalendis
2254 1139 2309 1169 de-

1297 1192 1452 1228 cembris,
1471 1201 1557 1222 anno
1577 1193 1733 1222 secundo.
1750 1205 1764 1219 »

1841 1382 1965 1414 orvicto,
1984 1384 2021 1408 1οῗ
2037 1382 2142 1408 sevrier
2161 1383 2237 1410 1263.

1365 1383 1437 1413 212

1332 1479 1438 1513 Regem
1458 1479 1603 1504 Nax-arrae
1619 1478 1752 1504 hortatur
1768 1481 1797 1505 ut
1813 1479 1886 1505 bona
1903 1479 2095 1512 quorumdam
2113 1482 2307 1506 mercatorum

1296 1527 1531 1554 Florentinorum
1551 1527 1673 1553 relaxari
1694 1527 1790 1554 saciat.
1812 1528 1892 1560 (line.
1916 1529 1959 1560 27,
1978 1527 2028 1554 sol.
2048 1529 2092 1559 55,
2114 1535 2145 1553 n⁰
2165 1530 2203 1556 l.»

1338 1674 1352 1689 «
1381 1662 1546 1692 Carissimo
1572 1662 1600 1690 in
1635 1661 1755 1692 Chrislo
1779 1661 1846 1700 filio
1879 1686 1897 1692 ..

1297 1716 1502 1746 Excellentie
1520 1716 1607 1753 regie
1624 1716 1800 1754 scripsisse
1819 1716 2035 1746 meminimus
2052 1717 2088 1745 ut
2102 1725 2263 1755 personas
2278 1718 2309 1747 et

1297 1769 1383 1799 bona
1403 1769 1611 1807 quorundam
1636 1770 1856 1799 mercatorum
1881 1768 2163 1804 Florentinorum,
2181 1769 2238 1807 qui
2261 1778 2309 1799 ca-

1296 1830 1385 1852 mere
1417 1823 1526 1852 nostre
1554 1822 1729 1860 pecuniam
1757 1821 1954 1857 detinentes,
1980 1830 2052 1852 eam
2076 1830 2204 1852 camere
2229 1821 2307 1861 ipsi,

1296 1875 1372 1904 licet
1387 1883 1487 1913 super
1503 1875 1562 1904 hoc
1579 1875 1755 1912 diligenter
1770 1875 1899 1909 moniti,
1913 1875 2042 1905 solvere
2058 1884 2122 1904 non
2136 1875 2307 1909 curabant,

1296 1927 1497 1966 ubicumque
1526 1927 1558 1957 in
1582 1936 1682 1965 regno
1701 1936 1736 1957 ac
1760 1928 1857 1957 terris
1882 1927 1949 1956 tuis
1971 1927 2046 1957 illos
2070 1928 2216 1958 inveniri
2233 1937 2309 1958 con-

1296 1981 1448 2019 tingeret,
1470 1981 1593 2010 faceres
1610 1979 1762 2010 detineri.
1783 1980 1908 2010 Verum
1931 1980 2009 2019 quia
2025 1982 2067 2014 te,
2091 1981 2179 2018 quod
2197 1981 2228 2010 in
2247 1981 2308 2010 hac

1296 2035 1387 2072 parte
1398 2034 1601 2072 rogavimus,
1611 2034 1798 2064 reverenter
1806 2042 1842 2063 ac
1854 2033 2032 2063 et'ticaciter
2044 2034 2306 2072 prosequereris.

1297 2095 1397 2125 super
1412 2096 1477 2125 quo
1493 2087 1715 2117 sinceritatem
1733 2087 1857 2125 regiam
1874 2087 2059 2117 actionibus
2072 2087 2309 2125 prosequimur

1297 2140 1487 2178 gratiarum,
1509 2140 1630 2170 Cautes
1656 2142 1685 2169 et
1710 2140 1836 2178 Teghia
1862 2140 1901 2169 de
1926 2140 2022 2170 Scala
2045 2148 2081 2169 ac
2100 2140 2309 2170 ‹ierardinus

1295 2192 1440 2227 Beliotti,
1459 2194 1660 2223 mercatores
1679 2192 1877 2227 Florentini,
1895 2201 1953 2232 pro
1980 2201 2027 2227 se,
2049 2193 2173 2223 Jacobo
2190 2192 2307 2228 Lecca,

1295 2246 1400 2276 Masio
1427 2245 1570 2285 Spiliati,
1597 2246 1698 2285 Spina
1724 2246 1762 2276 de
1788 2246 1894 2281 Scala,
1926 2247 2095 2284 Campana
2122 2246 2305 2281 Francisoi,

1294 2299 1417 2329 Jacobo
1448 2299 1609 2337 Aymerii,
1640 2299 1765 2337 Teghia
1796 2299 1963 2330 Amatoris
1995 2301 2025 2328 ot
2050 2299 2168 2329 ceteris
2191 2307 2305 2329 eorum

1295 2351 1406 2385 sociis,
1423 2352 1555 2382 civibus
1572 2354 1603 2382 et
1615 2352 1856 2382 mercatorilms
1871 2352 2086 2385 Florentinis,
2105 2352 2144 2381 de
2161 2351 2227 2381 hiis
2243 2360 2306 2390 que

1294 2405 1457 2435 debebant
1468 2413 1597 2435 camere
1608 2406 1729 2439 nostre,
1746 2405 1878 2443 plenius
1890 2404 2080 2434 satisfacere
2093 2405 2307 2434 curaverunt.

1293 2458 1460 2488 Nolumus
1491 2457 1550 2487 hac
1579 2458 1751 2488 occasione
1782 2457 1868 2487 bona
1899 2457 2040 2487 detineri
2069 2457 2218 2496 ipsorum
2250 2457 2304 2487 vel

1294 2511 1423 2550 negotia
1448 2510 1697 2549 quomodolibet
1718 2510 1884 2549 impediri.
1909 2510 2032 2540 Datum
2054 2510 2142 2549 apud
2167 2510 2307 2542 Urbem-

1293 2564 1450 2598 vetercm,
1473 2563 1626 2594 kalendis
1644 2563 1815 2597 februarii,
1834 2571 1920 2593 auno
1939 2563 2096 2593 secundo.
2115 2576 2129 2589 υ

1926 1663 1992 1701 req?
2015 1662 2156 1692 Nararre
2184 1662 2310 1692 illuslrt'.

1835 2751 1958 2784 ori-icio,
1979 2752 2011 2777 20
2027 2750 2132 2777 sevi-ier
2153 2750 2229 2776 ¹263.

1357 2753 1430 2783 213

1325 2863 1461 2897 Magistro
1493 2862 1599 2894 Miloni,
1621 2862 1800 2889 sorisdecnno
1820 2862 1958 2890 ecclesiae
1982 2861 2167 2893 Brivatensis,
2182 2860 2300 2887 mandat

217 2907 466 2945 compescendo,
482 2906 658 2944 ipsumque
675 2905 914 2935 nichilominus
938 2904 1224 2942 archiepiscopum
1254 2926 1259 2942 4
1288 2912 1429 2947 quomodo
1450 2911 1596 2938 absolvere
1614 2911 1714 2938 debent
1735 2914 1828 2938 certos
1850 2912 1989 2938 genenses
2009 2911 2045 2937 ab
2065 2910 2300 2937 excommunica-

218 2959 463 2990 Armarhanum
481 2960 515 2988 ut
530 2959 703 2997 pecuniam
716 2958 823 2997 ipsam
836 2958 972 2997 prefatis
985 2956 1223 2987 mercatoribus

1291 2961 1375 2988 tionis
1391 2960 1546 2988 sententia.
1563 2961 1642 2996 (use.
1662 2961 1706 2993 27,
1722 2960 1770 2987 sol.
1789 2961 1832 2992 35,
1850 2968 1883 2986 no
1899 2960 1938 2993 2.)
