2547 3289
1177 296 1395 328 D’URBAIN
1418 299 1475 329 IV.

278 380 377 419 gonie
396 382 427 410 et
446 380 768 419 circumadjacentes
787 381 902 419 partes
920 381 981 410 etc.
1004 388 1112 419 usque
1131 381 1294 411 constitu-

277 432 335 469 tis,
355 434 417 463 etc.

316 490 356 520 In
377 490 521 520 eundem
540 491 679 520 modum
699 490 834 520 dilectis
863 491 897 520 in
922 490 1056 520 Christo
1083 489 1221 520 filiabus
1239 490 1295 520 ab-

275 542 428 579 batissis,
443 543 621 582 priorissis
637 545 667 573 et
681 543 904 574 conventibus
917 543 1167 579 Cisterciensis,
1180 543 1293 573 Sancti

276 595 462 633 Benedicti,
481 597 593 627 Sancti
612 597 796 636 Augustini
815 598 845 627 et
866 596 1013 632 aliorum
1036 596 1193 626 ordinum
1211 597 1272 627 etc.

314 649 353 678 In
383 650 529 680 eundem
547 650 685 680 modum
703 649 878 688 magistris
905 658 965 679 seu
982 648 1240 687 preceptoribus
1261 650 1293 679 et

274 701 438 731 fratribus
458 701 638 732 domorum
661 701 783 731 Militie
807 700 941 738 Templi
963 709 1022 738 per
1042 709 1154 739 regna.
1176 702 1237 731 etc.

314 754 353 784 In
378 755 522 784 eundem
540 754 678 784 modum
702 753 876 792 magistris
895 754 925 783 et
953 753 1209 792 preceptorilms
1232 762 1292 783 seu

274 807 447 846 prioribus
468 809 500 838 et
527 796 690 837 fratribus
716 807 895 837 domorum
916 806 1077 846 hospitali
1106 807 1291 837 5111161151)-

273 860 396 891 hannis
409 860 681 891 Jerosolimitani
698 861 760 890 etc.

310 914 350 944 In
374 914 519 944 eundem
543 913 684 943 modum
713 913 877 951 magistro
907 914 939 943 et
966 912 1228 951 preceptoribus
1255 921 1291 943 ac

272 966 438 997 fratribus
456 967 634 996 domorum
649 966 772 996 Militie
789 966 903 996 Sancti
919 965 1036 996 Jacobi
1054 966 1089 995 in
1104 966 1241 1005 Ispania
1260 967 1291 996 et

273 1019 445 1058 Aragonia
463 1020 493 1049 et
518 1019 884 1058 circumadjacentibus
901 1018 1058 1057 partibus
1081 1019 1288 1055 constitutis,

272 1074 336 1102 etc.

311 1125 351 1155 In
371 1125 516 1155 eundem
541 1125 680 1155 modum
698 1125 874 1164 magistris
899 1133 959 1155 seu
984 1125 1241 1163 preceptoribus
1260 1126 1290 1155 et

272 1177 436 1208 fratribus
447 1178 625 1207 domorum
638 1177 760 1208 Militie
775 1177 1040 1214 Calatravensis,
1052 1177 1291 1208 Cisterciensis

272 1231 415 1266 ordinis,
437 1231 472 1260 in
489 1231 626 1269 ispania
643 1232 675 1261 et
695 1230 867 1269 Aragonia
883 1231 945 1261 etc.

312 1284 351 1314 In
370 1284 515 1314 eundem
532 1284 671 1314 modum
689 1284 795 1322 priori
823 1285 855 1314 et
872 1283 1048 1322 magistris
1075 1292 1135 1313 seu
1155 1278 1293 1323 precep-

270 1335 403 1367 toribus
419 1339 449 1366 et
467 1336 613 1367 fatribus
637 1337 817 1366 domorum
841 1336 1022 1375 hospitalis
1049 1337 1292 1367 Roscide-Yal-

272 1389 328 1424 lis,
349 1390 410 1420 etc.

311 1443 350 1473 In
378 1443 522 1473 eundem
552 1443 691 1473 modum
725 1443 888 1482 magistro
918 1444 950 1473 et
975 1443 1139 1473 fratribus
1168 1443 1291 1474 Militie

272 1495 386 1526 Sancti
403 1495 521 1526 Jacobi
539 1496 716 1526 Ucclensis
734 1496 769 1526 in
785 1496 934 1534 Ispania,
954 1498 1016 1526 etc.

315 1549 354 1579 Ι11
385 1548 542 1579 eumdem
572 1549 712 1579 modum
750 1549 1016 1588 archiepiscopis
1057 1550 1089 1579 et
1120 1549 1291 1588 episcopis

270 1603 333 1632 etc.
353 1610 412 1640 per
431 1610 534 1641 regna
554 1602 688 1640 Ispanie
709 1603 741 1633 et
760 1602 932 1641 Aragonie
950 1611 987 1632 ac
1005 1602 1290 1641 circumadjacen-

271 1657 322 1685 tes
340 1656 465 1693 partes,
484 1656 547 1686 etc.

312 1708 350 1738 In
378 1708 522 1738 eundem
550 1708 689 1738 modum
725 1707 917 1744 abbatibus,
949 1708 1122 1747 prioribus
1149 1710 1181 1738 et
1217 1717 1291 1738 con-

271 1761 430 1791 ventibus
443 1761 683 1791 Cistercicnsis
695 1761 824 1791 ordinis
836 1770 896 1800 per
908 1761 1152 1800 regnalspanie
1166 1763 1197 1792 et
1210 1762 1291 1791 Ara-

273 1814 372 1853 gonie
389 1815 421 1844 et
438 1814 762 1852 circumadjacentes
779 1815 905 1852 partes,
920 1816 982 1844 etc.

311 1867 350 1897 In
369 1867 513 1897 eundem
539 1867 677 1897 modum
702 1867 837 1897 dilectis
859 1867 894 1896 in
920 1867 1055 1897 Christo
1073 1867 1211 1897 filiabus
1234 1867 1289 1897 ab-

271 1920 423 1956 batissis,
436 1919 614 1958 priorissis
629 1921 660 1950 et
678 1919 900 1950 conventibus
913 1920 1162 1956 Cisterciensis,
1176 1920 1289 1950 Sancti

271 1973 457 2009 Benedicti,
477 1973 591 2004 Sancti
616 1973 801 2012 Augustini
819 1975 851 2003 et
875 1973 1020 2003 aliorum
1038 1973 1206 2009 ordinum,
1226 1975 1288 2004 etc.

311 2027 350 2056 In
368 2026 512 2056 eundem
531 2026 670 2057 modum
700 2026 876 2065 magistris
901 2035 961 2057 seu
979 2026 1237 2065 preceptoribus
1258 2029 1290 2057 et

271 2079 435 2110 fratribus
454 2080 634 2110 domorum
650 2079 774 2110 Militie
789 2079 924 2118 Templi
941 2088 1000 2118 per
1017 2088 1130 2119 regna,
1152 2080 1214 2110 etc.

309 2133 349 2163 In
378 2133 523 2163 eundem
548 2133 687 2163 modum
704 2133 880 2172 magistris
898 2134 929 2163 et
954 2132 1210 2171 preceptoribus
1229 2141 1290 2163 seu

271 2185 445 2225 prioribus
463 2187 495 2216 et
525 2186 690 2216 fratribus
709 2186 887 2216 domorum
901 2186 1084 2225 hospitalis
1104 2186 1217 2216 Sancti
1234 2186 1290 2216 Jo-

271 2239 394 2269 hannis
412 2239 695 2276 Jerosolimitani,
718 2241 780 2270 etc.

312 2292 351 2322 In
381 2293 526 2322 eundem
553 2293 692 2323 modum
723 2292 887 2331 magistro
910 2294 941 2322 et
969 2291 1227 2331 preceptoribus
1253 2300 1289 2322 ac

273 2344 438 2375 fratribus
455 2346 634 2376 domorum
647 2345 770 2376 Militie
784 2345 896 2376 Sancti
915 2345 1033 2375 Jacobi
1051 2345 1086 2375 in
1104 2345 1242 2384 Ispania
1258 2347 1289 2375 et

271 2398 444 2437 Aragonia
463 2399 495 2428 et
517 2398 882 2437 circumadjacentibus
901 2398 1056 2437 partibus
1081 2398 1287 2434 constitutis,

271 2453 337 2482 etc.

314 2504 352 2534 In
374 2504 519 2534 eundem
540 2504 678 2534 modum
697 2504 873 2543 magistris
895 2513 955 2534 seu
979 2503 1237 2543 preceptoribus
1258 2505 1290 2534 et

274 2556 438 2587 fratribus
453 2557 631 2586 domorum
644 2557 1037 2594 MilitieCalatravensis,
1049 2557 1290 2588 Cisterciensis

274 2608 417 2644 ordinis,
439 2609 473 2639 in
493 2610 631 2648 Ispania
649 2611 679 2640 et
696 2610 877 2649 Aragonia,
900 2612 962 2640 etc.

312 2661 352 2691 In
380 2663 524 2692 eundem
544 2663 706 2694 modum..
737 2663 845 2702 priori
873 2665 905 2693 et
932 2663 1106 2702 magistris
1132 2671 1192 2693 seu
1218 2671 1292 2701 pre·
1321 2685 1322 2688 η

272 2715 468 2754 ceptoribus
497 2717 530 2745 et
548 2715 712 2746 fratribus
740 2716 919 2746 domorum
936 2716 1116 2755 hospitalis
1130 2716 1291 2746 Roscide-

273 2767 397 2805 Valli'S,
418 2770 479 2799 etc.

313 2864 593 2904 Archiepiscopis
620 2866 650 2896 et
677 2865 859 2904 episcopis,
890 2867 951 2895 etc.
977 2866 1013 2895 ut
1041 2873 1155 2903 supra,
1183 2873 1291 2904 usque

274 2918 444 2956 exemptis
459 2920 490 2948 et
507 2927 574 2948 non
588 2918 759 2957 exemptis
775 2927 834 2956 per
846 2927 947 2957 regna
963 2918 1099 2956 Ispanie
1117 2919 1149 2948 et
1166 2918 1292 2957 Arago-

275 2969 330 3000 nie
347 2979 384 3001 ac
397 2971 719 3011 circumadjacentes
736 2973 850 3010 partes
866 2973 930 3002 etc.
948 2972 984 3002 ut
1003 2971 1038 3001 in
1053 2971 1172 3002 altera.
1197 2971 1293 3001 Post-

421 3024 560 3053 nanim<
582 3025 634 3059 IV,
656 3027 679 3052 t.
701 3025 726 3052 Ι.
745 3024 822 3059 Reg.
845 3033 924 3052 cam.

2314 304 2373 334 137

1357 391 1458 420 quam
1477 384 1538 412 etc.
1561 391 1669 422 usque
1686 384 1880 414 necessario
1908 385 2073 416 renovari,
2094 386 2264 416 immanes
2279 387 2373 417 enim

1356 436 1590 473 persecutores
1609 436 1750 466 ecclesie
1767 438 1828 473 etc,
1848 439 1883 467 nt
1900 437 1931 467 in
1949 437 2007 467 illa
2020 447 2082 476 que
2099 439 2260 469 scribitur
2283 440 2374 478 epis-

1356 496 1438 526 copo
1456 488 1683 526 Majorstensi,
1702 489 1815 519 verbis
1840 492 2068 529 competenter
2086 492 2226 522 mutatis
2245 493 2276 522 in
2295 493 2373 532 plu-

1355 540 1430 575 rali,
1450 543 1486 570 111
1503 541 1536 570 111
1551 541 1706 579 proxima
1724 543 1885 579 generali.

1394 593 1432 622 In
1456 593 1599 623 eundem
1623 594 1760 624 modum
1777 594 1967 631 abbatibus,
1984 596 2155 634 prioribus
2170 599 2199 627 ct
2227 607 2371 628 conven-

1353 644 1445 675 tibus
1462 646 1701 676 Cisterciensis
1724 647 1854 677 ordinis
1876 657 1935 686 per
1961 658 2061 687 regna
2082 650 2216 688 Ispanie
2235 653 2265 680 et
2285 652 2370 681 Ara-

1353 698 1451 736 gonie
1464 700 1495 728 et
1506 699 1826 739 circumadjacentes
1839 703 1952 738 partes
1965 704 2026 731 etc.
2039 711 2145 741 usqne
2159 704 2367 735 cons-tinnis.

1353 751 1539 790 Postquam
1556 754 1617 782 etc.
1643 755 1679 783 ut
1705 753 1738 782 in
1761 753 1918 791 proxima
1944 763 2051 792 usque
2076 755 2248 793 1··;›‹11iir‹;›r·>
2268 756 2370 786 confi-

1353 803 1480 840 denter,
1500 805 1759 836 universitatem
1787 806 1899 844 itaque
1929 809 2076 836 vestram
2106 809 2166 837 etc.
2195 817 2300 847 usqne
2333 809 2368 838 in

1353 856 1466 888 finem.

1392 911 1430 940 In
1454 911 1597 941 eundem
1621 911 1760 942 modum
1781 912 1916 942 dilectis
1939 913 1972 942 in
1990 913 2123 943 (Ihristo
2143 913 2286 950 filiabus,
2312 914 2367 944 ab·

1352 963 1505 999 batissis,
1520 965 1697 1003 priorissis
1712 967 1741 995 et
1760 965 1982 996 conventibus
1995 966 2243 1002 (listei'ciensis,
2259 967 2366 997 sancti

1352 1017 1537 1052 Benedicti,
1557 1017 1664 1047 sancti
1688 1018 1871 1056 Augustini
1890 1020 1921 1048 et
1947 1018 2092 1048 aliorum
2120 1019 2276 1049 ordinum
2303 1021 2366 1051 etc.

1352 1071 1389 1100 ut
1407 1070 1441 1099 in
1458 1070 1615 1109 proxima
1637 1079 1696 1109 per
1713 1073 1833 1101 totum.

1392 1123 1430 1152 In
1448 1123 1592 1153 eundem
1615 1124 1752 1153 modum
1772 1124 1946 1162 magistris
1974 1133 2033 1154 seu
2058 1125 2314 1163 preceptoribus
2335 1126 2369 1156 61

1354 1175 1516 1206 fratribus
1541 1176 1718 1206 domorum
1748 1177 1870 1207 Militie
1898 1177 2031 1215 Templi
2050 1186 2109 1216 per
2132 1186 2233 1216 regna
2249 1179 2312 1208 etc.
2331 1180 2368 1209 111

1354 1237 1468 1267 supra.

1393 1282 1430 1312 In
1456 1282 1600 1312 eundem
1619 1283 1757 1312 modum
1776 1283 1951 1321 magistris
1974 1284 2003 1313 et
2021 1283 2275 1321 [neceptoribus
2303 1292 2365 1313 seu

1352 1335 1526 1374 prioribus
1542 1338 1574 1366 et
1593 1335 1754 1366 fratribus
1778 1336 1955 1366 domorum
1978 1336 2169 1374 Hospitalis
2187 1337 2292 1366 sancti
2312 1337 2368 1367 Jo-

1352 1389 1474 1419 hannis
1490 1389 1774 1426 Jerosolimitani,
1793 1398 1853 1428 per
1870 1398 1973 1428 regna
1989 1391 2050 1419 etc.
2070 1391 2105 1419 ut
2126 1389 2159 1419 in
2184 1390 2300 1419 altera.

1392 1443 1431 1472 In
1449 1443 1593 1472 eundem
1611 1443 1774 1472 modum..
1805 1443 1969 1481 magistro
2001 1444 2031 1472 vt
2056 1443 2311 1481 preceptoribus
2330 1452 2368 1473 ac

1354 1495 1517 1526 fratribus
1533 1496 1711 1526 domorum
1728 1496 1849 1526 Militie
1872 1496 1978 1526 sancti
1994 1495 2111 1525 Jacobi
2131 1496 2164 1525 in
2183 1496 2318 1534 ispania
2335 1498 2368 1527 et

1352 1549 1523 1588 Aragonia
1551 1550 1583 1579 et
1600 1548 1961 1588 circunmdjacentibus
1981 1549 2136 1587 partibus
2157 1549 2364 1585 constitutIs,

1353 1603 1509 1639 salutem,
1529 1603 1591 1632 etc.

1392 1655 1430 1685 In
1449 1655 1591 1685 eundem
1620 1655 1758 1685 modum
1781 1655 1956 1694 magistris
1977 1663 2036 1684 seu
2058 1654 2315 1693 preceptoribus
2333 1657 2365 1685 et

1352 1708 1515 1738 fratribus
1528 1709 1704 1738 domorum
1716 1708 1838 1738 Militie
1848 1708 2112 1738 Calatravensis.
2126 1708 2366 1738 Cisterciensis

1353 1762 1494 1798 111-1111113,
1514 1762 1548 1791 111
1564 1762 1702 1800 Ispania
1716 1765 1747 1791 et
1763 1761 1933 1800 Aragonia
1950 1763 2012 1791 etc.
2031 1763 2065 1791 ut
2085 1761 2117 1790 111
2134 1761 2300 1800 proxima.

1392 1815 1430 1845 Ι11
1459 1815 1602 1845 eundem
1630 1815 1792 1844 modum..
1818 1814 1925 1853 priori
1951 1816 1981 1844 et
2006 1814 2180 1853 magistris
2208 1823 2267 1844 seu
2291 1822 2367 1852 pre-

1353 1867 1546 1907 ceptoribus
1564 1869 1595 1898 et
1615 1867 1778 1897 tratribus
1797 1868 1974 1898 domorum
1992 1867 2182 1905 Hospitalis
2204 1867 2366 1898 Roscide-

1351 1921 1464 1957 vallis‚
1483 1922 1544 1951 etc.
1565 1923 1599 1951 ut
1617 1921 1650 1950 in
1666 1921 1832 1958 proxima.

1392 1975 1430 2005 In
1449 1975 1594 2005 eundem
1614 1975 1750 2005 modum
1757 1997 2353 2005 ................

1442 2160 1513 2191 471
1921 2159 2046 2191 Orvieto,
2061 2160 2094 2186 26
2106 2158 2201 2194 juillet
2217 2160 2294 2187 1263.

1387 2244 1494 2279 Regem
1514 2244 1654 2271 Castellac
1677 2246 1703 2271 et
1727 2243 1860 2278 Legionis
1886 2243 2018 2270 hortatur
2036 2247 2065 2270 ut
2087 2243 2227 2278 magistro
2254 2244 2366 2279 Syuitio

1351 2293 1501 2326 auxilium,
1524 2293 1677 2320 consilium
1693 2295 1721 2320 et
1737 2292 1863 2320 savorem
1888 2292 2045 2328 impendat.
2065 2293 2142 2327 taes..
2159 2294 2202 2323 27,
2228 2292 2276 2320 tol.
2303 2293 2365 2325 136,

1350 2346 1382 2368 n⁰
1405 2344 1442 2370 1.)

1391 2451 1407 2468 «
1482 2440 1547 2479 reqz'
1565 2438 1695 2470 Castelle
1715 2448 1751 2468 ac
1772 2438 1913 2478 Leqionis
1931 2438 2056 2472 illustri,
2083 2438 2111 2467 in
2130 2437 2300 2466 Romanum
2318 2447 2364 2468 re-

1351 2503 1417 2533 yem
1434 2492 1535 2523 electo.
1550 2493 1718 2523 Novimus
1738 2492 1816 2531 quia
1830 2492 1920 2530 geris
1938 2492 1968 2521 in
1988 2491 2075 2521 votis
2092 2499 2204 2521 mores
2220 2491 2366 2522 devotis-

1352 2547 1429 2576 simi
1457 2546 1633 2585 pi'incipis.
1654 2547 1690 2575 ut
1720 2545 1808 2575 circa
1833 2544 2041 2583 beneplacita
2062 2544 2153 2573 sedis
2181 2544 2364 2582 apostolice

1351 2600 1599 2639 plenitudinem
1618 2598 1707 2637 regie
1726 2597 1916 2628 devotionis
1938 2597 2135 2631 extendens,
2153 2596 2314 2627 exhibeas
2332 2598 2364 2627 te

1352 2653 1619 2692 promptitudine
1651 2651 1755 2681 animi
1778 2652 1809 2680 et
1840 2651 1952 2689 operis
1982 2650 2144 2680 exercitio
2174 2650 2206 2679 in
2226 2650 2365 2680 illorum

1352 2706 1589 2745 prosecutione
1599 2703 2003 2743 pa1·atum‚sicutassidue
2014 2703 2178 2740 regalium
2191 2704 2365 2742 gestorum

1289 2764 1295 2769 “
1321 2763 1323 2780 ¹³
1353 2759 1502 2789 indicant
1526 2759 1734 2797 argumenta.
1764 2757 1806 2787 Et
1821 2756 1901 2786 licet
1926 2756 1973 2785 sic
2004 2756 2156 2786 redderis
2172 2765 2214 2786 ex
2240 2758 2273 2786 te
2290 2756 2365 2794 ipso

1353 2813 1474 2842 devota
1503 2812 1614 2842 mente
1634 2810 1815 2846 sollicitus,
1835 2810 1871 2839 ut
1892 2809 1932 2839 ad
1950 2809 2179 2848 promovenda
2200 2809 2233 2838 in
2252 2808 2366 2847 regnis

1353 2866 1423 2896 tuis
1451 2865 1538 2895 dicte
1568 2864 1660 2893 sedis
1688 2862 1833 2901 negotia,
1850 2863 1881 2892 te
1900 2871 1967 2892 non
1997 2863 2149 2900 oporteat
2167 2862 2366 2900 apostolicis

1354 2915 1648 2948 exhortationibus
1667 2914 1819 2950 excitari,
1842 2915 1955 2944 tamen
1973 2913 2120 2943 scribere
2137 2913 2201 2944 tibi
2219 2913 2368 2943 decrevi-

1354 2979 1443 3005 mus,
1462 2972 1497 3001 ut
1514 2969 1724 2999 intentionen
1746 2961 2050 3005 nostram‘plenius
2066 2967 2366 3006 comprehendens,

2195 3021 2227 3047 ¹8
