2547 3289
1047 202 1287 240 'ruoisOEME
1310 209 1401 239 Axx
1409 201 1475 238 1313.

221 297 311 332 noto,
329 296 401 325 vtro
414 296 453 325 de
466 295 562 334 cujus
577 295 758 333 specialem
776 294 859 333 gerit
876 294 1007 324 meritis
1024 294 1055 323 et
1070 293 1230 322 fidelitate

221 349 391 384 fiduciam,
412 348 606 387 hujusmodi
624 347 832 386 preceptorie
851 347 883 376 in
902 346 1054 385 partibus
1075 345 1144 375 illis
1162 345 1232 374 0111-

221 402 311 432 cium
329 401 560 437 committatis,
580 410 640 430 vos
657 409 759 439 super
776 400 836 429 hoc
856 399 1058 429 fiducialiter
1075 398 1232 437 precihus

221 455 426 493 interpellat,
456 456 555 492 prout
581 453 679 483 nobis
702 462 761 492 per
787 462 866 482 suas
891 453 1023 482 litteras
1051 451 1232 486 intimavit,

220 507 352 537 instans
373 507 626 540 nichilominus,
652 510 687 537 ut
711 507 798 536 circa
816 506 848 535 id
871 507 1068 535 stinleamus
1088 505 1232 542 interpo-

221 569 300 591 nere
325 562 439 599 partes
463 561 609 590 nostras
637 560 780 598 Ideoque
803 559 1059 588 universitatem
1085 559 1232 587 vestram

221 623 380 653 rogamus
411 616 442 644 et
469 613 644 643 hortamur
669 614 806 647 attente,
834 612 1033 642 mandantes
1059 611 1230 649 quatinus,

221 669 404 706 pensantes
420 666 559 705 provide
575 668 697 704 quanta
717 668 853 704 propter
871 665 1013 695 eundem
1029 665 1178 698 fratrem,
1200 664 1232 693 in

221 721 296 758 ipso
317 720 539 750 constitutum
567 719 690 754 officio,
712 718 807 748 vobis
830 720 861 747 et
886 718 994 747 eidem
1021 717 1142 747 ordini,
1164 719 1232 746 tam

219 781 280 811 per
299 773 410 802 sedem
430 772 652 810 apostolicam
669 780 769 809 quam
784 779 842 809 per
867 771 977 808 ipsum
999 779 1122 808 regem,
1144 771 1233 804 pote-

220 827 298 855 runt
328 825 503 855 commoda
534 824 724 862 provenire.
759 823 969 853 attendentes
997 823 1109 857 etiam,
1144 822 1231 859 quod

218 887 340 917 magna
371 886 448 916 pars
474 877 673 906 facultatum
704 878 736 905 et
766 876 959 905 reddituum
984 878 1170 904 vestrorum
1198 875 1230 903 in

218 940 320 969 regno
344 930 424 960 dicti
445 929 535 968 regis
562 930 593 959 et
618 929 680 958 sul)
704 929 853 958 dominio
877 928 1040 957 consistet
1066 927 1230 966 ejusdem,
1262 946 1264 957 1

217 985 356 1023 propter
377 983 467 1022 quod
493 983 629 1021 expedit
648 992 685 1011 ac
706 982 871 1012 interesse
896 983 1010 1010 vestra
1029 981 1229 1011 dinoscitur,

219 1044 297 1068 eum
315 1036 438 1066 habere
452 1036 660 1071 benivolum,
673 1044 837 1073 suamque
850 1034 947 1064 vohis
964 1033 1230 1064 munificentiam

217 1090 408 1126 vendicare,
428 1091 464 1119 ut
486 1090 768 1119 manuteneantur
787 1090 817 1118 et
840 1088 1058 1126 piotegautur
1076 1095 1135 1125 per
1154 1095 1228 1116 eum

217 1143 413 1182 huJusmodi
430 1142 608 1172 facultates
625 1143 657 1172 et
678 1141 830 1171 redditus
851 1150 888 1170 ac
909 1141 1011 1170 etiam
1032 1141 1228 1178 augeantur,

217 1196 439 1234 beneplacitis
461 1195 589 1225 nostris
603 1197 633 1225 et
650 1194 806 1233 precibus
823 1194 903 1224 dieti
922 1194 1012 1232 regis
1034 1194 1186 1232 prompte
1201 1194 1231 1222 et

218 1249 407 1280 liberaliter
440 1258 600 1284 annuere,
633 1257 669 1277 ac
700 1249 886 1277 memorato
916 1247 1011 1276 fratri
1037 1246 1231 1283 hujusmodi

217 1303 427 1342 preceptorie
443 1302 605 1339 officium,
623 1302 709 1331 sicut
728 1310 839 1331 caram
855 1301 987 1331 habetis
1001 1300 1143 1338 gratiam
1159 1308 1233 1329 nos-

216 1357 305 1386 tram
322 1358 353 1385 et
369 1355 634 1385 benivolentiam
652 1355 741 1393 regis
759 1354 922 1393 eiusdem,
942 1353 1069 1391 absque
1088 1352 1231 1382 (1111113111-

216 1409 296 1439 tatis
318 1409 505 1443 obstaculo,
530 1408 742 1438 committere
768 1407 970 1446 procuretis,
992 1407 1040 1436 sic
1063 1406 1232 1436 mandatis

217 1462 416 1501 apostolicis
460 1462 578 1492 devote
623 1464 779 1500 parentes
824 1462 1003 1498 vestreque
1041 1459 1231 1490 devotionis

216 1516 521 1554 promptitudinem
542 1516 630 1545 votis
649 1515 752 1554 regiis
769 1514 1032 1548 conformantes,
1052 1513 1141 1551 quod
1163 1514 1230 1543 tam

217 1578 236 1599 a
261 1568 359 1598 nobis
383 1578 484 1607 quam
512 1568 552 1598 ab
577 1568 651 1607 Ipso
679 1568 877 1598 mereamini
905 1567 1133 1597 commendari
1156 1575 1230 1595 cum

216 1620 428 1659 plenitudine
452 1620 649 1659 gratiarum,
674 1621 706 1649 et
732 1619 824 1649 aliud
846 1627 948 1658 super
966 1619 1027 1648 hoc
1051 1627 1116 1648 non
1138 1627 1231 1656 opor-

216 1674 285 1703 teat
304 1673 485 1703 cousilium
505 1672 667 1702 adhiberi.
689 1674 812 1703 Datum
833 1673 921 1711 apud
940 1672 1229 1706 Urbemveterem,

216 1735 238 1756 v
256 1727 419 1756 kalendas
440 1727 564 1759 martii.
586 1735 671 1756 anno
690 1727 760 1756 1110.
784 1738 797 1752 »

808 1879 931 1912 Orvieio,
950 1882 965 1907 5
984 1888 1061 1906 mars
1080 1880 1156 1906 latit.

308 1884 377 1914 761

251 1961 378 1995 Opizoni,
407 1960 568 1987 marchioni
589 1960 713 1991 Esteusi‚
740 1960 772 1986 de
798 1961 889 1985 morte
910 1958 955 1985 avi
976 1958 1076 1985 Azouis
1099 1958 1228 1985 condolet

215 2018 338 2044 eumque
355 2010 486 2036 hortatur
503 2012 531 2038 ut
556 2009 636 2036 illum
659 2009 686 2035 in
708 2008 858 2035 devotione
877 2016 945 2042 erga
964 2008 1115 2034 eeclesiam
1138 2007 1231 2033 imite-

216 2061 273 2086 tur.
289 2059 367 2093 tRssc.
385 2060 430 2093 28,
446 2058 495 2085 t'ol.
512 2059 546 2085 92
562 2064 599 2090 w,
617 2066 677 2084 cur.
696 2057 765 2084 anni
784 2057 829 2088 111,
848 2062 877 2083 n⁰
894 2057 937 2089 473
956 2056 1105 2082 Porruxsr
1125 2057 1231 2087 188113.)

257 2170 271 2185 «
291 2157 396 2187 Nobili
413 2158 478 2186 viro
495 2157 636 2197 Opizoni,
647 2156 815 2185 marchioni
835 2155 967 2185 Estenst.
986 2155 1064 2191 Fili,
1081 2155 1229 2194 gustavi-

216 2220 293 2242 mus
309 2211 548 2241 amaritudinis
562 2211 715 2245 calicem,
733 2210 888 2240 iutimato
904 2209 1002 2240 nobis
1020 2208 1113 2239 obitu
1127 2218 1230 2247 quon-

217 2266 294 2295 dam
317 2265 455 2301 Azonis,
480 2264 687 2294 marchionis
712 2263 880 2299 Estensis,
907 2263 960 2293 avi
979 2263 1038 2298 tui,
1065 2272 1123 2292 sue
1146 2271 1229 2301 pure

218 2318 409 2349 devotionis
430 2317 554 2347 celebri
572 2317 734 2347 hactenus
748 2317 906 2355 opinione
924 2316 1104 2355 conspicue
1122 2325 1229 2346 recor-

217 2371 336 2401 dantes
360 2378 462 2408 ‹1uam
485 2370 565 2399 dum
591 2370 626 2399 iu
651 2370 762 2399 mente
784 2369 1004 2404 revolvimus,
1030 2370 1229 2407 reputamus

217 2423 334 2461 inipso
347 2422 592 2461 precordialem
608 2423 699 2452 sedis
712 2422 896 2461 apostolice
906 2422 1014 2452 filium
1026 2421 1228 2460 perdidisse,

217 2477 314 2515 cujus
335 2475 450 2506 inclita
472 2475 593 2506 merita
610 2475 698 2505 circa
717 2475 852 2514 proprie
876 2475 1052 2505 fidelitatis
1074 2475 1228 2505 constan-

216 2530 301 2560 tiam
320 2530 352 2559 et
371 2529 532 2558 honorem
552 2537 588 2558 ac
609 2528 852 2558 exaltationem
870 2528 988 2558 matris
1005 2528 1146 2558 ecclesie
1160 2528 1229 2557 lau-

217 2582 384 2613 dabilium
411 2590 552 2620 operum
579 2581 740 2611 exercitio
765 2581 968 2611 claruerunt.
992 2581 1043 2611 Ne
1068 2580 1172 2619 igitur
1196 2581 1230 2610 in

216 2637 399 2674 conspectu
428 2643 545 2664 eorum
571 2643 655 2673 quos
679 2634 842 2664 dilexisse
866 2634 1082 2672 comperitur,
1108 2642 1230 2664 nomen

218 2689 292 2728 ejus
310 2689 465 2718 videatur
483 2687 628 2726 periisse
642 2696 717 2717 cum
736 2696 846 2723 carne,
861 2696 934 2723 nos,
953 2688 1127 2726 sperantes
1142 2687 1230 2726 quod

217 2745 335 2773 nature
353 2742 450 2772 dotes
471 2741 505 2771 in
521 2743 553 2772 te
570 2741 742 2780 copiosius
761 2741 1004 2779 profluxerunt,
1025 2742 1056 2770 et
1075 2740 1165 2779 quod
1180 2742 1228 2776 tu,

217 2796 324 2827 veluti
349 2795 516 2835 gemellus
537 2803 579 2825 ex
598 2795 710 2824 radice
735 2794 865 2824 sincera
886 2794 1118 2832 progrediens,
1145 2793 1230 2823 sruc-

216 2851 272 2879 tus
296 2848 461 2879 amabiles
483 2847 668 2878 virtutibus
697 2847 887 2878 adherendo
911 2847 1088 2885 produces,
1116 2855 1153 2876 ac
1174 2846 1230 2876 ha-

218 2902 337 2933 bentes
361 2902 504 2932 eundem
530 2901 759 2932 marchionem
787 2900 949 2931 memorie
975 2900 1073 2939 quasi
1098 2899 1225 2937 vivum,

2244 215 2302 243 365

1261 302 1264 310 ⁴
1294 291 1327 320 in
1340 293 1382 323 te,
1394 293 1512 329 nepotc
1526 301 1560 320 ac
1574 291 1694 321 herede
1709 292 1828 330 ipsius„
1845 302 1902 331 per
1915 294 2052 332 gratiosi
2070 295 2193 324 sax-oris·
2209 297 2301 325 exhi-

1292 344 1453 373 bitionem
1474 345 1661 379 ostendere,
1680 345 1749 374 Deo
1769 348 1947 381 annuente,
1964 348 2186 385 pr‹e›p‹·ninms
2206 350 2301 378 attin·-

1292 398 1362 427 tum
1382 397 1532 426 habitum
1554 398 1641 427 circa
1664 397 1772 433 illum,
1798 399 1977 436 presertim
1996 408 2083 435 cum,
2105 400 2189 430 sit-ut
2213 411 2301 431 aece-

1293 449 1415 487 pimus,
1440 450 1525 479 idem
1551 450 1699 479 marchio
1724 460 1901 489 personam
1928 454 2020 481 tuam
2048 452 2109 482 sub
2132 455 2246 483 nostra
2270 457 2301 483 et

1293 503 1380 532 dicte
1394 503 1484 532 sedis
1498 504 1703 541 protectione
1722 504 1907 542 reliquerit,
1923 515 1959 534 at·
1976 505 2037 535 tihi
2054 507 2142 544 quod
2158 507 2301 537 fideliter

1294 556 1328 585 iu
1347 556 1486 585 ecclesie
1504 557 1716 586 devotionem
1737 557 1913 595 persistas.
1936 558 1967 587 in
1986 558 2103 588 ultima
2116 561 2301 598 preceperit

1295 609 1478 638 voluntate.
1497 609 1547 638 'l‘u
1571 618 1660 647 ergo,
1681 610 1739 645 tili,
1761 610 1800 639 de
1825 611 1969 640 transitu
1992 612 2194 641 marchionis
2215 614 2302 651 ejus-

1294 661 1367 691 dem
1396 662 1425 691 111
1450 662 1508 691 illo
1536 662 1566 691 in
1593 663 1687 700 cujus
1714 672 1813 692 manu
1841 673 1930 693 mors
1955 666 1986 693 et
2011 665 2078 694 vita
2101 666 2300 701 consistunt,

1294 714 1451 752 spiritum
1476 716 1718 745 consolatitmis
1737 726 1926 751 assumens,
1950 718 2035 746 circa
2058 720 2300 755 procurandam

1295 767 1535 797 exaltationem
1560 768 1712 801 ecclesie,
1739 769 1770 798 111
1791 778 1856 807 qua
1881 779 1944 798 non
1967 771 2135 800 modicum
2160 772 2302 810 suscipit

1263 822 1265 831 '
1294 819 1396 849 robur
1423 820 1631 850 fortitudinis
1658 822 1766 851 status
1795 824 1884 857 tuus,
1915 823 2064 860 ejusdem
2089 824 2140 853 avi
2160 825 2303 861 vestigia

1294 873 1431 901 studeas
1450 873 1587 907 imitari,
1609 874 1653 902 ita
1674 875 1761 911 quod
1779 884 1818 903 ex
1839 875 1906 903 tuis
1925 876 2054 905 devotis
2077 876 2218 908 actibus,
2238 879 2302 907 cvi<

1293 925 1410 954 deuter
1424 928 1581 963 appareat
1600 927 1925 964 quod111011)‹‘J1·;1t11111
1945 929 2170 958 111ar‹·hi‹·neni
2186 931 2301 959 eadem

1293 977 1435 1007 ecclesia
1460 987 1523 1007 uon
1549 978 1674 1013 amisit,
1706 980 1763 1008 scd
1791 980 1877 1009 idem
1903 981 2050 1010 marchio
2077 982 2107 1010 111
2136 984 2166 1010 te
2190 983 2302 1012 vivers·

1292 1030 1405 1068 potius
1423 1032 1605 1068 reputetur.
1624 1032 1694 1060 Nos
1711 1032 1799 1061 enim
1819 1033 1923 1070 gratie
1943 1035 2056 1062 nostre
2072 1035 2180 1063 zelum
2201 1044 2300 1073 quem

1293 1083 1332 1112 ab
1351 1092 1412 1112 avo
1431 1084 1667 1121 produximus,
1693 1086 1784 1114 tauto
1810 1085 1971 1115 libentius
1990 1095 2174 1125 propagare
2196 1088 2301 1117 inteu-

1292 1136 1405 1165 dimus
1429 1137 1468 1165 ad
1488 1138 1655 1174 nepotem,
1675 1139 1800 1174 quanto
1822 1138 1975 1168 devotius
1994 1143 2107 1169 nostre
2129 1140 2300 1170 sincerita-

1292 1189 1336 1218 tis
1359 1189 1514 1219 all'ectum
1538 1190 1719 1228 conspicua
1738 1191 1847 1228 ipsius
1866 1192 1917 1220 avi
1936 1191 2073 1221 servitia
2093 1194 2299 1223 meruerunt.

1292 1241 1460 1275 Ceterum,
1485 1243 1642 1272 dilectam
1669 1243 1702 1272 111
1729 1243 1862 1273 Christo
1890 1244 1995 1273 filiam
2020 1244 2167 1274 nobilem
2186 1245 2302 1275 mulie-

1294 1304 1363 1325 rem
1383 1321 1388 1324 .
1404 1321 1408 1324 .

1293 1349 1579 1385 commendantes,
1612 1358 1770 1388 rogamus
1799 1352 1828 1380 et
1855 1350 2013 1380 volumus
2040 1353 2074 1380 ut
2109 1351 2228 1389 ipsam,
2261 1352 2301 1381 ol»

1292 1402 1434 1449 predicti
1458 1403 1510 1432 avi
1536 1403 1735 1433 memoriam
1760 1404 1791 1433 et
1816 1404 2039 1433 reverentiam
2061 1405 2189 1442 pretate
2211 1405 2301 1434 sedis

1292 1456 1324 1485 et
1340 1457 1503 1491 nostram,
1523 1456 1688 1495 condigna
1703 1457 1892 1486 reverentia
1910 1457 2048 1487 studeas
2063 1457 2237 1491 honorare,
2256 1458 2302 1487 ita

1293 1509 1382 1547 quod
1408 1518 1522 1538 amara
1549 1518 1606 1539 sue
1632 1509 1810 1539 viduitatis
1838 1510 2002 1540 desolatio
2025 1519 2084 1548 per
2109 1512 2164 1540 tue
2193 1511 2301 1540 dulcis

1293 1562 1536 1591 consolationis
1578 1563 1765 1592 remedium
1803 1563 1964 1592 leniatur:
2003 1565 2106 1601 tuque
2140 1564 2301 1593 merearis

1293 1615 1413 1645 exinde
1436 1615 1572 1645 celestis
1601 1616 1885 1645 remunerationis
1915 1616 2125 1654 plenitudiue
2148 1626 2183 1646 ae
2207 1626 2302 1654 apos-

1292 1668 1390 1697 tolice
1406 1667 1652 1699 benedictionis
1668 1669 1774 1708 gratia
1793 1669 1963 1707 (Ὁ[110511151
1980 1670 2160 1707 prex-eniri.
2180 1671 2300 1700 Datum

1293 1721 1380 1759 apud
1413 1721 1701 1757 L'rbemveterem,
1728 1732 1762 1750 111
1791 1731 1895 1751 nonas
1921 1723 2045 1757 martii,
2071 1731 2156 1752 anno
2183 1723 2252 1753 1110.
2285 1734 2299 1751 ))

1432 1295 1585 1325 relictam
1608 1296 1814 1326 marchionis
1830 1297 1992 1335 ejusdem,
2018 1297 2078 1327 tibi
2099 1299 2302 1336 propensius

1383 1880 1455 1910 782
1841 1879 1963 1910 Ori-icto,
1981 1881 2014 1905 20
2032 1879 2134 1905 t'evrier
2155 1879 2230 1905 1202.

1329 1958 1530 1992 Insrascriptos
1546 1957 1678 1984 hortatur
1695 1960 1723 1984 ut
1741 1958 1905 1992 (elpizonem,
1923 1957 2120 1983 marchionem
2141 1957 2300 1983 Esteusem.

1292 2008 1406 2033 t'oveaut
1432 2010 1457 2033 et
1490 2007 1517 2033 in
1541 2006 1727 2033 defendendis
1753 2006 1890 2033 ecelesiae
1912 2006 2024 2040 juribus
2050 2009 2148 2032 contra
2181 2005 2301 2032 rebelles

1291 2058 1405 2090 praesto
1426 2056 1492 2082 siut.
1517 2057 1595 2085 (Hice.
1617 2056 1661 2085 28,
1678 2056 1724 2082 sol.
1744 2057 1789 2082 923.
1810 2063 1869 2082 cur.
1890 2063 1956 2081 anu.
1974 2055 2020 2086 ΙΙΙ,
2039 2060 2070 2081 u⁰
2088 2055 2137 2089 483
2156 2056 2302 2081 l'orruxsr

1294 2106 1400 2140 lssos.)

1332 2220 1346 2235 α
1369 2207 1472 2237 Nobili
1491 2209 1556 2237 viro
1577 2233 1583 2238 .
1607 2232 1612 2236 .
1632 2207 1702 2237 (luci
1725 2212 1750 2235 ct
1768 2206 1916 2235 communi
1941 2205 2127 2234 Venetorum.
2146 2205 2302 2235 (1115111νί-

1291 2271 1367 2291 mus
1380 2261 1618 2292 amaritudinis
1636 2261 1786 2294 calicem,
1806 2260 1959 2290 intimato
1977 2259 2074 2289 nobis
2085 2258 2178 2288 obitu
2198 2268 2300 2297 quon-

1291 2315 1367 2345 dam
1391 2315 1529 2351 Azouis,
1554 2314 1758 2344 marchionis
1778 2313 1944 2347 Estensis,
1970 2320 2028 2341 sue
2047 2320 2129 2350 pure
2150 2312 2301 2341 devotio—

1291 2369 1344 2398 nis
1371 2370 1446 2403 etc.,
1473 2370 1507 2398 ut
1532 2368 1565 2397 in
1592 2367 1760 2406 superiori
1790 2375 1896 2404 usque
1924 2365 2130 2394 claruerunt.
2161 2365 2211 2393 Ex
2240 2364 2300 2394 hoc

1260 2422 1261 2432 ¹
1291 2421 1452 2460 profecto,
1486 2430 1545 2451 nec
1572 2421 1709 2453 mirum,
1739 2420 1772 2448 in
1796 2418 1892 2448 vohis
1925 2418 2027 2448 etiam
2051 2417 2178 2447 doloris
2204 2416 2301 2447 debet

1291 2483 1392 2505 causa
1409 2482 1622 2513 consurgere,
1641 2482 1717 2503 cum
1732 2480 1932 2510 prosperum
1950 2472 2074 2500 statum
2090 2472 2239 2500 vestrum
2256 2469 2301 2499 di-

1291 2528 1413 2558 lexerit
1429 2528 1596 2566 fueritque
1619 2525 1734 2556 stabili
1753 2524 1940 2558 vobiscum,
1961 2526 1995 2554 ut
2016 2523 2198 2557 credimus,
2220 2531 2300 2552 una-

1291 2581 1444 2611 nimitate
1467 2580 1677 2618 conjunctus.
1702 2579 1898 2616 Propterea,
1923 2585 1963 2606 ne
1988 2576 2021 2605 in
2048 2577 2228 2615 conspectu
2251 2584 2302 2606 eo-

1291 2643 1365 2664 rum
1385 2642 1469 2673 quos
1490 2633 1654 2663 dilexisse
1675 2631 1892 2669 comperitur,
1916 2637 2038 2659 nomen
2055 2629 2129 2668 ejus
2147 2628 2302 2658 videatur

1261 2702 1262 2705 =
1290 2687 1434 2726 periisse
1457 2695 1532 2716 cum
1551 2693 1661 2721 carne,
1687 2693 1747 2713 nos
1770 2685 1801 2713 et
1823 2692 1883 2713 vos
1904 2684 2058 2712 tenemur
2079 2690 2155 2712 eum
2178 2681 2301 2712 habere

1290 2739 1453 2770 memorie
1474 2739 1572 2777 quasi
1596 2738 1724 2771 vivum,
1743 2745 1779 2766 ac
1801 2736 1834 2766 in
1856 2735 1978 2765 dilecto
2000 2735 2082 2769 filio,
2104 2733 2210 2764 nobili
2228 2735 2300 2764 viro

1291 2793 1454 2831 Opizone,
1471 2793 1590 2830 nepote
1606 2800 1642 2821 ac
1659 2789 1781 2820 herede
1798 2789 1918 2828 ipsius,
1938 2797 1997 2827 per
2018 2787 2157 2826 gratiosi
2175 2787 2301 2817 favoris

1292 2845 1537 2877 exhibitionem
1554 2843 1732 2874 ostendere
1749 2842 1905 2873 affectum
1923 2841 2075 2871 habitum
2094 2849 2172 2880 erga
2190 2840 2300 2874 illum,

1292 2899 1440 2929 maxime
1457 2906 1533 2928 cum
1548 2898 1704 2936 nepotem
1721 2896 1833 2934 ipsum
1853 2894 1915 2924 sul)
1930 2895 2046 2925 nostra
2062 2895 2094 2924 et
2109 2894 2195 2924 dicte
2210 2893 2301 2923 sedis
