2547 3289
245 243 300 271 136

243 320 362 350 etenim
380 319 492 348 eadem
509 318 659 347 Romana
675 323 803 353 semper
821 313 984 344 affectavit
999 312 1141 343 ecclesia
1159 314 1189 342 et
1207 312 1247 341 ad

245 374 302 402 hec
326 371 551 402 indesinenter
572 377 630 398 3110
653 367 800 397 studium
820 365 1097 396 considerationis
1120 365 1248 394 intlexit

244 427 279 455 ut
302 425 480 455 (irrecornm
500 421 639 451 ecclesia
661 428 720 451 sue
743 421 931 449 reticeretur
956 419 1036 448 lacte
1059 418 1249 448 dulcedinis

243 485 365 515 sueque
377 475 544 505 affluentis
557 474 752 503 educaretur
763 472 922 502 uberibus
934 471 1091 505 caritatis,
1106 471 1151 500 ita
1162 471 1249 509 quod

244 530 329 559 ovile
343 528 543 557 dominicum
561 526 622 556 sub
639 526 739 555 unius
756 525 898 564 pastoris
914 524 1075 561 regimine
1092 524 1249 553 alimenta

243 582 388 612 doctrine
405 580 560 609 salutaris
577 579 739 617 acciperet
754 579 784 608 et
805 586 923 608 nomen
943 576 1081 607 Domini
1103 576 1166 606 sub
1183 585 1248 606 uno

245 644 319 665 vere
339 633 414 663 fidei
438 633 589 669 dogmate
608 632 723 661 utilius
745 632 776 661 et
795 630 964 660 salubrius
985 630 1165 660 invocaret.
1185 629 1250 660 Vo-

245 688 346 717 1011103
362 686 483 724 itaque,
501 685 685 723 quinimmo
710 685 777 714 toto
804 683 924 713 mentis
943 683 1114 722 cupientes
1134 683 1250 712 affectu

245 742 307 769 tam
331 739 403 769 utili
423 740 554 776 tamque
577 738 746 768 fructuoso
765 736 916 766 tractatui
935 736 1110 774 diligenter
1133 736 1165 765 et
1188 735 1249 765 fer·
1280 728 1282 751 ³

244 794 356 823 venter
375 792 527 821 insistere
545 799 581 820 ac
601 791 730 820 nostros
752 791 884 828 propter
902 789 962 819 1100
981 788 1021 818 ad
1038 790 1068 819 te
1086 789 1250 827 apocrisa-

242 847 310 876 rios
325 845 420 884 juxta
442 843 629 882 imperialis
652 843 821 882 petitionis
845 842 1048 872 desiderium
1072 842 1250 875 destinare,

244 898 435 929 memoratis
452 899 506 927 tue
522 896 732 927 celsitudinis
751 895 877 926 nuntiis
895 897 1031 934 paterna
1047 895 1251 933 benignitate
1281 886 1282 903 ³

244 951 477 990 respondimus
493 950 580 988 1111011
597 950 683 979 circa
701 949 878 979 mittendas
894 949 934 979 ad
953 950 982 978 te
999 957 1158 986 personas
1174 948 1251 986 ydo—

246 1014 335 1038 110113,
364 1004 395 1033 111
427 1011 567 1042 quarum
599 1011 654 1032 ore
685 1002 787 1032 verba
815 1001 1043 1040 responsionis
1073 1001 1252 1040 apostolice

244 1057 455 1096 ponerentur,
471 1056 610 1086 libenter
625 1057 679 1085 tue
695 1055 964 1085 satisfaceremus
976 1054 1182 1093 beneplacito
1201 1062 1253 1084 vo-

245 1109 392 1140 luntatis.
412 1109 499 1139 Licet
522 1117 611 1147 ergo,
629 1108 756 1138 eisdem
779 1107 845 1137 tuis
864 1107 1094 1136 recedentibus
1112 1106 1252 1140 nuntiis,

246 1163 407 1192 vellen‘ius
434 1162 544 1191 nostre
570 1169 670 1199 super
696 1160 756 1190 hoc
783 1159 976 1189 intentionis
1003 1159 1155 1190 affectum
1179 1168 1251 1197 pro-

246 1215 376 1249 ducere,
399 1215 528 1244 favente
553 1213 709 1249 Domino,
729 1212 878 1243 celeriter
903 1213 942 1242 ad
967 1213 1129 1247 effectum,
1156 1212 1254 1250 longa

245 1270 355 1298 tamen
373 1268 433 1297 loci
459 1267 617 1297 distantia
640 1267 673 1296 in
691 1275 756 1305 quo
776 1266 885 1296 dilecti
911 1265 972 1295 tilii
990 1266 1116 1303 Symon
1136 1265 1174 1295 de
1197 1265 1253 1295 Al-

246 1321 373 1356 vernia,
387 1320 506 1350 Petrus
522 1320 560 1349 de
576 1319 696 1354 Moms,
713 1319 833 1349 Petrus
846 1319 885 1348 de
899 1318 1007 1348 Crista
1020 1319 1051 1348 et
1066 1318 1253 1348 Bonifatius

247 1373 558 1411 ‹leroria,f1·ati·es
570 1372 697 1402 ordinis
710 1372 888 1405 Minorum,
900 1371 1022 1401 latores
1034 1371 1254 1408 presentium,

247 1425 438 1464 apocrisarii
461 1425 576 1459 nostri,
601 1426 678 1454 tunc
701 1424 860 1462 temporis
882 1423 1106 1459 morabantur,
1132 1423 1254 1453 nostris

246 1488 344 1517 super
363 1478 422 1507 hoc
446 1478 531 1507 votis
550 1478 635 1507 ultra
657 1485 748 1515 spem
774 1478 919 1506 nostram
942 1476 1151 1506 obstaculum
1168 1476 1253 1506 dila—

247 1531 347 1561 tionis
363 1530 511 1569 ingessit.
529 1530 644 1560 Infesti
657 1538 789 1568 quoque
806 1538 968 1565 1111110103,
984 1538 1046 1568 que
1061 1529 1101 1559 ad
1116 1529 1254 1560 audien·

248 1585 325 1614 tiam
351 1585 496 1613 nostram
520 1583 628 1613 medio
651 1584 798 1621 tempore
824 1584 1058 1621 pervenerunt,
1083 1583 1122 1612 de
1146 1591 1255 1621 perse-

247 1637 448 1671 cutionibus,
477 1636 723 1671 vexationibus,
753 1636 917 1666 molestiis
944 1636 975 1666 et
1000 1636 1168 1675 pressuris
1192 1644 1255 1674 que

249 1690 351 1720 nobili
368 1690 439 1719 viro
456 1690 482 1719 (i
491 1689 639 1719 uillelmo
655 1689 694 1719 de
706 1689 932 1723 Villarduino,
950 1688 1095 1727 principi
1109 1688 1256 1726 Achaye,

248 1743 464 1772 devotissimo
490 1743 601 1780 utique
620 1742 705 1772 dicte
731 1741 847 1772 matris
870 1741 1007 1771 ecclesie
1030 1741 1257 1780 fili0,ejusque

250 1796 344 1825 terris
368 1797 398 1825 et
418 1795 537 1825 insulis
560 1803 596 1824 ac
615 1794 744 1824 Latinis
762 1794 970 1824 morantibus
990 1794 1023 1824 in
1042 1794 1180 1829 eisdem,
1200 1802 1258 1832 per

251 2008 418 2046 proposito
438 2015 494 2036 nec
512 2006 544 2036 in
563 2006 677 2036 eadem
691 2007 859 2036 voluntate
873 2006 1048 2044 persistere
1066 2007 1258 2036 credereris.

252 2060 501 2095 Verumtamen,
529 2059 607 2097 qnia
633 2059 714 2089 tanti
743 2059 822 2088 boni
848 2059 1034 2097 prosecutio
1064 2068 1129 2089 non
1154 2059 1261 2097 potuit
1288 2064 1289 2067 ’

252 2113 337 2151 apud
357 2121 415 2142 nos
431 2121 489 2141 nec
503 2112 617 2141 debuit
633 2120 689 2150 per
705 2111 816 2149 aliquo
833 2112 838 2140 l
855 2113 1161 2150 qnantunicumque
1180 2112 1262 2142 veri—

253 2165 362 2195 simile
381 2165 592 2195 retractivmn
610 2164 753 2194 finaliter
768 2165 934 2203 impediri,
947 2173 1021 2194 cum
1038 2165 1157 2195 ceteris
1173 2173 1262 2195 men-

254 2218 293 2248 tis
317 2219 426 2247 nostre
445 2217 724 2247 desiderabilibus
745 2217 776 2246 id
796 2217 986 2255 specialiter
1003 2218 1209 2255 proferamus
1227 2219 1262 2248 ut

252 2270 441 2301 Christiana
458 2270 552 2309 plebs
569 2270 630 2300 sub
648 2270 828 2300 orthodoxe
849 2270 1054 2308 professione
1072 2270 1148 2300 fidei
1165 2272 1262 2309 atque

253 2324 343 2353 cultu
362 2324 513 2362 proficiat
530 2325 561 2353 et
578 2324 612 2353 in
630 2323 715 2353 idem
734 2323 944 2352 individuum
967 2323 1144 2362 collegium
1164 2325 1264 2353 11111113

254 2377 393 2415 pastoris
419 2376 580 2406 solidetur
613 2376 804 2414 magisterio
833 2377 864 2405 et
890 2376 1040 2405 custodia
1069 2376 1261 2412 inunia1ur3

253 2439 326 2460 ecce
341 2430 503 2468 predictos
521 2429 648 2463 fratres,
662 2429 754 2458 viros
768 2429 882 2466 utique
896 2429 1054 2466 religione
1067 2430 1264 2468 conspicuos

253 2485 284 2513 et
309 2483 341 2512 in
368 2483 438 2521 lege
459 2482 594 2512 Domini
615 2482 773 2516 eruditos,
799 2482 955 2520 pacificos
977 2483 1008 2512 et
1026 2491 1154 2512 ramum
1177 2483 1263 2513 olive

257 2536 287 2566 in
305 2545 358 2565 ore
374 2536 551 2571 gestantes,
570 2535 721 2564 veritatis
734 2535 924 2573 evangelice
942 2536 1158 2573 professores,
1177 2545 1264 2565 ama-

255 2591 341 2617 tores
366 2590 393 2618 et
418 2589 560 2618 cultores
582 2588 795 2622 humilitatis,
821 2588 877 2625 11111
904 2588 1072 2618 Christum
1095 2589 1263 2626 sequendo

258 2649 446 2678 pauperem,
465 2640 577 2670 seculo
592 2648 667 2670 cum
679 2640 751 2670 suis
767 2640 895 2669 divitiis
910 2642 939 2670 ct
952 2641 1080 2671 deliciis
1094 2641 1262 2676 derelicto,

257 2694 296 2722 ad
316 2693 419 2723 30111111
437 2693 591 2723 celestem
609 2693 749 2731 patriam
768 2694 834 2723 tota
850 2694 971 2723 mentis
989 2694 1169 2724 intentione
1193 2703 1264 2724 sus·

256 2746 376 2784 pirant,
394 2746 433 2775 ad
450 2747 538 2776 tuam
556 2746 819 2784 magnittulinem
839 2747 1006 2784 tamquam
1024 2747 1115 2785 pacis
1130 2747 1265 2785 angelos

256 2798 295 2828 de
319 2797 459 2827 fratrum
484 2800 670 2828 nostrorum
693 2799 835 2828 consilio
852 2799 1070 2835 destinamuS,
1095 2801 1265 2837 sperantes

258 2851 291 2879 in
315 2850 371 2880 illo
394 2850 462 2888 qui,
483 2860 589 2881 arcem
612 2851 787 2889 possidens
811 2851 958 2886 unitatis,
981 2851 1190 2882 universitati
1214 2861 1264 2882 re-

258 2912 342 2938 rum,
362 2911 444 2941 quas
468 2903 624 2937 condidit,
639 2912 697 2934 sue
719 2904 897 2940 vestigium
922 2904 1058 2934 unitatis
1082 2905 1261 2943 impressit.

998 231 1248 262 REGISTRES
1272 231 1485 262 D'URBAIN
1508 231 1567 260 IV.

1311 320 1370 350 per
1387 321 1486 350 quam
1502 312 1542 341 ad
1559 320 1657 342 suum
1678 312 1879 351 principium
1895 313 2112 345 recurrentes.
2132 311 2166 342 in
2185 320 2222 342 οο
2240 313 2319 342 1001-

1311 365 1406 403 piunt
1429 365 1643 404 perfectionis
1666 365 1766 395 finem
1789 374 1807 395 a
1831 373 1896 403 quo
1918 364 2123 395 subsistendi
2148 373 2319 402 sumpsere

1309 418 1542 456 primordium,
1561 417 1648 456 quod
1671 426 1769 448 aures
1786 417 1970 456 imperialis
1992 417 2262 447 mansuetudinis
2279 417 2319 447 ad

1310 471 1502 501 eorumdem
1530 470 1670 500 fratrum
1695 470 1855 501 salutaria
1876 469 2003 500 monita
2026 470 2203 499 efficaciter
2225 469 2320 499 incli-

1310 523 1404 553 nabit
1425 523 1551 562 tibique
1575 523 1697 554 tribuet
1719 532 1759 553 ex
1787 523 1851 553 alto
1879 523 2036 553 virtutem
2059 522 2224 561 cogitandi
2248 522 2320 552 vias

1310 576 1447 606 Domini
1466 577 1606 614 tuosque
1625 576 1725 615 pedes
1742 576 1776 606 in
1796 576 1867 614 ejus
1883 576 2073 606 testimonia
2094 574 2320 610 convertendi,

1311 629 1452 668 preduce
1477 629 1609 660 caritate
1636 637 1712 668 que,
1738 629 1824 659 sicut
1851 629 2035 658 litterarum
2065 630 2195 658 tuarum
2224 627 2322 658 habet

1311 683 1462 717 assertio,
1480 683 1574 712 tuum
1591 682 1749 712 excitavit
1762 683 1793 712 et
1807 681 1939 711 induxit
1953 681 2135 719 Imperium
2151 681 2191 710 ad
2207 688 2321 719 pacem

1312 744 1330 765 a
1345 735 1442 765 nobis
1458 736 1490 765 et
1500 735 1710 765 concordiam
1727 734 1962 773 requirendam
1978 736 2009 764 et
2020 742 2120 773 super
2131 742 2197 772 qua
2208 733 2321 767 etiam,

1313 789 1415 818 veluti
1427 797 1527 828 super
1538 788 1683 819 solidum
1696 788 1960 822 fundamentum,
1974 787 2160 817 litterarum
2173 787 2320 825 ipsarum

1312 843 1512 872 structuram
1524 842 1620 880 quasi
1633 841 1776 871 totaliter
1787 840 1934 871 erexisti.
1946 841 1987 870 Et
2000 840 2074 870 ideo
2088 848 2148 870 nos
2159 839 2216 878 qui
2231 839 2322 868 vices

1315 896 1417 930 illius,
1435 895 1511 925 licet
1533 895 1864 930 immeriti,tenemus
1888 894 1922 923 in
1939 893 2050 928 terris,
2073 893 2131 931 qui
2153 892 2322 922 caritatem

1314 949 1436 984 docuit,
1455 948 1624 979 caritatem
1648 947 1779 982 dilexit,
1799 947 1969 977 caritatem
1990 946 2131 976 ostendit
2156 947 2187 975 et
2208 945 2323 975 carita-

1314 1001 1379 1029 tem
1403 1000 1495 1030 misit
1517 1000 1551 1030 in
1574 1001 1749 1036 mundum,
1771 1001 1873 1031 verba
1894 1000 2040 1030 caritatis
2063 1009 2081 1029 a
2103 1001 2133 1030 te
2152 998 2322 1038 proposita

1315 1053 1347 1083 in
1368 1053 1438 1092 ipso
1455 1054 1560 1092 primo
1578 1054 1770 1084 earumdem
1793 1053 1929 1084 exordio
1948 1053 2132 1083 litterarum
2151 1051 2323 1082 caritative

1315 1107 1501 1145 recepimus
1523 1108 1553 1137 et
1576 1107 1716 1137 libenter
1738 1106 1942 1142 audivimus,
1960 1107 2031 1137 Deo
2046 1106 2100 1144 qui
2122 1105 2243 1135 caritas
2261 1105 2321 1139 est,

1315 1159 1479 1189 labiorum
1513 1161 1701 1190 nostrorum
1724 1161 1857 1198 propter
1880 1159 1941 1190 hoc
1964 1159 2089 1189 vitulos
2113 1158 2324 1188 immolantes

1314 1221 1351 1242 ac
1369 1212 1485 1242 devote
1508 1213 1735 1251 supplicantes
1752 1213 1859 1242 eidem
1883 1214 1917 1242 ut
1934 1214 1963 1242 te
1985 1220 2044 1251 per
2062 1220 2156 1241 suam
2179 1211 2323 1241 clemen-

1313 1266 1394 1295 tiam
1425 1265 1464 1294 ad
1494 1265 1586 1295 illius
1612 1273 1688 1296 vere
1715 1264 1864 1295 caritatis
1891 1265 2050 1303 perducat
2077 1265 2240 1299 ellectum,
2266 1271 2325 1302 per

1314 1326 1411 1356 quam
1428 1318 1462 1348 in
1480 1318 1551 1348 Deo
1570 1326 1705 1348 maneas
1721 1319 1752 1347 et
1772 1318 1864 1348 Deus
1882 1318 1917 1347 in
1938 1318 1968 1347 te
1985 1317 2140 1355 dignetur
2155 1318 2325 1354 tamquam

1282 1395 1283 1403 1
1314 1371 1348 1400 111
1373 1379 1433 1400 3110
1456 1370 1645 1400 habitaculo
1668 1379 1875 1408 permanere.
1898 1371 1950 1400 Ex
1967 1370 2038 1400 zelo
2057 1378 2200 1408 namque
2221 1369 2325 1399 since-

1315 1424 1447 1454 rissime
1471 1424 1617 1454 caritatis
1634 1424 1751 1462 procul
1767 1423 1868 1454 dubio
1886 1423 2063 1462 procedere
2082 1423 2216 1453 noveris
2236 1421 2325 1461 quod

1316 1477 1356 1506 ad
1368 1478 1398 1506 te
1411 1478 1441 1506 et
1453 1477 1493 1507 ad
1505 1478 1641 1507 cunctos
1653 1477 1806 1516 populos,
1819 1485 1902 1515 quos
1915 1478 2010 1506 tuum
2023 1476 2106 1515 regit
2119 1478 2148 1506 et
2165 1475 2327 1514 gubernat

1316 1529 1505 1568 imperium,
1533 1531 1568 1559 ut
1595 1530 1636 1559 ad
1662 1529 1822 1560 unitatem
1845 1529 1988 1560 redeatis
2014 1528 2222 1562 catholicam,
2249 1527 2327 1558 totis

1316 1582 1501 1612 clamamus
1517 1582 1689 1613 affectibus
1704 1584 1734 1613 et
1750 1591 1811 1613 vos
1825 1584 1860 1612 ut
1872 1582 1912 1612 ad
1929 1582 2041 1613 sinum
2057 1581 2174 1611 matris
2189 1580 2327 1611 ecclesie

1317 1635 1559 1666 convertamini
1575 1636 1737 1674 promptis
1757 1636 1934 1666 desideriis
1951 1635 2146 1669 invitamus,
2169 1633 2328 1672 quoniam

1316 1688 1509 1727 hujusmodi
1535 1689 1614 1718 unio
1641 1689 1713 1719 sive
1740 1689 1902 1719 connexio
1931 1688 2100 1722 salutaris,
2127 1687 2156 1717 si
2185 1687 2328 1726 placeret

1286 1758 1287 1786 3
1317 1742 1490 1772 Altissimo
1504 1742 1591 1780 1111011
1610 1742 1734 1772 11031113
1752 1744 1781 1772 01
1805 1742 1871 1772 11113
1889 1741 2094 1780 temporibus
2115 1740 2219 1775 fieret,
2238 1738 2330 1770 cordi

1318 1797 1432 1824 nostro
1448 1794 1691 1825 inextimabilis
1706 1795 1819 1834 gaudii
1836 1803 1942 1825 rorem
1959 1794 2148 1824 infunderet
2164 1795 2194 1823 et
2213 1792 2329 1823 ancxie

250 1849 294 1879 tui
322 1848 411 1878 vires
435 1848 569 1887 Imperii
590 1848 715 1885 jugiter
737 1848 937 1883 inferuntur,
961 1847 1101 1877 celerem
1125 1847 1257 1886 expedi-
1287 1848 1288 1885 ζ

249 1903 372 1931 tionem
389 1901 564 1939 legationis
581 1900 774 1939 hujusmodi
792 1900 1012 1935 retardarunt,
1030 1908 1104 1929 cum
1123 1909 1181 1938 per
1198 1900 1259 1929 1111-
1287 1908 1288 1917 ³

245 1955 393 1991 jusmodi
407 1955 538 1984 tuorum
552 1962 689 1992 operum
701 1954 882 1983 novitatem
898 1953 1058 1983 resiliisse
1072 1963 1089 1983 a
1104 1954 1259 1992 concepto

1318 1849 1452 1886 propter
1482 1848 1542 1878 1100
1569 1850 1680 1878 nostre
1709 1848 1831 1878 mentis
1857 1848 2008 1878 ardorem
2038 1847 2206 1877 affluentis
2228 1846 2330 1876 letitie

1320 1900 1530 1939 refrigeraret
1548 1901 1686 1939 irriguo,
1705 1902 1921 1939 nostrumque
1940 1901 2089 1930 animum
2106 1907 2226 1939 panem
2242 1899 2330 1929 salu-

1320 1954 1362 1983 tis
1384 1954 1413 1983 et
1436 1953 1580 1983 fructum
1607 1954 1794 1984 animarum
1825 1953 2090 1984 desiderabiliter
2123 1952 2331 1991 appetentem

1320 2006 1442 2044 pabulo
1465 2007 1613 2037 reficeret
1632 2007 1788 2037 caritatis.
1808 2007 1902 2037 Tunc
1925 2007 2012 2037 enim
2033 2006 2129 2036 nobis
2151 2007 2182 2036 et
2201 2006 2265 2044 ipsi
2281 2013 2330 2035 ec-

1320 2059 1420 2089 clesie
1449 2060 1640 2097 proveniret
1671 2068 1829 2098 magnum
1859 2061 1889 2090 et
1920 2058 2142 2089 desiderabile
2173 2058 2331 2092 salutare,

1321 2120 1396 2141 cum
1415 2111 1606 2142 videremus
1625 2112 1737 2142 varias
1759 2113 1907 2149 gentium
1928 2112 2080 2141 nationes
2103 2111 2164 2140 snb
2183 2110 2331 2149 ejusdem

1322 2165 1534 2195 observantia
1552 2166 1628 2195 111101
1653 2165 1685 2195 111
1704 2174 1807 2195 unum
1827 2165 2061 2203 acceptabilem
2079 2164 2210 2194 Christo
2228 2172 2332 2203 popu-

1323 2218 1390 2247 lum
1408 2220 1632 2256 congregatas.
1651 2219 1745 2248 Tunc
1762 2227 1818 2257 per
1836 2218 2027 2248 universam
2045 2217 2217 2247 ecclesiam
2236 2218 2331 2247 inun—

1321 2271 1431 2300 dantis
1447 2271 1659 2309 jubilationis
1676 2273 1861 2310 crumperet
1884 2271 2067 2309 plenitudo,
2085 2279 2158 2300 cum
2177 2271 2249 2309 ejus
2265 2271 2333 2300 ute-

1323 2332 1379 2353 rus
1416 2323 1528 2353 sobole
1563 2325 1730 2362 geminata
1763 2333 1975 2354 concrescere
2007 2325 2206 2354 cerneretur.
2240 2324 2334 2354 Tunc

1322 2377 1421 2406 etiam
1445 2377 1647 2407 exultatione
1671 2377 1776 2407 nimia
1799 2377 1997 2415 ylaresceret
2019 2378 2106 2406 101113
2130 2376 2231 2411 orbis,
2256 2376 2335 2415 quia

1324 2429 1419 2460 valde
1442 2430 1565 2460 bonnm
1594 2431 1623 2460 et
1647 2430 1830 2469 jocundum
1858 2430 2015 2460 existeret
2038 2430 2155 2459 fratres
2177 2429 2277 2459 31111111
2300 2429 2334 2459 111

1323 2482 1420 2512 1101110
1446 2483 1579 2513 Domini
1606 2483 1767 2513 habitare.
1791 2483 1873 2519 1100,
1899 2483 2046 2521 inquam,
2072 2482 2190 2512 dennis
2213 2483 2260 2512 est
2283 2490 2334 2512 ec-

1323 2535 1424 2565 clesia
1448 2536 1573 2566 Christi
1592 2537 1732 2566 tirmiter
1754 2536 1907 2566 edificata
1923 2537 1954 2566 et
1974 2536 2058 2565 bene
2077 2535 2212 2565 fundata
2234 2543 2335 2573 supra

1325 2588 1454 2618 firmam
1480 2591 1607 2627 petram
1637 2589 1713 2618 fidei
1742 2588 1934 2622 orthodoxe,
1961 2596 2060 2626 quam
2090 2588 2159 2626 ipse
2183 2587 2336 2618 Christus

1324 2650 1383 2671 suo
1407 2641 1560 2671 fundavit
1583 2642 1744 2680 sanguine
1769 2642 1912 2680 pretioso
1936 2644 1965 2671 et
1988 2642 2021 2672 in
2044 2651 2108 2680 qua
2128 2640 2336 2671 multitudini

1324 2694 1530 2724 credentium
1545 2696 1591 2724 est
1609 2703 1664 2725 cor
1679 2703 1781 2724 unmn
1793 2697 1822 2725 et
1837 2696 1948 2724 anima
1963 2704 2038 2728 una,
2053 2704 2141 2725 unus
2156 2694 2334 2726 Dominus,

1324 2756 1390 2776 nna
1410 2747 1492 2777 tides
1508 2749 1537 2777 et
1557 2756 1660 2777 unum
1678 2747 1854 2786 baptisma,
1879 2749 1909 2777 et
1929 2748 1960 2777 in
1977 2757 2042 2786 qua
2059 2749 2157 2778 etiam
2177 2748 2241 2777 tota
2259 2745 2336 2776 fide-

1325 2800 1407 2829 lium
1425 2800 1603 2830 multitudo
1626 2801 1683 2830 uni
1704 2801 1834 2840 corpori
1852 2803 2072 2839 comparatur,
2092 2801 2220 2830 dicente
2241 2807 2335 2838 apos-

1326 2853 1392 2883 tolo
1416 2863 1421 2881 :
1446 2865 1460 2879 «
1484 2853 1580 2883 Multi
1604 2862 1708 2883 unum
1731 2862 1852 2892 corpus
1875 2862 1991 2884 sumus
2012 2853 2044 2884 in
2067 2853 2214 2886 Christo,
2240 2852 2336 2890 quus

1326 2905 1461 2944 quidem
1477 2907 1625 2945 corporis
1643 2906 1753 2937 unitas
1770 2915 1789 2936 a
1804 2907 1942 2945 spiritus
1961 2907 2085 2936 unitate
2102 2905 2261 2945 procedit,
2278 2905 2337 2944 qui
