2547 3289
281 239 340 268 370

281 322 317 350 ut
348 321 380 349 in
411 320 588 358 superiori,
619 318 730 348 verbis
761 318 989 355 competenter
1010 317 1160 346 mutatis.
1181 325 1286 354 usque
1318 320 1319 323 ’

282 373 530 403 committentes
546 371 667 401 eidem.
684 371 769 405 Quia
784 380 860 399 vero
879 369 975 398 nobis
991 369 1080 399 cordi
1099 372 1144 399 cst
1165 371 1198 398 ut
1215 378 1288 398 nos-
1318 382 1319 387 ¹

281 425 343 455 tris
362 427 392 454 et
410 425 558 462 ejusdem
570 422 939 461 regisl‘veneplacitisin
955 422 1014 451 hac
1024 425 1117 460 parte
1135 422 1289 451 celeriter
1318 425 1319 433 ¹

281 478 435 511 satisfiat,
462 477 706 506 fraternitatem
734 477 824 505 tuam
857 484 1034 505 monemus
1061 477 1088 505 ct
1115 475 1290 504 hortamur

281 532 416 565 attento,
453 530 650 558 mandantes
684 529 844 567 quatinus
873 528 980 558 dictos
1014 528 1213 566 magistrum
1258 530 1287 557 et

281 584 401 612 fratres
423 582 463 611 ad
485 582 514 610 id
538 590 674 611 monere
697 581 841 611 sollicite
869 592 905 611 ac
928 581 1110 611 esticaciter
1133 581 1288 610 inducere

280 636 430 665 studiose
451 643 620 672 procures„
639 644 754 664 eorum
775 644 873 673 quam
903 635 935 664 in
963 634 1022 663 hoc
1054 634 1288 663 desideramus
1318 655 1319 658 η

280 688 467 718 obedientie
490 688 789 726 promptitudinem
819 688 1018 726 quantocius
1048 687 1286 725 rescripturus.

278 742 401 771 Datum
419 743 453 771 ut
470 749 582 778 supra.

319 848 355 877 In
379 848 520 878 eundem
540 847 674 877 modum
690 847 797 877 eidem
817 846 1013 885 patriarche.
1034 846 1143 876 Habet
1160 848 1235 881 ete„
1253 848 1285 875 ut

1317 692 1319 704 t

278 901 310 930 in
329 902 474 930 secunda
499 909 605 939 usque
631 900 782 929 studiose
799 908 970 938 procures.
997 899 1091 934 Quod
1125 899 1153 929 si
1174 899 1286 929 Forsan
1316 897 1317 923 ἶ

277 954 453 984 memorati
473 954 633 992 magister
646 955 702 983 aut
721 954 842 983 fratres
859 953 890 982 in
908 953 1068 991 predictis
1083 952 1218 982 desides
1235 952 1286 982 vel
1316 949 1317 956 ¹

277 1008 497 1045 negltgentes,
526 1007 790 1036 contradictores
822 1006 945 1036 suerint
978 1006 1029 1036 vel
1064 1005 1219 1041 rebelles,
1250 1008 1286 1035 tu

276 1061 362 1099 ipsis
380 1060 579 1090 auctoritate
598 1060 712 1089 nostra
733 1059 883 1089 inhibere
901 1067 1072 1097 procures,
1106 1068 1145 1089 ne
1163 1059 1202 1088 ad
1220 1059 1285 1088 dic-

275 1115 345 1144 tum
365 1113 513 1143 osticium
533 1121 736 1151 quemquam
752 1113 887 1151 eligere,
910 1113 961 1142 vel
989 1112 1021 1141 in
1045 1112 1118 1150 ipso
1138 1112 1285 1151 aliquem

274 1167 452 1196 instituere
471 1168 527 1196 aut
551 1166 637 1196 illud
656 1166 756 1196 alicui
776 1166 939 1201 conferre,
961 1175 1019 1195 seu
1045 1166 1083 1195 de
1113 1166 1186 1204 ipso
1211 1174 1286 1195 con-

275 1221 328 1250 tra
353 1220 501 1249 mandati
537 1220 642 1250 nostri
674 1221 824 1249 tenorem
852 1218 1104 1257 quomodolibet
1130 1219 1285 1248 ordinare

276 1275 483 1311 presumant.
510 1273 581 1303 Nos
600 1273 690 1302 enim
711 1272 925 1303 decernimus
956 1272 1091 1302 irritum
1118 1273 1149 1301 et
1174 1272 1284 1306 inane,

275 1326 304 1355 si
322 1332 420 1356 secus
440 1326 617 1363 contigerit
651 1326 855 1364 attemptari.
892 1326 1061 1361 Ceterum,
1098 1325 1125 1354 si
1160 1325 1285 1363 aliquis

275 1380 390 1409 contra
413 1379 640 1417 predictorum
665 1378 825 1411 mandati,
853 1378 1066 1407 inhibitionis
1097 1379 1128 1407 et
1161 1377 1285 1407 decreti

272 1433 435 1467 tenorem,
454 1442 489 1461 se
510 1433 543 1461 in
560 1431 708 1461 officium
729 1431 916 1469 predictum
938 1431 1109 1460 intrudere
1125 1432 1181 1459 aut
1201 1430 1285 1460 illud

274 1494 435 1523 occupare
453 1484 505 1514 vel
523 1486 636 1514 tenere
654 1484 912 1522 presumpserit,
932 1483 972 1513 ab
991 1483 1184 1521 hujusmodi
1214 1492 1284 1521 pre-

274 1538 466 1575 sumptione
485 1538 594 1575 ipsuin
612 1546 671 1574 per
686 1545 863 1566 censuram
881 1536 1158 1570 ecclesiasticam,
1173 1536 1285 1574 appel-

273 1591 399 1620 latione
417 1592 581 1626 cessante,
604 1598 808 1628 compescas.
840 1589 1091 1619 Nichilominus
1122 1590 1284 1628 magistro

274 1645 305 1673 et
341 1643 503 1673 fratribus
534 1643 730 1673 memoratis
762 1643 940 1681 injungens
971 1643 1059 1681 quod
1090 1642 1285 1680 hujusmodi

274 1698 546 1735 presumptorem
571 1705 631 1734 pro
659 1698 853 1734 preceptore
882 1695 1016 1730 habere,
1045 1695 1097 1725 vel
1132 1695 1162 1725 ei
1194 1695 1285 1726 velut

273 1750 459 1788 preceptori
479 1749 625 1785 obedire,
646 1752 702 1779 aut
730 1750 841 1787 ipsum
868 1750 1041 1787 tamquam
1068 1749 1205 1778 fratrem
1232 1749 1285 1778 ad-

274 1801 418 1837 mittere,
437 1802 488 1831 vel
500 1802 549 1831 illi
562 1802 810 1832 communicare
827 1802 858 1831 in
873 1802 987 1840 aliquo
999 1810 1063 1831 non
1074 1803 1283 1840 presumant.

274 1855 543 1885 Contradictores
556 1857 706 1890 etc.,non
722 1854 936 1884 obstantibus
955 1855 1133 1884 contrariis
1148 1863 1286 1885 consue-

274 1907 450 1937 tudinibus
479 1908 529 1938 vel
558 1908 695 1938 statutis
727 1908 878 1945 ejusdem
908 1908 1050 1943 ordinis,
1078 1908 1283 1945 juramento,

275 1961 528 1990 confirmatione
550 1961 641 1990 sedis
663 1961 846 1999 apostolice
872 1961 923 1990 vol
946 1961 1012 1990 alia
1034 1961 1193 1990 firmitate
1217 1961 1285 1990 val-

275 2013 365 2049 latis,
391 2016 422 2044 et
449 2014 718 2053 quibuscumque
750 2015 950 2053 privilegiis,
986 2014 1209 2051 indulgentiis
1233 2015 1284 2044 vel

275 2066 411 2102 litteris,
445 2066 507 2096 sub
547 2076 757 2106 quacumque
791 2067 968 2096 verborum
1004 2067 1112 2096 t'orma
1144 2067 1284 2105 quibus-

275 2128 417 2157 cumque
436 2120 617 2155 concessis,
635 2129 693 2158 per
709 2128 772 2158 que
790 2120 998 2158 presentium
1017 2120 1154 2149 etl'ectus
1181 2120 1284 2158 impe-

275 2171 339 2201 diri
360 2172 469 2202 valeat
487 2173 538 2202 vel
554 2173 693 2208 ditl'erri,
715 2182 773 2202 seu
792 2173 820 2201 si
844 2172 1016 2210 aliquibus
1037 2173 1087 2201 est
1107 2172 1147 2201 ab
1167 2173 1283 2202 eadem

276 2226 353 2255 sede
392 2226 558 2255 indultum
588 2226 674 2264 quod
709 2226 879 2260 interdici,
912 2227 1197 2256 excommunicari
1232 2236 1285 2256 ne,-

274 2281 397 2317 queant
412 2279 464 2308 vel
483 2279 644 2318 suspendi
665 2288 723 2317 per
747 2279 879 2309 litteras
903 2279 1118 2317 apostolicas,
1145 2289 1208 2309 non
1240 2280 1284 2310 t'a-

273 2331 401 2361 cientes
418 2332 551 2370 plenam
570 2333 601 2362 et
617 2340 815 2370 expressam
842 2333 881 2361 de
908 2332 1009 2362 verbo
1027 2333 1067 2362 ad
1087 2332 1226 2363 verbum
1244 2334 1283 2363 de

273 2384 404 2414 indulto
416 2384 612 2423 hujusmodi
625 2385 840 2415 mentionem.
856 2386 893 2415 Et
915 2386 1052 2424 insuper
1066 2386 1284 2416 denuntietur

273 2437 401 2467 eisdem
443 2438 542 2476 quod,
576 2438 605 2467 si
639 2447 741 2477 super
768 2439 946 2476 premissis
976 2439 1103 2468 nostris
1147 2439 1283 2469 obedire

273 2490 442 2520 mandatis
467 2492 497 2520 et
525 2499 642 2530 preces
667 2491 747 2521 dicti
769 2491 857 2530 regis
888 2492 1049 2530 exaudire
1076 2494 1284 2531 contempse-

273 2543 350 2579 rint,
372 2552 432 2573 nos
450 2543 520 2573 illis
537 2552 653 2574 vocem
672 2544 809 2574 virtutis
827 2544 983 2574 dabimus
1001 2546 1032 2575 et
1056 2545 1223 2579 effectum,
1252 2548 1283 2576 et

272 2597 384 2634 preter
403 2596 668 2635 indignationem
687 2598 776 2636 regis
791 2606 890 2636 quarn
910 2606 975 2628 non
994 2598 1128 2637 indigne
1146 2600 1282 2637 propter

272 2648 524 2679 obauditionem
553 2659 689 2688 precum
708 2659 847 2680 suarum
871 2651 1052 2686 incurrent,
1086 2660 1164 2689 erga
1182 2660 1218 2681 se
1236 2652 1283 2681 af-

273 2701 396 2731 fectum
408 2705 571 2737 nostrum,
588 2704 706 2733 effectu
720 2704 869 2739 docente,
887 2704 1031 2734 sentient
1052 2704 1279 2734 innnutatum.

272 2755 395 2785 Datum
411 2757 446 2785 ut
463 2764 575 2794 supra.
598 2767 612 2782 »

1042 234 1282 264 [ilitus‘sRES
1306 233 1517 264 D‘URBAlN
1543 233 1598 262 lv.

1920 313 2044 347 Orrieto,
2065 314 2095 340 14
2113 321 2191 340 mars
2211 314 2286 341 1204.

1439 318 1511 348 7136

1385 398 1497 425 Exultat
1522 400 1551 424 et
1576 398 1699 424 laetatur
1718 398 1752 423 de
1780 396 1900 423 arbitrio
1918 400 1945 423 et
1972 397 2153 424 ordinatione
2172 406 2187 423 a
2210 397 2362 428 Ludovico,

1350 455 1415 481 rege
1436 447 1621 477 Francorum,
1639 446 1667 472 in
1686 445 1828 472 discordia
1844 445 1918 472 inter
1937 453 2034 480 regem
2056 448 2085 472 et
2105 446 2225 472 barones
2243 445 2363 480 Angliae

1349 497 1457 527 exorta,
1477 495 1590 523 edictis,
1615 502 1686 529 quac
1715 494 1873 528 approbare
1900 496 1927 520 et
1958 497 2019 520 rata
2050 494 2154 520 habere
2186 494 2362 528 procurabit,

1349 545 1461 578 quando
1481 544 1608 579 ejusdem
1626 543 1736 570 arbitrii
1749 542 1948 570 authenticum
1967 542 2195 569 instrumentum
2208 542 2361 577 acceperit.

1351 593 1428 624 (ttae.
1446 594 1490 620 28,
1510 592 1556 619 t'ol.
1575 594 1620 621 υἷι,
1637 600 1698 618 cur.
1717 600 1782 618 ann.
1804 591 1851 621 ΙΙΙ,
1873 597 1902 617 n⁰
1918 594 1975 625 52.)

1389 700 1404 719 «
1427 714 1432 719 .
1451 714 1455 718 .
1474 691 1540 730 reqi
1558 690 1746 719 Francorum
1770 689 1895 719 illustri.
1924 689 2125 720 Exsultantes
2162 690 2194 719 in
2224 690 2366 729 plenitu-

1349 744 1426 773 dine
1446 760 1490 772 —.
1510 744 1573 773 Sed
1592 752 1629 773 eo
1650 743 1833 781 specialius
1850 751 1990 781 regnum
2009 743 2130 781 Anglie
2155 743 2312 781 cupimus
2331 744 2364 773 in

1349 797 1523 826 concordie
1543 796 1789 834 tranquillitate
1809 804 1956 831 manere,
1977 805 2042 834 quo
2070 796 2155 825 illud
2179 796 2299 834 majori
2319 796 2365 825 af-

1350 850 1490 880 fectione
1507 850 1757 888 prosequimur,
1779 851 1809 879 et
1825 858 1890 888 quo
1909 849 2031 879 ferrent
2050 850 2226 887 precordia
2248 852 2363 879 nostra

1348 903 1526 933 molestius
1557 903 1596 935 si,
1627 903 1715 941 quod
1741 903 1840 937 absit,
1871 911 2010 940 regnum
2038 902 2151 940 ipsum
2182 902 2363 941 cujuslibet

1348 957 1463 986 vexari
1491 956 1697 994 contingeret
1717 955 1850 985 turbine
1869 955 2094 993 tempestatis.
2124 955 2196 985 Hoc
2224 956 2362 994 quidem

1348 1011 1398 1039 est
1415 1018 1554 1048 regnum
1572 1009 1659 1047 quod
1676 1008 1863 1047 apostolica
1881 1008 1979 1038 sedes
2000 1009 2150 1038 materne
2168 1008 2361 1039 benivolen-

1346 1062 1392 1093 tie
1411 1062 1505 1092 oculo
1524 1062 1673 1100 respicit,
1697 1061 1793 1099 cujus
1816 1061 1961 1091 libenter
1981 1061 2125 1091 intendit
2152 1061 2362 1100 profectibus

1348 1117 1379 1145 et
1398 1116 1430 1144 in
1447 1115 1543 1153 cujus
1562 1114 1737 1144 commodo
1757 1116 1788 1144 et
1808 1114 1916 1144 salute
1936 1114 2123 1152 plurimum
2155 1114 2360 1150 delectatur;

1347 1177 1485 1206 regnum
1504 1168 1536 1197 in
1555 1176 1620 1206 quo
1636 1168 1751 1197 divino
1771 1175 1909 1196 munere
1946 1167 2095 1205 presidet
2124 1175 2182 1197 rex
2207 1168 2362 1203 devotus,

1347 1222 1545 1252 carissimus
1577 1220 1718 1250 ecclesie
1736 1221 1886 1250 Romane
1915 1220 2018 1255 tilius,
2047 1222 2078 1250 et
2115 1219 2172 1249 ubi
2198 1220 2362 1251 catholica

1347 1275 1430 1304 tides
1451 1282 1553 1312 puros
1574 1275 1604 1303 ct
1624 1273 1761 1303 sedulos
1780 1272 1878 1302 habet
1901 1281 1960 1311 pro
1984 1282 2045 1302 sua
2065 1273 2272 1304 exaltatione
2296 1274 2364 1304 cul-

1346 1331 1446 1357 tores.
1469 1327 1613 1365 Ideoque
1630 1334 1749 1364 graves
1773 1325 1854 1355 olim
1878 1328 1908 1356 et
1933 1334 2067 1355 amaras
2092 1327 2307 1365 suscepimus
2328 1327 2362 1357 in

1346 1380 1444 1409 corde
1471 1382 1666 1417 puncturas,
1688 1379 1776 1417 quod
1806 1378 1914 1408 hostis
1939 1378 2078 1408 humani
2104 1379 2250 1417 generis,
2268 1379 2362 1418 pacis

1348 1433 1483 1463 emulus
1507 1434 1536 1472 et
1561 1432 1712 1461 scamlali
1738 1432 1930 1467 suscitator,
1958 1431 2075 1462 dulces
2103 1433 2288 1463 amaricare
2313 1441 2364 1463 sa-

1348 1487 1463 1524 tagens
1496 1485 1757 1523 tranquillitatis
1790 1485 1973 1515 christiane
2003 1485 2155 1521 delicias,
2187 1485 2220 1514 in
2244 1485 2363 1516 eodem

1346 1548 1448 1577 regno
1458 1538 1687 1568 dissentiones
1702 1540 1731 1568 et
1750 1538 1911 1568 scismata
1928 1538 2132 1576 procuravit.
2149 1539 2213 1569 Sed
2224 1539 2361 1569 demum

1346 1592 1608 1630 resumpsimus,
1623 1600 1681 1621 nec
1700 1591 1835 1625 mirum,
1853 1592 2013 1630 grandem
2025 1592 2058 1620 in
2076 1594 2186 1621 mente
2204 1591 2362 1627 letitiam,

1347 1645 1446 1684 quod,
1461 1645 1587 1683 iniquis
1600 1644 1752 1683 eJusdem
1768 1644 1876 1674 hostis
1892 1644 2069 1674 conatibus
2087 1653 2233 1683 superne
2247 1647 2363 1683 poten-

1346 1698 1391 1728 tie
1410 1698 1533 1728 virtute
1550 1698 1729 1736 repressis,
1752 1698 1928 1728 salutifere
1945 1698 2082 1727 unionis
2101 1698 2289 1737 integritas,
2309 1699 2363 1728 de—

1348 1751 1460 1781 testati
1478 1750 1747 1790 ‹ksirrldeformata
1759 1751 1915 1787 dissidio,
1927 1752 1984 1780 tuo
2001 1751 2291 1790 vigilietoperoso
2305 1751 2362 1780 mi·

1348 1804 1489 1834 nisterio
1500 1804 1624 1834 dicitur
1645 1806 1809 1842 reparata,
1829 1804 2070 1834 reformatione
2083 1813 2229 1843 congrua
2247 1804 2363 1835 subse-

1347 1859 1433 1888 cuta.
1443 1858 1493 1887 Ex
1509 1857 1635 1887 litteris
1649 1865 1794 1895 namque
1806 1857 1874 1887 tuis
1883 1860 1913 1887 et
1926 1857 2097 1887 carissimi
2111 1857 2288 1888 inChristo
2299 1857 2361 1887 filii

1346 1911 1465 1947 nostri,
1478 1911 1568 1949 regis
1579 1910 1766 1948 Anglorum
1782 1910 1940 1945 illustris,
1954 1910 2156 1948 accepimus,
2171 1910 2271 1948 quod,
2285 1919 2361 1940 cum

1347 1972 1448 2002 super
1467 1963 1648 1993 discordiis
1668 1965 1700 1993 et
1719 1963 1960 1993 controversiis
1980 1963 2067 1993 inter
2085 1964 2228 1993 eundem
2249 1972 2362 2003 regem

1347 2019 1377 2046 et
1395 2016 1502 2054 ipsius
1516 2015 1608 2054 regni
1625 2015 1768 2045 barones
1785 2016 1872 2045 circa
1888 2015 1995 2045 multa
2009 2016 2039 2044 et
2061 2016 2152 2045 varia
2172 2015 2360 2052 suscitatis,

1346 2069 1380 2098 in
1398 2071 1428 2098 te
1451 2068 1571 2098 suisset
1588 2077 1605 2097 a
1633 2067 1787 2106 partibus
1812 2068 1852 2097 de
1878 2068 1944 2097 alto
1971 2070 2001 2098 et
2031 2067 2131 2097 basso
2151 2068 2363 2099 concorditer

1346 2121 1642 2159 co111pi·‹.›111issui11‚
1661 2121 1700 2150 de
1720 2120 1941 2150 observandis
1960 2120 2128 2154 omnibus,
2155 2130 2219 2159 que
2243 2121 2275 2151 in
2294 2121 2362 2151 hiis

1347 2176 1513 2204 statueres
1527 2175 1554 2203 et
1578 2174 1764 2209 ordinares,
1783 2174 1858 2203 hinc
1877 2174 1953 2203 inde
1971 2174 2138 2212 corporali
2154 2175 2296 2212 prestito
2311 2175 2362 2214 ju-

1347 2229 1510 2263 ramento,
1530 2230 1577 2262 tu,
1599 2228 1737 2265 pensata
1763 2227 1900 2265 provide
1919 2227 2043 2265 negotii
2073 2227 2248 2265 qualitate,
2271 2236 2307 2257 ac
2327 2227 2361 2257 iu

1346 2280 1525 2320 premissis
1562 2280 1684 2318 regalis
1717 2279 1892 2318 prehabita
1930 2279 2176 2310 deliberatione
2211 2280 2360 2317 consilii,

1347 2335 1441 2363 tuum
1461 2342 1562 2371 super
1580 2332 1646 2362 hiis
1665 2333 1791 2363 dictum
1811 2342 1869 2362 seu
1889 2332 2067 2363 arbitrium
2092 2333 2281 2371 proferens,
2300 2341 2361 2372 per

1346 2388 1469 2417 certam
1488 2386 1736 2416 ordinationem
1760 2386 1948 2416 discordias
1973 2388 2005 2416 et
2027 2386 2278 2416 controversias
2303 2386 2362 2416 hu-

1341 2440 1490 2478 jusmodi
1521 2439 1722 2469 terminasti.
1750 2439 1787 2469 In
1821 2448 1897 2478 quo,
1936 2439 1982 2468 tili
2013 2439 2203 2474 carissime,
2224 2441 2358 2478 gratum

1344 2494 1414 2523 Deo
1435 2493 1637 2522 sacrificium
1658 2494 1690 2522 te
1708 2492 1878 2522 credimus
1897 2492 2107 2528 immolasse,
2128 2492 2207 2522 dum
2230 2491 2359 2531 predic·

1344 2548 1415 2577 tum
1430 2555 1568 2585 regnum
1586 2546 1746 2576 intestina
1761 2545 1928 2575 seditione
1944 2554 2160 2580 conc-ussum,
2175 2545 2215 2575 ad
2231 2546 2359 2576 statum

1345 2600 1496 2638 quietum
1529 2599 1687 2629 reducere
1718 2598 1892 2628 studuisti.
1930 2599 2026 2629 [nde
2056 2598 2290 2637 delectamur
2327 2599 2359 2628 et

1344 2653 1539 2683 exultamus
1559 2652 1591 2682 in
1609 2652 1766 2687 Domino,
1797 2652 1885 2690 quod
1914 2653 1982 2681 tam
2012 2651 2202 2681 laudabiles
2226 2651 2358 2681 fructus

1343 2714 1384 2736 ex
1406 2706 1453 2736 tui
1478 2714 1661 2744 provenere
1687 2704 1874 2740 laboribus,
1897 2705 1986 2743 quod
2012 2707 2082 2734 tanti
2106 2704 2236 2734 utiliter
2261 2703 2357 2733 illius

1344 2759 1505 2789 catholice.
1525 2759 1673 2797 regionis
1694 2758 1839 2788 obviasti
1864 2757 2039 2796 periculis,
2067 2758 2097 2787 et
2125 2757 2213 2796 quod
2236 2756 2271 2786 in
2295 2756 2357 2786 hoc

1342 2813 1414 2852 ipse
1436 2813 1534 2843 l‘ater
1557 2812 1758 2842 Altissimus
1782 2811 1921 2841 honoris
1940 2811 1989 2840 tui
2019 2810 2167 2840 culmina
2191 2809 2354 2840 sublima-

1307 2884 1308 2887 =
1341 2866 1399 2896 vit.
1429 2866 1636 2899 Gaudemus,
1661 2867 1808 2903 inquam,
1833 2872 1892 2902 pro
1924 2863 2075 2902 ipsorum
2104 2862 2355 2901 tranquillitate

1306 2921 1308 2925 ’
1339 2919 1429 2957 regis
1447 2921 1479 2949 et
1501 2918 1606 2956 regni.
1627 2926 1686 2948 nec
1702 2917 1825 2947 minori
1838 2916 2046 2955 jocunditate
2073 2915 2244 2946 reficimus
2262 2915 2352 2954 quod
