2547 3289
1084 235 1298 265 D'URBAIN
1321 236 1380 265 IV.

205 318 326 348 ecclesie
345 327 384 348 ss.
401 318 504 356 Serqii
520 323 548 347 et
564 318 665 347 Bacln'
677 317 712 347 de
732 317 820 348 Urbe.
842 318 925 348 Cum
949 318 1033 348 sicut
1056 318 1151 347 nobis
1168 318 1216 347 est
1245 329 1247 342 κ

204 379 266 409 pro
290 371 377 400 certo
409 370 561 406 relatum,
585 371 710 409 Symon
732 371 869 405 Tosetti,
896 370 980 399 civis
1009 371 1039 400 et
1058 370 1218 399 mercator
1246 386 1247 400 t

205 423 391 458 Romanus,
407 431 513 461 nuper
528 430 603 452 cum
620 423 800 457 decederet,
816 423 850 452 in
873 431 933 452 sua
949 422 1065 451 ultima
1078 421 1216 459 disposi-
1246 423 1247 427 ’

207 475 297 505 tione
313 475 463 505 Romane
480 475 570 504 curie
587 475 764 513 quamdam
777 474 947 513 reliquerit
963 474 1102 513 pecunie
1114 482 1215 511 quan-

205 527 469 562 titatem‚dilecto
480 527 665 563 filio,fratre
676 526 1068 563 Aldebrandino‚ordinis
1079 526 1217 555 fratrum

204 579 467 614 Predicatorum,
488 580 734 618 consanguineo
751 588 822 613 suo,
839 581 1011 609 executore
1028 578 1216 615 dispositio·
1246 574 1247 578 ’

207 632 259 661 nis
276 631 469 670 hujusmodi
484 633 675 666 constituto,
692 631 883 662 discretioni
900 632 954 661 tue
970 639 1029 669 per
1038 630 1218 669 apostolica

206 684 333 722 scripta
360 685 559 715 mandamus
580 686 742 723 quatenus
758 684 966 713 executorem
994 683 1104 721 ipsum
1130 682 1218 720 quod
1246 675 1247 711 ἶ

207 737 382 775 pecuniam
397 737 578 775 predictam
588 737 706 766 dilecto
722 736 791 766 filio
807 735 1040 765 Bartholomeo
1058 736 1216 764 Braman-
1246 748 1247 751 =

207 789 316 827 gonis,
329 790 418 820 socio
436 790 632 820 dilectorum
642 789 788 819 filiorum
797 789 1031 818 Bonaventure
1044 788 1218 818 Bernardi-
1246 795 1247 814 1

208 842 242 872 ni
253 843 285 872 et
293 842 452 880 Raynerii
461 841 587 876 Jacobi,
597 841 720 871 civium
729 842 760 871 et
769 843 989 871 mercatorum
1005 840 1215 874 Senensium,
1246 849 1247 858 ¹

206 894 304 925 latori
337 894 554 932 presentium,
575 894 709 924 nomine
736 894 848 924 nostro
868 895 898 923 et
916 893 1054 923 ecclesie
1070 893 1215 931 predicte

206 947 386 986 persolvat,
412 955 549 976 moneas
574 947 731 976 attentius
755 948 785 976 et
824 946 972 981 inducas,
997 946 1216 984 quantitatem

208 999 316 1038 ipsius
336 999 476 1037 pecunie
492 999 588 1029 nobis
606 1000 637 1029 et
647 999 805 1037 quicquid
816 999 892 1028 inde
908 998 1026 1029 feceris
1042 999 1216 1037 rescriptu-

274 1198 319 1228 18
705 1195 829 1228 Viterbe,
849 1196 878 1221 13
896 1195 1047 1221 decembre
1067 1196 1144 1221 126¹.

239 1285 373 1312 Antianis
393 1287 421 1312 et
443 1285 592 1312 communi
613 1285 739 1312 Reatinis
762 1285 881 1311 mandat
901 1287 1041 1319 quatenus
1063 1293 1079 1311 a
1100 1284 1214 1311 Nieolao
1245 1291 1246 1294 ’

203 1333 237 1360 de
257 1333 430 1368 Antignano,
452 1342 552 1360 corum
573 1335 724 1368 potestate,
738 1333 870 1360 idoneam
891 1333 1030 1367 recipiant
1050 1333 1213 1359 cautionem
1244 1333 1246 1346 ἵ

202 1381 277 1416 quod
304 1382 381 1408 infra
408 1384 471 1409 octo
498 1383 558 1409 dies
588 1382 781 1416 personaliter
809 1382 965 1416 apostolico
992 1390 1022 1408 se
1050 1381 1213 1416 conspectui

202 1432 411 1464 repraesentet,
433 1431 466 1457 de
483 1433 561 1457 certa
578 1431 699 1465 pecunia
716 1430 849 1465 magistri
866 1430 1014 1462 Palmerii,
1033 1430 1129 1457 clerici
1148 1430 1215 1456 Rea-

205 1479 270 1510 tini,
285 1479 515 1506 satisfactionem
538 1480 701 1514 plenariam
725 1479 922 1514 impensurus.
949 1479 1027 1513 (Rae.
1050 1481 1095 1510 ⁶27,
1117 1478 1165 1506 fol.
1186 1480 1213 1511 4,

203 1532 237 1554 n⁰
253 1528 292 1560 4.)
780 1536 784 1539 ·

246 1620 260 1635 «
283 1608 438 1643 Ancianis,
452 1607 576 1636 consilio
588 1611 616 1636 et
626 1607 774 1635 communi
791 1606 938 1636 Reatinis.
960 1607 1042 1637 Cum
1059 1607 1144 1636 sicut
1160 1616 1214 1637 no-

205 1661 288 1691 viter
307 1660 347 1690 ad
368 1660 520 1690 notitiam
542 1660 689 1689 nostram
712 1659 879 1697 fidedigna
902 1660 1113 1697 quorundam
1133 1660 1214 1689 rela-

203 1714 292 1744 tione
308 1713 470 1752 pervenit‚
490 1712 612 1742 nobilis
626 1712 676 1741 vir
692 1712 850 1741 Nicotaus
866 1712 905 1742 de
919 1712 1119 1751 Antignano,
1137 1713 1213 1742 ciri-

204 1767 282 1797 tatis
295 1767 404 1796 vestre
421 1767 578 1803 potestas,
593 1765 767 1802 acceperit,
789 1765 855 1794 imo
871 1765 981 1803 potius
1004 1766 1214 1803 occupaverit
1244 1790 1245 1793 ,

209 1819 377 1858 quandam
404 1826 469 1847 non
492 1818 658 1846 modicam
680 1817 720 1846 ad
746 1825 806 1847 nos
837 1818 1040 1855 spectantem
1061 1818 1213 1847 debonis
1245 1835 1247 1855 x,

1245 1858 1247 1894 ἶ
1272 1865 1395 1899 dulfus,
1416 1866 1515 1894 frater
1534 1874 1640 1898 meus,
1659 1865 1756 1894 habet
1779 1867 1891 1895 mutuo
1910 1875 1928 1895 a
1945 1875 1996 1896 me
2015 1876 2114 1897 unam
2139 1868 2279 1898 cultram

206 1871 375 1911 quondam
401 1870 551 1908 magistri
580 1870 752 1904 Palmerii,
774 1870 885 1899 clerici
907 1870 1052 1904 Reatini,
1075 1871 1213 1907 pecunie

203 1924 434 1963 quantitatem,
453 1922 610 1952 volumus
631 1923 661 1952 et
685 1922 892 1960 presentium
907 1922 1004 1951 vobis
1021 1922 1214 1952 auctoritate
1244 1935 1246 1956 ς

202 1977 264 2007 sub
283 1976 394 2006 debito
410 1975 582 2005 fidelitatis
597 1984 662 2013 quo
679 1975 817 2004 ecclesie
833 1975 983 2004 Romane
1004 1975 1172 2009 tenemini,
1184 1976 1215 2005 et

201 2038 288 2070 pena
302 2030 525 2059 trecentarum
557 2036 744 2057 marcarum
763 2027 900 2065 argenti,
936 2027 1082 2057 districte
1108 2029 1213 2066 preci-

202 2082 324 2121 piendo
340 2081 536 2111 mandantes
549 2081 712 2119 quatenus
724 2080 864 2118 exigatis
881 2081 912 2109 et
925 2080 1092 2118 recipiatis
1106 2080 1146 2109 ab
1162 2089 1212 2110 eo-

201 2134 278 2164 dem
302 2134 462 2172 potestate
479 2133 701 2162 sufficientem
713 2132 906 2162 etidoneam
921 2133 1108 2162 cautionem
1126 2133 1214 2171 quod
1243 2142 1244 2162 ξ

200 2187 275 2225 ipse
288 2186 509 2226 personaliter
519 2185 607 2215 infra
614 2186 684 2215 octo
693 2185 764 2214 dies
777 2185 1212 2223 areceptionepresentium,

202 2248 285 2278 quos
301 2239 350 2269 eis
358 2247 416 2277 pro
428 2238 651 2277 peremptorio
666 2237 807 2268 termino
823 2237 1046 2275 assignamus,
1062 2239 1148 2276 quod
1155 2247 1214 2278 per

202 2300 263 2322 vos
279 2291 388 2322 eidem
404 2291 562 2321 volumus
586 2290 746 2326 nuntiari,
770 2290 951 2329 apostolico
970 2299 1005 2320 se
1022 2291 1214 2329 conspectui

201 2345 415 2383 representet,
437 2343 533 2374 nobis
552 2344 591 2373 de
610 2343 696 2373 dicta
711 2343 853 2381 pecunia
869 2343 1129 2373 satisfactionem
1144 2344 1212 2382 ple-

200 2396 329 2427 nariam
342 2396 567 2435 impensurus.
586 2396 649 2426 Vos
668 2397 778 2425 autem
790 2396 948 2433 quicquid
965 2396 1040 2426 inde
1057 2396 1213 2433 feceritis,

201 2448 299 2480 nobis
330 2457 390 2487 per
435 2448 694 2478 instrumentum
726 2448 909 2486 publicum,
944 2449 1062 2478 harum
1092 2449 1213 2478 seriem

201 2501 388 2535 continens,
410 2501 571 2530 studeatis
593 2501 736 2530 fideliter
761 2500 921 2530 intimari.
947 2502 1032 2532 Sane
1048 2510 1107 2540 pro
1126 2503 1213 2532 certo

203 2553 288 2585 scire
303 2553 461 2584 volumus
479 2553 578 2591 quod,
599 2553 628 2583 si
644 2554 755 2583 forsan
774 2553 809 2583 in
826 2554 986 2592 predictis
1009 2555 1212 2593 exequendis

204 2605 409 2645 negligentes
419 2604 549 2634 fueritis
571 2604 625 2634 vel
648 2604 793 2638 remissi,
811 2606 842 2634 et
858 2605 1040 2644 predictam
1059 2615 1179 2644 penam
1195 2616 1213 2636 a

202 2658 298 2689 vobis
314 2656 541 2696 proculdubio
558 2656 742 2694 exigemus,
753 2658 785 2687 et
800 2657 883 2688 alias
899 2659 1012 2687 contra
1027 2667 1087 2688 vos
1102 2668 1211 2697 proce-

200 2711 278 2741 dere
302 2709 496 2741 curabimus
522 2709 747 2748 temporaliter
763 2711 794 2739 et
811 2710 1039 2748 spiritualiter,
1057 2713 1156 2749 prout
1167 2712 1213 2741 vi-

203 2763 358 2795 debimus
381 2762 549 2801 expedire.
579 2761 702 2791 Datum
713 2762 867 2800 Viterbii,
893 2763 970 2793 idus
988 2763 994 2781 ¹
1013 2764 1210 2801 decembris,

205 2825 291 2847 anno
306 2816 426 2855 primo.
444 2828 458 2841 »

232 2900 255 2923 t.
272 2898 348 2922 Ecrit,
363 2898 436 2922 ainsi
455 2904 488 2920 en
504 2898 593 2921 tontes
607 2896 712 2920 lettres.

1354 321 1433 350 19¹

1912 327 1941 351 19
1958 327 2113 353 novembre
2132 329 2210 354 126¹.

1314 402 1353 428 De
1374 402 1547 436 quibusdam
1563 405 1643 431 bonis
1660 405 1759 433 fratris
1777 407 1871 434 Jacobi
1885 409 2015 442 Romani,
2030 411 2158 437 conversi
2174 419 2287 438 monus-

1278 449 1344 476 terii
1363 450 1531 478 Casemarii.
1551 453 1630 486 (Iti-20.
1650 455 1693 486 27,
1710 454 1758 481 fol.
1776 456 1792 481 4
1810 460 1848 488 ΥΟ,
1865 461 1897 482 n⁰
1916 457 1952 491 1.)

1318 543 1357 571 In
1375 543 1437 572 Dei
1459 545 1603 579 nomine,
1618 548 1734 576 Anien.
1760 548 1829 577 Iloc
1849 551 1897 578 cst
1914 551 2147 589 transcriptum
2164 553 2288 591 sigilla-

1277 595 1349 624 tum
1366 596 1497 626 duobus
1514 597 1646 635 sigillis.
1665 599 1757 633 Quod
1778 600 1824 629 sic
1841 601 1957 640 incipit
1976 612 1982 631 :

1323 649 1437 680 Mense
1450 650 1654 688 novembris,
1670 651 1722 681 die
1740 652 1867 682 sabbati
1885 653 1968 684 XIII
1987 655 2146 686 kalendas
2161 658 2287 689 decem-

1275 704 1359 739 bris,
1373 703 1474 733 frater
1484 702 1628 733 Jacobus
1636 703 1820 738 Romanus,
1833 714 2013 736 conversus
2024 711 2215 740 monasterii
2227 712 2287 742 Ca-

1277 756 1427 790 semarii,
1443 756 1617 786 confessus
1635 758 1685 785 est
1706 757 1740 786 in
1758 757 1949 788 infirmitate
1967 761 2114 799 corporis
2132 764 2287 793 constitu-

1276 809 1541 844 tus,licetmente
1555 809 1781 847 valeret,‹‘1uod
1794 812 2031 841 monasterium
2045 814 2223 844 Casemarii
2236 817 2288 846 dc-

1275 862 1330 892 bet
1345 861 1555 892 sibireddere
1570 862 1750 892 XXXVIII
1762 862 1864 893 libras
1877 864 2087 895 denariorum
2097 869 2287 903 senatus,te-

1276 916 1375 945 netur
1391 915 1499 944 adhuc
1513 915 1551 944 de
1566 916 1697 944 centum
1713 915 1808 945 libris
1821 916 2031 947 denariorum
2047 922 2181 949 senatus
2203 930 2286 958 quas

1276 968 1493 998 eimutuavit.
1513 968 1595 997 Item
1612 968 1697 1005 quod
1707 967 1851 998 bobulus
1870 969 2068 1001 calcararius
2080 972 2175 1002 debet
2190 974 2283 1003 resti-

449 1051 471 1064 γ,
552 1052 570 1057 ,,
642 1052 647 1057 ,
889 1051 894 1056 ,
1091 1051 1096 1056 ,
1245 1040 1246 1056 t
1276 1024 1348 1051 ture
1369 1020 1435 1059 (sic)
1452 1021 1551 1050 XXV
1576 1020 1679 1049 libras
1696 1021 1908 1051 denariorum
1931 1024 2077 1054 senatus.
2094 1025 2177 1054 Item
2198 1027 2285 1064 quod

204 1060 273 1082 rus.
292 1052 415 1082 Datum
430 1052 585 1087 Niterbn,
604 1062 624 1080 v
640 1052 714 1082 idus
729 1051 926 1087 decembris,
945 1060 1030 1081 anno
1048 1060 1167 1090 primo.
1186 1062 1201 1078 »
1245 1066 1246 1069 =

1275 1074 1462 1108 Romanus,
1490 1073 1590 1103 frater
1615 1082 1708 1108 suus,
1736 1074 1832 1104 dehet
1857 1075 1921 1104 sibi
1952 1077 2123 1107 restituere
2152 1078 2286 1109 XXIIII

1275 1127 1379 1156 libras
1403 1126 1615 1156 denariorum
1642 1127 1788 1156 senatus.
1815 1127 1895 1157 Item
1922 1129 2094 1159 confessus
2125 1133 2171 1160 est
2196 1132 2284 1169 quod

1275 1180 1376 1209 frater
1415 1179 1580 1212 Jacobus‚
1614 1179 1817 1217 guardianus
1848 1180 1988 1210 fratrum
2022 1181 2189 1212 Minorum
2226 1184 2288 1214 loci

1275 1242 1301 1262 s.
1327 1232 1498 1262 Francisci
1517 1232 1556 1262 de
1575 1232 1682 1266 Urbe,
1702 1234 1732 1262 et
1755 1232 1855 1262 frater
1876 1234 1993 1269 Lucas,
2014 1238 2206 1273 procurator
2222 1237 2285 1267 loci

1275 1286 1435 1324 ejusdem,
1449 1285 1571 1314 habent
1587 1285 1619 1314 in
1633 1285 1781 1323 deposito
1796 1285 1836 1315 ab
1849 1287 1964 1316 eodem
1981 1289 2112 1317 centum
2125 1290 2155 1318 et
2172 1289 2284 1319 decem

1273 1339 1377 1369 libras
1386 1339 1597 1368 denariorum
1605 1339 1959 1376 senatus,quesumma
1973 1341 2022 1370 est
2035 1341 2068 1370 in
2084 1341 2283 1373 Romaninis

1273 1393 1304 1422 et
1327 1392 1377 1422 est
1400 1391 1472 1429 ejus
1496 1391 1606 1429 sigillo
1631 1391 1786 1429 sigillata.
1810 1392 1892 1421 Item
1922 1394 2009 1430 quod
2035 1394 2207 1424 Romanus
2231 1404 2284 1425 scr

1275 1444 1450 1476 Guillehni
1476 1444 1571 1473 debet
1596 1443 1660 1473 sibi
1678 1444 1815 1474 reddere
1833 1444 1892 1474 hec
1910 1454 1972 1483 que
2001 1446 2041 1475 ad
2057 1448 2283 1484 reponendum

1274 1498 1338 1528 sibi
1356 1497 1456 1531 dedit,
1476 1497 1585 1535 primo
1601 1498 1733 1526 centum
1749 1498 1779 1526 et
1798 1498 1827 1527 V
1844 1497 1947 1527 libras
1963 1499 2174 1529 denariorum
2192 1509 2284 1530 sena-

1272 1552 1338 1586 tus,
1369 1551 1513 1580 attamen
1539 1549 1574 1578 in
1602 1550 1803 1579 Romaninis
1826 1551 1857 1580 et
1883 1551 2045 1589 sigillatas
2073 1552 2183 1590 sigillo
2210 1562 2282 1583 suo.

1273 1604 1355 1633 Item
1371 1603 1459 1640 quod
1482 1603 1569 1632 idem
1587 1602 1628 1632 R.
1645 1601 1743 1632 habet
1769 1604 1900 1632 centum
1924 1603 2132 1634 Romaninos
2148 1614 2282 1643 grossos

1272 1657 1313 1686 ab
1336 1656 1451 1685 eodem
1476 1655 1575 1685 fratre
1598 1655 1722 1685 Jacoho
1753 1656 2049 1686 recommendatos.
2076 1657 2159 1687 Item
2183 1658 2281 1688 habet

1272 1717 1377 1739 unum
1393 1707 1545 1746 sciphum
1563 1708 1601 1737 de
1615 1708 1749 1746 argento
1770 1708 1827 1745 qui
1842 1708 1930 1738 valet
1944 1709 2183 1747 quinquaginta
2201 1711 2277 1741 soli-

1272 1762 1332 1791 dos
1354 1761 1567 1790 denariorum
1597 1762 1729 1789 senatus
1749 1762 1780 1790 et
1802 1769 1861 1790 sex
1880 1761 2041 1791 coclearia
2063 1763 2102 1791 de
2127 1765 2277 1801 argento,

1273 1814 1329 1852 qui
1348 1813 1484 1851 sciphus
1500 1814 1530 1843 et
1548 1813 1727 1843 coeleariea
1746 1813 1810 1852 (sic)
1827 1815 1903 1843 sunt
1919 1814 1958 1843 de
1977 1815 2078 1844 curia.
2097 1815 2178 1845 Item
2196 1816 2281 1847 Lan-

1273 1918 1312 1947 de
1338 1918 1475 1948 esamito
1497 1917 1598 1947 rubeo
1621 1926 1720 1956 quam
1738 1918 1801 1947 sibi
1820 1919 1969 1948 mutuavi
1987 1920 2118 1957 quando
2142 1930 2277 1951 uxorem

1272 1971 1405 2008 recepit.
1432 1970 1514 2000 Item
1543 1970 1630 2008 quod
1648 1979 1707 2008 pro
1733 1970 1848 2000 eodem
1872 1971 1970 2001 habet
1990 1980 2093 2001 unum
2111 1974 2279 2012 tappetum

1272 2023 1391 2062 majus.
1422 2023 1504 2053 Item
1537 2032 1641 2052 unum
1667 2023 1877 2053 mater-atium
1906 2024 1944 2053 de
1970 2024 2055 2053 lana.
2087 2025 2169 2054 Item
2193 2026 2280 2056 idem

1271 2076 1489 2114 Landulphus
1516 2076 1615 2106 habet
1642 2085 1746 2105 unum
1769 2085 1916 2114 pannum
1935 2077 1973 2106 de
1994 2078 2063 2107 seta
2082 2078 2221 2108 viridem
2238 2079 2279 2109 ad

1273 2129 1451 2159 tenemium
1469 2137 1569 2167 super
1581 2129 1687 2167 capud
1706 2137 1838 2167 sponse,
1856 2131 2024 2167 receptum
2043 2131 2130 2168 quod
2145 2133 2193 2160 est
2209 2140 2280 2170 spe-

1273 2182 1401 2212 cialiter
1418 2182 1612 2211 monasterii
1629 2182 1822 2211 Casemarii.
1844 2182 1924 2211 Item
1942 2182 2029 2212 idem
2044 2183 2139 2212 habet
2157 2185 2281 2213 starum

1272 2243 1382 2265 meum
1393 2235 1480 2272 quod
1493 2235 1646 2264 similiter
1659 2236 1707 2264 est
1720 2235 1913 2264 1n‹j·nasterii
1925 2235 2121 2270 Casemarii,
2133 2236 2161 2265 si
2175 2237 2281 2274 placet

1272 2287 1407 2317 domino
1430 2296 1525 2326 pape⁴
1550 2288 1631 2317 Item
1648 2287 1817 2317 Johannes
1835 2287 1955 2317 Mathei
1975 2288 2070 2318 habet
2088 2289 2136 2318 XI
2155 2289 2280 2318 solidos

1273 2341 1485 2370 denariorum
1515 2342 1650 2370 senatus
1679 2342 1710 2370 ot
1737 2341 1819 2370 duos
1846 2341 1965 2370 anulos
1997 2341 2035 2371 de
2063 2343 2208 2379 argento,
2223 2343 2279 2380 qui

1254 2403 1259 2406 ·
1273 2393 1384 2423 valent
1395 2393 1508 2423 decem
1518 2393 1643 2423 solidos
1658 2393 1865 2422 denariorum
1879 2395 2024 2423 senatus.
2038 2395 2165 2429 Testes,
2180 2395 2280 2424 frater

1273 2446 1477 2476 Godofridus
1494 2446 1533 2475 de
1547 2446 1652 2484 Signi,
1664 2445 1788 2475 domini
1803 2454 1886 2483 pape
1903 2446 2167 2483 p‹‘·nitentiarius‚
2182 2447 2282 2476 frater

1273 2498 1392 2532 Orans,
1423 2499 1701 2528 helemosinarius
1729 2498 1853 2527 domini
1878 2507 1973 2536 pape,
1996 2499 2097 2528 frater
2113 2499 2279 2529 Robcrtus

1272 2551 1312 2580 dc
1331 2551 1480 2590 Savigni,
1497 2551 1691 2585 monachus,
1714 2552 1745 2580 et
1759 2551 1917 2580 Nicolaus
1937 2551 1976 2580 de
1994 2551 2158 2589 Anagnia,
2176 2551 2277 2590 scrip*

1271 2604 1321 2633 tor
1336 2604 1567 2642 penitentiarie
1586 2604 1711 2633 domini
1729 2611 1823 2642 pape.
1843 2615 1856 2629 n

1339 2750 1386 2780 20
1842 2746 1966 2778 Yitcrbc,
1984 2747 2013 2771 ¹8
2030 2753 2065 2771 m⁴

1307 2819 1417 2845 Dccano
1437 2817 1549 2845 Dolensi
1570 2820 1598 2844 ct
1620 2816 1780 2843 succentori
1799 2815 1980 2842 Ambricensi
1998 2823 2056 2841 mai
2090 2830 2099 2837 -,
2139 2825 2151 2835 υ
2169 2828 2171 2833 ·
2188 2835 2190 2839 ,

1304 2900 1325 2924 1.
1341 2900 1399 2924 Une
1412 2899 1485 2928 ligne
1501 2899 1543 2921 est
1558 2896 1660 2921 laissce
1675 2902 1707 2919 en
1721 2895 1811 2919 blanc.
