2547 3289
255 218 314 247 372

254 293 748 332 110011111511110111115,115111101111
761 292 1049 322 t'estunisminium
1063 291 1261 321 Sanctorum
1292 300 1295 332 ,J

255 351 409 391 proximo
434 348 646 388 preteritum,
673 346 844 375 occasione
866 344 1110 382 provisionum,
1135 343 1263 373 ordina·
1292 350 1295 384 ζ

255 405 401 438 tionum,
441 402 643 430 statutorum
683 398 734 427 vel
782 397 1026 433 obligationum
1070 396 1262 433 hujusmodi

257 454 528 494 compromittere
540 451 728 489 juravistis,
742 450 977 488 promittentes
989 449 1090 488 quod,
1103 448 1264 487 quicquid

257 509 345 538 idem
377 516 435 537 rex
468 507 672 535 Francorum
702 512 803 541 super
834 502 992 532 omnibus
1023 502 1183 540 predictis
1212 501 1263 531 vel

257 570 371 591 eorum
388 558 559 597 aliquibus
582 557 621 587 dc
636 557 703 586 alto
723 558 753 586 et
773 556 873 585 basso
888 556 1058 585 ordinaret
1074 555 1125 585 vel
1142 557 1264 585 statue-

257 615 319 648 ret,
339 611 566 641 observaretis
582 619 640 648 per
663 611 774 639 omnia
791 608 875 638 bona
893 608 968 641 tide,
988 608 1035 638 ita
1050 610 1161 638 tainen
1177 608 1265 646 quod

258 666 366 695 dictus
380 673 450 699 rex,
464 664 547 693 citra
563 663 686 692 festum
703 663 918 691 l‘eutecostes
931 662 1086 699 proximo
1102 661 1263 697 futurum,

258 726 359 756 super
375 717 441 746 hiis
455 717 581 746 diceret
598 715 724 745 dictum
742 723 853 750 suum,
872 714 960 744 datis
977 714 1053 743 hinc
1071 714 1148 743 inde
1166 723 1266 752 super

256 770 317 800 1100
336 770 458 800 litteris
476 770 508 799 et
526 768 737 807 interpositis
753 768 966 805 juramentis.
987 767 1116 797 Deinde
1135 776 1212 797 vero
1232 769 1266 797 tu

257 825 289 853 et
307 823 426 861 prefati
445 821 592 860 episcopi
614 823 645 851 ct
663 821 806 851 barones
824 820 984 850 similiter
1002 820 1036 849 in
1054 829 1166 859 regem
1182 829 1267 850 com-

256 876 465 914 promisistis
490 875 632 905 eundem
653 874 692 903 de
712 873 868 903 omnibus
887 873 1159 903 contentionibus
1182 874 1268 903 inter

256 934 316 955 vos
339 925 467 955 exortis
489 927 563 963 post
586 924 713 954 dictum
731 924 855 953 testum
874 923 1033 954 Omnium
1053 924 1265 958 Sanctorum,

256 986 363 1017 1151100
392 978 432 1008 1111
458 978 580 1008 festum
607 978 720 1007 sancte
748 976 850 1006 Lucie
877 976 1032 1014 proximo
1055 976 1264 1014 preteritum,
1297 985 1299 994 ·

257 1029 431 1059 occasione
448 1029 611 1067 predicta,
628 1028 875 1066 promittentes,
890 1027 1082 1065 juramento
1096 1027 1173 1057 hinc
1192 1027 1267 1057 inde

256 1082 410 1121 prestito,
433 1090 567 1112 servare
591 1080 751 1120 quicquid
774 1080 863 1110 idem
886 1088 945 1110 rex
969 1080 1110 1110 Francie
1134 1081 1173 1110 de
1200 1080 1266 1110 11115

255 1135 308 1165 vel
335 1143 452 1165 eorum
478 1134 650 1173 aliquibus
679 1134 842 1164 statueret
867 1133 919 1163 vel
951 1133 1052 1163 etiam
1078 1133 1265 1167 ordinaret:

256 1188 303 1218 ita
318 1190 431 1218 tamen
449 1188 538 1226 quod
561 1188 646 1217 citra
665 1187 792 1217 dictum
811 1186 934 1216 festum
953 1187 1170 1217 Pentecostes
1191 1196 1267 1225 pro-

257 1241 360 1271 ferret
379 1241 505 1271 dictum
532 1250 643 1276 suum,
671 1242 740 1270 tam
767 1248 868 1278 super
891 1240 1053 1278 predictis
1073 1249 1173 1278 11011111
1200 1250 1267 1270 (1111-

257 1294 358 1324 nibus
375 1294 452 1324 aliis
470 1303 534 1332 que
556 1302 655 1332 super
680 1293 780 1323 rebus
799 1293 831 1322 in
850 1294 1094 1331 compromisso
1113 1293 1266 1323 deductis

256 1347 310 1377 vel
330 1347 417 1377 circa
435 1347 527 1385 ipsas
546 1346 681 1376 interim
699 1347 908 1384 contingeret
926 1347 1131 1384 attemptari.

296 1400 415 1430 Dictus
431 1402 542 1430 autem
561 1408 619 1429 rex
639 1400 791 1436 Francic,
811 1399 1003 1436 hujusmodi
1021 1400 1266 1438 compromisso

256 1454 388 1491 recepto
410 1454 442 1483 et
460 1453 548 1490 apud
573 1453 743 1482 civitatem
767 1452 1029 1482 Ambianeusem
1050 1454 1187 1490 propter
1207 1453 1267 1482 boc

255 1505 410 1544 partibus
428 1506 630 1539 convocatis,
651 1507 682 1535 et
700 1506 730 1535 te
749 1513 786 1534 ac
807 1504 1011 1542 quibusdam
1035 1514 1074 1535 ex
1097 1505 1196 1535 dictis
1216 1505 1267 1535 ba-

256 1558 396 1588 ronibus
435 1557 670 1596 personaliter,
711 1557 788 1587 aliis
821 1566 900 1587 vcro
939 1566 997 1596 per
1031 1560 1267 1596 procuratores

257 1666 335 1694 runt
355 1664 433 1693 111110
458 1664 535 1693 111110
560 1664 746 1702 proposita,
765 1663 1022 1694 det'ensioniljuis
1044 1665 1143 1695 etiam
1164 1674 1200 1695 ac
1218 1675 1266 1695 ra-

255 1717 406 1747 tionibus
428 1717 575 1756 partium
606 1717 738 1755 plenius
762 1717 957 1752 intellectis,
981 1718 1156 1748 attendens
1180 1720 1267 1758 quod

256 1823 458 1861 predicta,et
469 1832 528 1862 per
541 1832 579 1853 ea
591 1832 655 1862 que
668 1832 709 1853 ex
726 1823 812 1861 ipsis
828 1825 985 1854 eteorum
1001 1825 1176 1855 occasione
1190 1826 1266 1855 sub-

258 1877 373 1906 secuta
389 1877 494 1912 erant,
507 1876 576 1915 juri
595 1877 626 1906 et
639 1876 757 1906 honori
776 1877 833 1906 tuo
850 1876 959 1907 fuerat
973 1877 1158 1915 plurimum
1177 1879 1269 1909 dero-

259 1930 384 1967 gatum,
416 1929 572 1967 quodque
602 1929 681 1959 dicti
716 1930 809 1968 regui
840 1929 999 1965 turbatio,
1033 1931 1207 1969 depressio
1237 1935 1267 1963 et

260 1982 417 2019 spoliatio
449 1982 668 2011 ecclesiarum
699 1984 730 2011 et
764 1982 829 2011 alia
860 1983 1063 2021 gravissima
1092 1984 1269 2022 dispendia

260 2034 690 2072 personis'ecclesiasticis
721 2043 757 2064 ac
785 2035 1006 2071 secularibus,
1042 2037 1210 2075 indigenis
1239 2041 1269 2068 et

260 2087 435 2125 aliegenis,
462 2087 538 2117 inde
557 2090 748 2123 evenerant,
775 2090 803 2118 et
833 2088 1066 2119 verisimiliter
1088 2090 1271 2121 timebatur

261 2148 301 2170 ne
326 2140 480 2178 graviora
499 2143 706 2179 emergerent
730 2141 762 2169 in
784 2141 945 2177 futurum,
966 2142 1064 2179 plena
1081 2151 1182 2181 super
1198 2153 1268 2182 pre-

260 2193 378 2223 missis
405 2192 648 2223 deliberatione
677 2193 861 2232 prebabita.
887 2193 1051 2224 bonorum
1078 2205 1211 2235 quoque
1239 2200 1269 2228 et

264 2247 454 2283 magnatum
469 2246 714 2275 communicato
725 2246 880 2283 consilio,
895 2248 1118 2285 provisiones,
1132 2251 1269 2285 statuta,

262 2298 491 2328 ordinationes
529 2300 561 2329 et.
597 2299 822 2337 obligationes
858 2300 1022 2338 predicta,
1059 2310 1270 2342 quocumque

262 2352 397 2382 nomine
435 2354 652 2382 censerentur
684 2353 715 2381 ct
748 2353 908 2391 quicquid
938 2356 1027 2384 esset
1057 2363 1098 2385 ex
1134 2356 1183 2385 eis
1219 2357 1269 2386 vel

261 2412 376 2434 earum
390 2405 563 2435 occasione
580 2407 743 2435 statutum
757 2413 816 2435 seu
829 2406 967 2442 dictum,
982 2408 1013 2436 et
1023 2407 1270 2439 ordinationem

260 2458 354 2487 tuam
382 2459 527 2488 cassavit
555 2460 586 2488 et
612 2458 776 2493 irritavit3
807 2459 954 2498 maxime
985 2469 1060 2490 00111
1093 2465 1269 2500 appareret

261 2509 321 2540 illa
341 2510 411 2540 fore
434 2519 493 2549 per
516 2511 649 2541 litteras
671 2512 855 2550 apostolice
885 2513 977 2542 sedis
998 2522 1095 2544 cassa
1120 2516 1151 2545 et
1176 2516 1271 2546 irrita
1300 2528 1301 2535 ¹

262 2563 430 2593 nunciata.
451 2564 627 2594 Ordinavit
647 2564 796 2603 insuper,
816 2565 903 2603 quod
927 2568 994 2595 tam
1012 2568 1048 2596 tu
1071 2576 1170 2606 quam
1197 2578 1270 2607 pre-

262 2615 342 2645 dicti
361 2615 503 2646 barones
525 2618 557 2647 et
575 2617 632 2647 alii
653 2618 709 2655 qui
730 2618 954 2648 consensistis
971 2619 1162 2658 hujusmodi
1185 2631 1271 2652 com-

262 2669 442 2707 promisso,
470 2670 595 2708 quique
621 2670 660 2700 de
684 2671 848 2709 predictis
868 2671 1088 2703 observandis
1107 2683 1166 2703 vos
1192 2684 1271 2713 quo-

261 2722 442 2752 modolibet
461 2723 683 2759 astrinxistis,
707 2724 846 2762 quitetis
867 2734 926 2754 vos
943 2725 983 2755 de
1004 2727 1269 2765 provisionibus,

262 2775 399 2804 statutis
423 2778 453 2805 et
480 2776 750 2806 ordinationibus
779 2779 810 2807 et
836 2777 1100 2817 obligationibus
1128 2781 1213 2819 ipsis
1240 2784 1272 2812 et

262 2827 397 2865 penitus
415 2827 610 2858 absolvatis.
631 2829 759 2867 Adiecit
782 2831 884 2860 etiam
902 2832 990 2869 (111011
1008 2840 1048 2862 ex
1068 2833 1099 2862 vi
1121 2842 1179 2863 seu
1195 2835 1272 2864 viri-

262 2879 324 2910 bus
335 2882 528 2911 earumdem
544 2883 788 2920 provisionum,
807 2883 1051 2921 obligationum
1070 2887 1122 2916 vel
1140 2888 1272 2918 ordina-

1011 208 1253 239 REGISTRES
1276 208 1488 239 D'URBAIN
1514 209 1569 238 IV.

1324 282 1465 326 tionum,
1475 292 1531 320 aut
1544 291 1688 329 alicujus
1698 291 1888 329 potestatis,
1906 302 1923 321 a
1935 293 1966 322 te
1979 300 2081 330 super
2094 292 2154 322 hoc
2165 302 2335 331 concesse,

1325 343 1440 373 nullus
1459 352 1544 373 nova
1569 345 1694 374 statuta
1723 344 1833 379 faciat,
1859 353 1918 374 nec
1945 345 2127 383 quisquam
2149 346 2218 384 jam
2252 347 2339 377 facta

1324 397 1434 426 teneat
1459 396 1510 426 vel
1529 396 1695 430 observet,
1716 405 1823 435 neque
1841 406 1900 435 pro
1925 406 1976 432 eo,
1997 397 2086 436 quod
2101 399 2251 436 predicta
2269 408 2336 429 ser-

1294 468 1295 491 1
1325 450 1401 478 vata
1419 457 1484 478 non
1503 448 1639 485 fuerint,
1659 448 1777 479 debeat
1796 449 1922 488 aliquis
1941 450 2082 480 alterius
2105 451 2261 490 capitalis
2283 452 2336 482 vel

1326 501 1424 531 aliter
1442 501 1600 531 1011111005
1616 501 1744 538 haberi,
1756 504 1811 532 aut
1825 511 1944 541 penam
1966 505 2102 541 propter
2118 504 2177 534 boc
2187 505 2337 544 aliquam

1326 554 1505 584 sustinere.
1523 555 1679 584 Decrevit
1698 564 1831 593 (10011110
1849 556 1937 594 quod
1957 565 2074 586 01111105
2093 557 2216 591 littere,
2235 566 2337 596 super

1327 607 1506 645 premissis
1529 607 1784 645 provisionibus
1803 610 1833 637 et
1853 617 1967 638 earum
1981 609 2157 639 occasione
2176 610 2337 645 confec-te,

1328 660 1422 689 irrite
1437 660 1505 689 sint
1520 662 1551 690 et
1566 661 1697 695 inanes:
1718 661 1878 690 ordinans
1897 662 1985 699 quod
1999 671 2210 701 quecumque
2228 666 2339 693 castra

1328 712 1451 742 fuerint
1487 713 1629 749 tradita,
1663 713 1882 743 custodienda
1917 715 2111 744 securitatis
2148 724 2249 745 causa
2288 716 2341 746 vel

1296 770 1299 802 ᾗ
1328 766 1502 796 occasione
1534 766 1772 804 predictorum,
1807 768 1837 796 et
1869 767 1975 796 adhuc
2003 768 2208 803 detinentur,
2234 769 2341 798 libere

1328 819 1388 849 tibi
1408 819 1448 849 ab
1470 819 1598 849 eisdem
1624 819 1810 849 baronibus
1838 820 2058 850 redderentur
2079 830 2097 850 a
2122 824 2152 851 te
2183 822 2341 856 tenenda,

1298 908 1299 915 ἵ
1328 872 1413 902 sicut
1430 873 1506 902 ante
1520 872 1685 902 dictarum
1702 873 1936 911 provisionum
1952 875 2087 912 tempus
2110 874 2170 904 illa
2190 874 2341 904 tenebas.

1328 925 1503 956 Ordinavit
1523 925 1623 955 etiam
1641 927 1671 955 et
1689 925 1774 955 dixit
1794 926 1883 965 110011
1902 926 2007 956 1111010
2023 926 2084 956 tibi
2101 927 2199 957 liceat
2219 928 2343 966 capita-

1328 978 1393 1008 lem
1416 978 1641 1017 justitiarum,
1670 979 1923 1015 cancellarium,
1949 979 2211 1014 thesaurarium,
2237 980 2343 1010 consi-

1328 1031 1455 1066 liarios,
1472 1031 1683 1070 justiciarios
1701 1032 1861 1066 minores,
1880 1033 2095 1063 vicecomites
2113 1035 2144 1063 et
2163 1042 2342 1072 quoscum-

1328 1093 1391 1123 que
1420 1084 1506 1114 alios
1534 1084 1698 1114 officiales
1732 1094 1768 1115 ac
1798 1085 2043 1115 ministeriales
2075 1086 2156 1116 dicti
2186 1087 2281 1125 regni
2310 1088 2343 1117 et

1297 1148 1299 1184 :¹
1327 1137 1448 1167 domus
1464 1139 1530 1173 tue,
1550 1137 1636 1167 sicut
1652 1137 1799 1167 faciebas
1815 1139 1847 1167 et
1868 1138 1975 1168 facere
1992 1140 2140 1176 poteras,
2157 1141 2235 1169 ante
2255 1142 2340 1169 tem-

1327 1199 1390 1229 pus
1423 1190 1655 1229 provisionum
1675 1190 1914 1228 predictarum,
1944 1192 2114 1229 preficere,
2148 1192 2339 1227 instituere,

1328 1243 1511 1273 destituere
1537 1245 1567 1273 et
1589 1252 1758 1279 amovere,
1782 1252 1840 1281 pro
1866 1246 1921 1273 tue
1943 1243 2040 1273 libito
2062 1244 2260 1274 voluntatis.
2283 1244 2342 1276 Ce-

1327 1298 1436 1326 terum
1457 1296 1651 1326 retractavit
1669 1298 1699 1325 et
1716 1296 1860 1326 cassavit
1879 1296 1965 1326 illud
1981 1298 2157 1333 statutum,
2177 1306 2236 1336 per
2251 1298 2342 1337 quod

1327 1358 1467 1387 regumn
1492 1349 1612 1387 Anglie
1637 1348 1779 1378 debebat
1809 1358 1868 1387 per
1896 1349 2073 1388 indigenas
2098 1350 2279 1389 gubernari
2310 1353 2344 1382 et

1328 1402 1516 1440 alienigene
1537 1401 1703 1432 debebant
1721 1401 1761 1431 ab
1778 1402 1894 1432 eodem
1913 1403 2018 1439 exire,
2039 1404 2079 1433 ad
2098 1403 2183 1433 illud
2201 1404 2342 1435 minime

1295 1466 1300 1486 ·,
1328 1455 1510 1490 reversuri,
1529 1457 1679 1494 exeeptis
1696 1455 1778 1490 illis,
1793 1464 1937 1494 quorum
1950 1465 2080 1486 moram
2096 1456 2214 1486 fideles
2233 1457 2344 1496 ipsius

1328 1508 1422 1547 regni
1437 1509 1662 1538 communiter
1681 1511 1904 1547 acceptarent.
1923 1509 1974 1539 Ad
1991 1509 2049 1539 hec
2069 1510 2237 1541 ordinavit.
2253 1510 2344 1549 quod

1298 1561 1444 1596 ,liceret
1481 1561 1682 1599 alienigenis
1720 1570 1838 1591 secure
1872 1562 1905 1591 in
1942 1562 2030 1592 dicto
2064 1570 2165 1601 regno
2204 1563 2344 1598 morari,

257 1611 530 1649 comparentibus
553 1619 664 1640 coram
696 1611 779 1648 ipso,
807 1611 932 1640 auditis
958 1620 1090 1650 quoque
1111 1621 1174 1650 que
1198 1612 1266 1642 t'ue-
1297 1622 1299 1632 ¹

1329 1614 1484 1652 quodque
1508 1615 1544 1644 tu
1576 1616 1645 1644 tam
1671 1614 1878 1653 alienigenas
1907 1624 2007 1653 quam
2040 1615 2228 1654 indigenas,
2256 1624 2342 1654 quos

1329 1667 1387 1697 tibi
1408 1667 1534 1697 videris
1551 1667 1654 1698 utiles
1670 1669 1701 1697 et
1720 1668 1848 1703 11110105,
1863 1668 1904 1698 ad
1920 1668 2101 1698 consilium
2113 1671 2209 1698 tuum
2225 1677 2343 1699 secure

1297 1754 1298 1760 ἵ
1328 1729 1447 1750 vocare
1464 1720 1590 1757 valeas,
1611 1721 1697 1750 sicut
1717 1721 1825 1751 facere
1846 1722 1981 1759 poteras
2004 1723 2080 1751 autc
2109 1724 2244 1760 tempus
2268 1730 2343 1760 pre-

255 1779 314 1809 per
337 1770 561 1808 provisiones,
582 1770 823 1805 ordinationes,
843 1772 968 1800 statuta
988 1773 1020 1801 et
1044 1771 1267 1810 obligationes

1329 1774 1466 1804 dictum.
1481 1774 1575 1804 Dixit
1594 1774 1734 1812 insuper
1751 1776 1781 1804 et
1797 1774 1965 1804 ordinavit
1982 1775 2071 1813 quod
2087 1775 2222 1813 plenam
2231 1778 2344 1814 potes·

1328 1829 1430 1857 tatem
1451 1830 1481 1857 et
1500 1827 1645 1857 liberum
1666 1827 1815 1866 regimen
1840 1828 1874 1857 in
1894 1836 1996 1866 regno
2018 1830 2074 1858 tuo
2093 1830 2124 1858 et
2146 1828 2219 1867 ejus
2244 1829 2343 1867 perti-

1330 1881 1455 1911 nentiis
1481 1880 1616 1913 habeas,
1643 1883 1757 1919 sisque
1780 1881 1812 1910 in
1837 1890 1876 1911 eo
1898 1882 1987 1911 statu
2015 1883 2045 1911 et
2074 1881 2106 1911 in
2131 1890 2169 1911 ea
2191 1881 2344 1920 plenaria

1330 1935 1496 1972 potestate
1518 1934 1549 1963 in
1571 1933 1729 1963 omnibus
1743 1935 1775 1963 et
1800 1943 1859 1972 per
1876 1934 1988 1964 onmia
2005 1934 2090 1964 sicut
2112 1937 2188 1964 ante
2211 1938 2344 1973 tempus

1330 1987 1522 2025 hujusmodi
1541 1986 1723 2017 existebas.
1742 1987 1857 2017 Noluit
1884 1989 2008 2022 autem,
2032 1996 2090 2017 nec
2110 1988 2264 2024 intendit,
2284 1997 2345 2026 per

1329 2040 1522 2078 hujusmodi
1543 2040 1801 2075 ordinationem,
1822 2040 1922 2079 regiis
1944 2040 2145 2079 privilegiis.
2164 2041 2278 2076 cartis,
2304 2041 2345 2071 li·

1330 2093 1529 2126 bertatibus,
1557 2093 1694 2122 statutis
1721 2094 1752 2122 et
1787 2093 2016 2123 laudabilibus
2041 2094 2344 2124 consuetudinibus

1331 2146 1481 2184 ejusdcm
1499 2147 1603 2184 regni,
1619 2155 1682 2184 que
1699 2148 1774 2175 aute
1791 2149 1926 2184 tempus
1944 2147 2094 2185 ipsarum
2110 2147 2343 2184 provisionum

1334 2201 1438 2233 erant,
1451 2199 1484 2228 in
1499 2199 1612 2237 aliquo
1627 2199 1798 2237 derogare.
1811 2200 1964 2238 Denique
1979 2200 2171 2230 ordinatum
2188 2202 2238 2230 est
2256 2199 2346 2239 quod

1330 2254 1517 2282 1000111001
1535 2261 1721 2286 rancorem,
1741 2261 1840 2291 quem
1867 2253 2032 2282 adversus
2055 2253 2225 2290 predictos
2249 2253 2345 2283 baro-

1331 2314 1402 2341 nes,
1414 2305 1588 2335 occasione
1599 2306 1859 2344 premissorum,
1870 2305 2021 2339 babercs,
2035 2306 2120 2344 ipsis
2133 2307 2343 2343 remitteres;

1331 2367 1367 2388 ae
1389 2358 1548 2388 similiter
1571 2358 1783 2388 remitterent
1808 2359 1873 2397 ipsi
1894 2358 1954 2389 tibi
1971 2367 1978 2394 3
1998 2361 2028 2388 et
2051 2359 2141 2397 quod
2158 2367 2246 2389 unus
2263 2359 2345 2390 alte-

1332 2420 1416 2445 10111,
1445 2412 1601 2450 pretextu
1628 2420 1745 2442 eorum
1773 2412 1812 2442 de
1843 2411 1967 2450 quibus
1995 2412 2029 2441 in
2056 2413 2200 2442 eundem
2231 2421 2344 2452 regem

1330 2465 1442 2495 extitit
1461 2465 1758 2503 compromissum,
1781 2473 1840 2503 per
1859 2473 1894 2495 se
1913 2465 1964 2495 vel
1980 2473 2039 2504 per
2059 2465 2164 2495 alium
2183 2474 2249 2496 non
2271 2474 2343 2505 gra·

1330 2519 1384 2548 vet
1404 2518 1443 2548 de
1464 2520 1574 2547 cetero
1593 2519 1626 2547 iu
1649 2518 1764 2557 aliquo
1787 2518 1839 2548 vel
1860 2518 2016 2553 offendat,
2040 2520 2138 2557 prout
2165 2519 2199 2548 in
2221 2518 2346 2549 litteris

1332 2571 1407 2601 111110
1436 2570 1611 2606 consectis,
1641 2571 1719 2601 dicti
1751 2571 1840 2610 regis
1868 2572 2009 2601 Francie
2038 2571 2153 2610 sigillo
2189 2571 2344 2607 munitis,

1331 2624 1465 2663 plenius
1486 2624 1610 2654 dicitur
1631 2624 1807 2654 contineri.

1371 2678 1441 2707 Nos
1461 2677 1575 2715 igitur,
1595 2678 1770 2716 cupientes
1788 2680 1881 2707 tuum
1896 2680 1926 2707 ct
1940 2677 2081 2715 predicti
2102 2677 2196 2716 regni
2216 2678 2343 2708 statum

1331 2731 1578 2769 tranquillitate
1600 2739 1760 2769 prospera
1784 2733 1813 2760 et
1844 2730 2027 2769 tranquilla
2054 2730 2277 2768 prosperitate
2299 2730 2347 2760 vi-

1331 2792 1419 2821 gere,
1446 2784 1554 2822 ipsius
1580 2784 1669 2822 regis
1693 2786 1723 2813 et
1749 2783 1818 2813 tuis
1841 2783 2148 2822 supplicationibus
2176 2783 2342 2817 inclinati,

1332 2836 1577 2866 ordinationem
1597 2836 1802 2875 11111051110111,
1831 2836 1946 2866 taliter
1963 2836 2087 2866 editam
2109 2838 2140 2865 et
2163 2835 2342 2874 prolatam,

1332 2891 1438 2919 ratam
1460 2889 1633 2926 habentes,
1651 2898 1724 2920 eam
1747 2889 1946 2919 auctoritate
1965 2889 2150 2927 apostolica
2168 2889 2344 2919 confirma-
