2547 3289
1023 241 1262 279 TROISIEME
1293 243 1455 280 ANNEE.

203 337 218 356 »
232 328 294 358 Dei
308 329 415 367 gratia
432 329 523 359 tituli
542 330 649 359 sancti
663 330 801 360 Martini
816 329 1015 369 presbytero
1033 331 1208 365 cardinali,

202 381 422 419 »petentibus
436 381 664 420 infrascriptis
680 392 698 411 a
712 382 848 413 domino
864 391 950 421 papa
965 383 1117 413 auditore
1137 391 1212 413 con·

200 442 216 462 »
233 442 340 471 cesso,
351 435 509 473 proponit
523 435 627 465 frater
637 436 823 471 Com-adas,
834 438 1030 474 procurator
1039 436 1164 474 prioris
1180 438 1211 466 et

203 497 218 515 »
240 487 381 517 fratrum
395 488 586 527 Hospitalis
603 489 872 519 Jerosolimitani
894 489 928 518 111
945 489 1086 519 Ρο101113
1102 490 1134 519 01
1146 489 1212 519 Mo-

202 550 217 569 »
236 540 347 574 ravia,
377 543 492 571 contra
519 543 683 571 rectorem
716 541 856 572 ecclesie
887 542 995 572 sancti
1028 541 1144 572 ι1300111
1178 543 1212 571 111

204 603 218 621 11
236 594 633 629 Β1·1111113,010111110011313
652 594 808 630 diocesis,
826 595 926 633 quod,
941 604 1016 624 cum
1035 595 1163 625 decime
1180 599 1211 624 et

202 655 218 675 »
232 646 309 683 jura
333 647 575 685 pai·1·occhialia
594 647 658 677 loci
677 648 716 677 de
735 647 944 686 Cumgelvelt
965 648 1155 686 pertineant
1172 647 1212 677 ad

205 708 219 727 »
236 698 400 737 hospitale
417 699 618 738 predictum,
637 701 668 730 et
689 700 769 730 dicti
791 700 882 738 prior
898 702 929 730 et
948 700 1070 730 fratres
1087 701 1121 730 in
1137 709 1214 739 pos-

206 761 220 780 »
241 752 393 782 sessione
410 752 463 782 vel
480 752 578 791 quasi
600 753 808 782 decimarum
826 754 857 783 et
870 753 999 791 jurium
1018 753 1213 791 hujusmodi

204 817 219 832 »
236 805 433 841 existerent,
452 805 562 835 dictus
590 807 699 835 rector
719 806 868 835 decimas
881 808 912 836 et
925 806 1002 844 jura
1018 805 1214 844 hujusmodi

206 867 221 885 »
240 858 410 896 occuparit
435 859 466 888 et
493 866 532 888 ea
551 858 678 888 detinet
696 858 750 888 vel
773 858 871 896 quasi
891 861 1062 897 occupata⁷
1082 859 1215 897 acjuri—

206 910 298 940 »bus
326 911 487 949 predictis
511 910 801 949 parroechialibus
828 912 935 940 utitur
963 912 1148 949 occupatis,
1180 912 1214 941 in

204 973 219 993 »
233 963 429 993 eorumdem
445 963 637 1002 hospitalis,
654 963 780 1001 prioris
796 965 827 993 et
837 963 979 994 fratrum
989 964 1214 1002 prejudicium

205 1025 220 1045 »
239 1018 270 1046 et
286 1024 478 1055 gravamen.
499 1016 539 1046 Et
554 1016 702 1049 tandem,
717 1018 789 1046 orta
804 1017 946 1046 materia
963 1017 1215 1056 questionis}in-

204 1079 219 1098 »
238 1071 289 1100 ter
305 1071 418 1108 partes
431 1069 601 1107 predictas
617 1077 719 1107 super
738 1069 879 1099 decimis
894 1071 925 1099 et
942 1069 1077 1108 juribus
1100 1070 1216 1109 hujus·

205 1132 220 1151 »
236 1122 339 1159 modi,
357 1124 389 1152 et
407 1131 520 1153 coram
537 1146 557 1153 ..
578 1121 698 1153 abbate
716 1122 961 1161 Montis-Sym,
980 1124 1012 1154 et
1030 1123 1103 1161 ejus
1117 1123 1218 1153 colle-

204 1186 219 1205 »
233 1176 296 1215 gis,
313 1175 486 1214 judicibus
514 1185 532 1206 a
561 1176 639 1206 sede
671 1175 858 1214 apostolica
885 1176 1066 1214 deputatis,
1086 1176 1215 1207 diutius

203 1239 220 1259 »
235 1229 370 1269 agitata,
397 1229 477 1259 dicti
502 1229 634 1268 judices
663 1230 829 1259 rectorem
854 1229 1055 1267 predictum,
1078 1231 1216 1268 propter

205 1292 220 1312 »
239 1283 311 1321 eJus
326 1283 565 1318 contumacias,
581 1281 616 1311 in
633 1281 810 1312 duodecim
822 1281 947 1311 marcis
956 1282 1215 1312 Brunnensibus

205 1346 220 1365 »
236 1335 396 1374 ponderis
415 1336 446 1365 et
470 1335 547 1373 puri
575 1335 717 1373 argenti,
736 1343 963 1373 expensarum
973 1335 1122 1371 nomine,
1141 1344 1218 1365 con-

206 1399 220 1417 »
237 1389 473 1428 dempnarunt,
489 1389 521 1418 et
537 1396 673 1418 causam
686 1388 727 1418 ad
741 1387 855 1418 sedem
872 1388 1104 1426 apostolicam,
1117 1390 1217 1426 prout

205 1452 220 1471 »
238 1443 391 1481 poterant
424 1450 465 1472 ex
496 1441 658 1471 beneficio
685 1441 890 1477 litterarum,
919 1443 1072 1480 tempore
1103 1441 1216 1472 debito

205 1505 219 1524 11
239 1495 455 1525 remiserunt.
473 1495 582 1530 Quare
599 1494 684 1533 petit
703 1494 792 1524 idem
811 1496 1007 1534 procurator
1026 1495 1217 1533 possessio-

204 1558 221 1578 »
238 1557 315 1578 nem
333 1548 542 1578 decimarum
559 1549 591 1578 et
601 1547 731 1586 jurium
747 1547 1032 1586 parroechialium
1053 1548 1216 1586 predicto-

205 1611 220 1630 »
240 1609 314 1631 rum
331 1600 397 1631 sibi
419 1602 452 1631 et
467 1600 567 1631 dictis
586 1601 692 1639 priori
709 1602 739 1630 et
755 1600 930 1634 fratribus,
950 1601 1086 1630 nomine
1103 1600 1218 1639 hospi-

204 1664 221 1684 »
239 1654 318 1685 talis
340 1654 494 1693 predicti,
513 1653 661 1690 restitui,
685 1657 716 1684 et
733 1654 858 1684 dictum
883 1655 1060 1689 rectorem,
1081 1655 1216 1684 nomine

205 1717 219 1736 »
238 1708 325 1738 dicte
351 1707 492 1737 ecclesie
518 1707 626 1737 sancti
641 1706 770 1742 Jacobi,
791 1706 886 1746 cujus
905 1710 1013 1737 rector
1028 1707 1158 1743 existit,
1176 1708 1217 1738 ad

206 1771 221 1790 »
236 1761 488 1791 restitutionem
503 1759 710 1798 hujusmodi,
727 1769 802 1790 011111
821 1760 988 1790 fructibus
1001 1761 1170 1799 perceptis
1185 1762 1217 1791 et

205 1824 220 1843 »
237 1815 295 1853 qui
325 1814 454 1852 percipi
472 1814 654 1852 potuerunt
671 1822 731 1852 per
752 1822 813 1844 sex
830 1822 947 1849 annos,
962 1822 1022 1852 per
1042 1823 1126 1852 quos
1146 1814 1217 1853 jam

205 1877 220 1896 »
237 1867 386 1898 decimas
414 1867 507 1905 ipsas
525 1868 558 1897 et
576 1867 653 1905 Jura
677 1867 884 1905 hujusmodi,
914 1867 1024 1897 tenuit
1044 1868 1216 1906 occupata,

207 1931 221 1949 »
240 1929 326 1959 quos
342 1920 489 1959 singulis
505 1922 601 1950 annis
619 1920 761 1950 extimat
779 1920 898 1958 viginti
914 1928 1046 1950 marcas
1063 1920 1217 1959 ejusdem

205 1983 222 2004 »
241 1973 402 2013 ponderis
415 1975 447 2004 et
460 1973 602 2012 argenti,
616 1981 676 2011 per
691 1981 752 2002 vos
770 1973 1020 2003 sententialiter
1038 1973 1217 2012 condemp-

204 2038 219 2057 »
240 2027 326 2063 nari,
341 2035 378 2057 ac
394 2027 497 2057 etiam
521 2027 686 2056 rectorem
702 2026 905 2065 predictum,
924 2026 1054 2064 prefate
1073 2027 1216 2057 ecclesie

204 2092 219 2110 »
233 2080 380 2115 nomine,
401 2080 442 2109 ad
457 2079 663 2110 solutionem
680 2079 910 2118 predictarum
928 2079 1106 2109 duodecim
1130 2088 1217 2110 mar-

203 2144 218 2163 »
236 2142 351 2164 carum
367 2133 538 2171 compelli.
557 2133 646 2162 Petit
665 2132 767 2162 etiam
783 2141 952 2171 expensas
968 2132 1003 2162 in
1019 2132 1079 2163 lite
1098 2132 1215 2167 factas,

205 2197 220 2216 »
236 2188 268 2217 et
293 2187 500 2225 protestatur
527 2186 567 2216 de
582 2185 747 2215 faciendis
765 2194 849 2224 quas
868 2185 901 2215 in
920 2194 1083 2224 processu
1097 2186 1217 2224 judicii

206 2250 220 2269 »
235 2239 430 2273 declarabit,
449 2239 542 2268 salvo
560 2238 632 2277 jure
651 2240 713 2268 etc.
734 2248 749 2267 »

245 2304 258 2320 11
278 2292 430 2330 Cumque
451 2300 530 2330 pars
552 2292 719 2321 dictorum
739 2291 865 2330 prioris
883 2292 915 2322 et
930 2291 1084 2325 fratrum,
1110 2292 1143 2321 in
1164 2301 1218 2322 311-

206 2345 395 2384 prascripto
424 2353 526 2382 super
542 2344 602 2374 hoc
621 2346 775 2382 porrecto
795 2343 923 2379 libello,
942 2344 1108 2374 instanter
1127 2354 1145 2374 a
1161 2353 1218 2375 no—

206 2399 258 2428 bis
287 2399 417 2437 peteret
444 2397 699 2436 possessionem
721 2397 930 2427 decimarum
955 2399 985 2427 et
1010 2397 1139 2436 jurium
1160 2397 1218 2428 hu-

207 2451 354 2488 iusmodi
391 2450 491 2480 dictis
522 2450 628 2489 priori
661 2452 692 2480 et
726 2449 906 2486 fratribus,
940 2451 1075 2480 nomine
1110 2450 1220 2489 ipsius

206 2504 397 2543 hospitalis,
422 2503 489 2533 sibi
515 2503 661 2538 restitui,
680 2511 716 2532 30
735 2502 862 2532 dictum
880 2504 1044 2533 rectorem
1063 2503 1104 2533 ad
1122 2503 1220 2533 resti·
1250 2513 1251 2519 ¹

209 2558 374 2588 tutionem
401 2556 609 2595 hujusmodi,
635 2564 709 2586 cum
729 2555 896 2586 fructibus
922 2556 1092 2594 perceptis
1109 2565 1151 2586 ex
1171 2556 1221 2586 eis
1250 2576 1252 2599 t

207 2612 239 2641 et
256 2610 314 2649 qui
332 2610 462 2648 percipi
479 2611 672 2648 potuerunt,
685 2617 744 2647 per
761 2617 820 2639 sex
840 2617 946 2639 annos
960 2617 1020 2647 per
1035 2617 1119 2648 quos
1135 2609 1222 2639 deci·
1250 2604 1252 2615 '³

208 2672 281 2694 mas
302 2665 333 2693 et
355 2663 433 2702 jura
459 2662 611 2701 predicta
639 2662 747 2692 tenuit
772 2664 942 2700 occupata,
964 2670 1048 2700 quos
1074 2662 1220 2701 singulis

209 2717 307 2747 annis
323 2715 536 2746 existimavit
555 2715 676 2754 viginti
696 2724 827 2745 marcas
843 2715 994 2754 ejusdem
1013 2715 1174 2754 ponderis
1191 2717 1222 2746 et
1251 2720 1252 2723 ’

208 2769 348 2809 argenti,
359 2778 418 2808 per
433 2777 494 2799 nos
512 2770 520 2788 ¹
539 2768 785 2799 sententialiter
799 2768 1051 2807 condempnari,
1068 2777 1105 2798 ac
1119 2768 1222 2799 etiam

209 2823 249 2853 ad
267 2822 474 2853 solutionem
494 2821 723 2860 predictarum
737 2821 913 2852 duodecim
931 2829 1120 2851 marcarum
1136 2830 1223 2852 com-

245 2939 265 2961 1.
282 2938 320 2962 Le
336 2937 468 2968 Registre
488 2939 568 2967 porte
584 2943 634 2961 vos.

337 2996 477 3025 Urinam
500 2995 555 3029 IV,
575 2997 597 3022 t.
618 2994 659 3027 11,
681 2995 744 3029 1109.
765 2995 824 3022 ord.

2223 255 2283 285 ⁴57

1273 332 1366 369 pelli,
1386 341 1455 367 nos,
1476 332 1559 361 visis
1578 334 1609 362 et
1636 333 1773 363 attentis
1798 333 1977 372 diligenter
1993 334 2211 372 processibus
2228 335 2284 365 113-

1274 384 1354 414 bitis
1379 394 1490 414 coram
1515 385 1688 423 judicibus
1707 387 1914 421 memoratis,
1934 387 2075 425 equitati
2099 396 2283 426 congruum

1243 450 1244 461 i
1273 437 1508 467 existimantes
1532 439 1568 467 ut
1593 438 1719 468 dictum
1746 440 1909 468 rectorem
1923 439 2011 475 ¹juris
2032 439 2150 474 serula,
2169 449 2232 478 que
2251 441 2284 470 in

1273 490 1459 527 presidium
1475 491 1562 520 cedit
1578 491 1691 529 passis
1704 491 1875 529 injuriam,
1887 494 2001 521 contra
2017 501 2092 522 eum
2111 502 2170 531 pro
2185 493 2285 523 dictis

1274 543 1386 580 priore
1407 552 1443 572 ac
1463 543 1625 573 fratribus
1645 544 1836 582 implorata,
1855 545 2014 582 corripiat
2033 547 2065 574 ct
2087 546 2118 574 in
2134 554 2192 575 sue
2212 555 2286 576 con-

1274 596 1418 625 tumacie
1439 596 1665 626 obstinatione
1692 597 1844 636 castiget,
1865 598 2032 636 dictisque
2050 599 2153 636 priori
2171 601 2201 628 et
2221 599 2285 628 fra-

1275 648 1395 683 tribus,
1415 649 1590 678 occasione
1608 650 1748 679 rectoris
1767 650 1886 688 ipsius,
1903 650 1972 687 jam
1994 651 2092 687 longo
2113 652 2220 690 litigio
2241 652 2285 681 fa-

1275 701 1400 739 tigatis,
1424 701 1556 737 justitie
1583 701 1734 732 debitum
1762 705 1929 741 erogetur,
1948 703 2061 733 habito
2093 712 2194 742 3111101
2221 704 2286 733 11113

1276 754 1429 792 diligenti
1455 755 1596 784 consilio
1623 755 1811 793 peritorum
1831 757 1862 785 et
1884 755 2061 785 nobiscum
2085 757 2184 794 piena
2206 757 2287 787 deli-

1276 806 1448 837 beratione
1465 807 1651 846 piehabita,
1666 797 1801 838 eosdem
1816 809 1965 846 priorem
1983 811 2013 838 et
2035 810 2154 839 fratres
2171 810 2202 839 in
2214 819 2287 848 pos-

1276 860 1464 889 sessionem
1493 860 1545 890 vel
1570 861 1668 899 quasi
1694 861 1901 890 decimarum
1933 862 2084 899 ipsarum
2104 865 2134 892 et
2158 863 2287 901 J'urium

1276 913 1557 951 parrocchialium
1572 913 1814 952 predictorum,
1829 923 1940 944 coram
1959 914 2056 943 nobis
2072 924 2132 953 pro
2147 916 2195 945 eis
2215 925 2290 954 por-

1276 967 1366 995 recto
1394 965 1510 996 libello
1532 966 1566 995 in
1584 966 1711 1004 judicio
1731 967 1928 1004 peritorum,
1950 968 2085 997 nomine
2110 968 2290 1006 hospitalis

1277 1018 1430 1056 predicti,
1445 1027 1547 1048 causa
1569 1019 1617 1048 rei
1636 1019 1812 1054 servande,
1830 1019 2055 1053 decernimus,
2068 1020 2202 1058 justitia
2221 1022 2290 1050 exi-

1277 1073 1387 1110 gente,
1404 1072 1473 1101 sore
1494 1071 1688 1108 mittendos,
1709 1080 1745 1101 ac
1768 1072 1862 1110 ipsos
1884 1072 2091 1102 decimarum
2109 1076 2141 1102 ct
2160 1074 2289 1112 jurium

1278 1124 1461 1153 eorundem
1486 1132 1704 1162 possessores
1727 1125 1779 1154 vel
1803 1125 1899 1163 quasi
1924 1126 2173 1159 constituimus,
2192 1135 2290 1164 prop-

1278 1180 1327 1207 ter
1343 1177 1538 1215 hujusmodi
1555 1177 1772 1207 manifestam
1790 1178 2035 1208 contumaciam
2050 1181 2079 1208 et
2101 1179 2291 1209 evidentem

1279 1230 1420 1260 rectoris
1446 1230 1610 1268 ejusdem,
1637 1238 1737 1260 causa
1756 1230 1805 1259 rei
1824 1231 2000 1261 servande.
2018 1231 2172 1261 Dicimus
2189 1232 2291 1262 etiam

1279 1285 1309 1313 et
1329 1282 1587 1321 interloquendo
1611 1283 1873 1321 pronuntiamus
1892 1283 2001 1313 dictos
2016 1284 2164 1322 priorem
2184 1284 2292 1314 01113-

1278 1338 1360 1373 tres,
1371 1337 1507 1366 nomine
1524 1335 1705 1374 hospitalis
1721 1336 1884 1375 ejusdem,
1897 1345 1971 1366 esse
1984 1337 2179 1371 mittendos,
2191 1346 2294 1368 causa

1279 1389 1328 1419 rei
1352 1388 1527 1424 servande,
1548 1388 1583 1418 in
1599 1389 1853 1427 possessionem
1872 1388 2037 1419 bonorum
2054 1390 2233 1420 mobilium
2252 1392 2292 1421 ad

1280 1442 1406 1472 dictum
1423 1441 1741 1477 rectorem,ratione
1755 1450 1910 1480 persone,
1923 1443 2148 1481 spectantium
2161 1443 2213 1473 vel
2231 1444 2293 1473 im-

1279 1494 1470 1529 mobilium,
1481 1495 1509 1524 si
1526 1503 1592 1525 non
1608 1496 1723 1525 extant
1740 1495 1879 1525 mobilia
1897 1496 1938 1525 ad
1951 1496 2100 1526 valorem
2116 1496 2293 1527 duodecim

1280 1556 1469 1578 marcarum
1494 1548 1746 1578 Brunnensium
1774 1549 1934 1586 ponderis
1956 1550 1987 1578 et
2005 1550 2081 1587 puri
2100 1550 2242 1588 argenti,
2258 1550 2292 1580 111

1280 1600 1403 1640 quibus
1418 1601 1506 1630 idem
1532 1603 1640 1631 rector
1656 1602 1854 1631 memoratis
1874 1602 1982 1640 priori
2000 1604 2031 1632 et
2050 1602 2212 1633 fratribus
2231 1612 2292 1642 per

1279 1653 1435 1684 abbatem
1460 1656 1492 1684 et
1524 1654 1596 1692 ejus
1627 1654 1819 1693 conjudices
1849 1655 2062 1693 supradictos
2088 1656 2199 1686 extitit
2230 1665 2291 1695 pro

1279 1708 1352 1737 suis
1365 1707 1585 1737 contumaciis
1602 1707 1879 1746 condempnatus,
1891 1710 1988 1746 prout
2007 1708 2105 1738 nobis
2118 1708 2293 1747 1311100113-

1278 1760 1347 1791 titit
1373 1760 1538 1799 legitimis
1563 1760 1793 1796 documentis;
1821 1769 1950 1791 necnon
1978 1764 2009 1791 et
2035 1771 2095 1800 pro
2126 1762 2292 1793 fructibus

1279 1813 1446 1852 perceptis
1465 1822 1524 1852 per
1550 1813 1678 1844 dictum
1697 1815 1861 1844 rectorem
1882 1823 1900 1844 a
1915 1815 2077 1852 predictis
2100 1824 2159 1845 sex
2183 1818 2292 1854 prete-

1278 1867 1355 1897 ritis
1380 1867 1477 1896 annis
1500 1866 1540 1896 de
1559 1867 1701 1897 decimis
1727 1869 1759 1897 et
1778 1866 1913 1906 juribus
1930 1868 2219 1906 parroechialibus
2238 1877 2292 1899 su-

1278 1920 1451 1958 pradictis,
1467 1919 1507 1949 ab
1522 1928 1560 1949 eo
1578 1919 1665 1949 dicto
1683 1922 1834 1958 tempore
1854 1921 2026 1958 occupatis
2040 1922 2166 1951 temere
2185 1930 2220 1951 ac
2237 1922 2291 1952 de-

1277 1973 1393 2009 tentis,
1413 1981 1512 2003 031133
1527 1973 1577 2002 101
1601 1973 1778 2007 servande,
1797 1973 1830 2002 in
1849 1974 2103 2011 possessionem
2126 1974 2292 2004 bonorum

1278 2026 1458 2056 mobilium
1484 2025 1525 2055 ad
1548 2025 1675 2055 dictum
1694 2027 1859 2056 rectorem
1885 2026 2014 2056 ratione
2034 2035 2175 2064 persone
2200 2036 2291 2065 spec-

1278 2079 1434 2115 tantium,
1459 2078 1513 2108 vel
1540 2078 1781 2115 immobilium,
1801 2080 1829 2108 si
1847 2087 1913 2109 non
1939 2081 2054 2109 extant
2083 2079 2223 2110 mobilia
2251 2080 2293 2110 ad

1279 2133 1429 2163 valorem
1448 2140 1597 2162 annuum
1615 2132 1729 2162 decem
1753 2141 1944 2162 marcarum
1965 2133 2193 2171 predictorum
2213 2142 2292 2172 pon-

1280 2186 1371 2216 deris
1391 2188 1421 2215 et
1448 2185 1588 2224 argenti,
1605 2193 1664 2223 pro
1685 2185 1835 2223 quolibet
1859 2186 2011 2224 ipsorum
2032 2194 2091 2215 sex
2113 2195 2290 2220 annorum,

1275 2239 1470 2278 juramento
1486 2247 1503 2268 3
1530 2239 1747 2276 procuratore
1771 2238 1938 2268 dictorum
1956 2238 2082 2276 prioris
2099 2241 2129 2268 et
2150 2239 2293 2269 fratrum

1280 2301 1392 2322 coram
1409 2291 1506 2321 1101113
1519 2293 1696 2329 propterea
1711 2291 1852 2328 prestito
1863 2294 1893 2321 01
1908 2300 2038 2330 11011103
2049 2291 2292 2322 deliberatione

1281 2354 1318 2375 ac
1338 2346 1510 2375 taxatione
1536 2343 1722 2382 prehabitis
1742 2352 1802 2382 pro
1820 2343 1918 2373 modo
1937 2343 2041 2373 debiti
2065 2343 2238 2374 declarati.
2254 2344 2294 2374 In

1282 2407 1425 2436 quorum
1453 2397 1605 2427 omnium
1630 2397 1863 2427 testimonium
1883 2399 1913 2426 et
1939 2399 2137 2435 perpetuam
2155 2397 2293 2427 firmita—

1280 2453 1361 2486 tem,
1383 2459 1512 2480 necnon
1535 2451 1565 2480 et
1591 2450 1757 2479 dictorum
1779 2449 1905 2488 prioris
1931 2452 1961 2479 et
1984 2449 2137 2485 fratrum,
2159 2450 2294 2480 nomine

1283 2504 1391 2542 ipsius
1416 2503 1608 2542 hospitalis,
1626 2502 1804 2536 cautelam,
1817 2511 1959 2540 presens
1978 2502 2150 2540 publicum
2170 2503 2294 2533 instru-

1283 2559 1431 2587 mentum
1450 2565 1508 2594 per
1532 2564 1652 2586 manus
1670 2555 1803 2585 Nicolai
1819 2555 1859 2585 de
1877 2556 1987 2586 Rocca
2009 2555 2135 2593 publici
2159 2556 2294 2591 notarii,

1283 2610 1404 2640 exinde
1424 2609 1497 2639 tieri
1524 2609 1668 2639 fecimus
1693 2610 1725 2638 et-
1745 2608 1853 2638 nostri
1878 2608 1984 2647 sigilli
2007 2608 2126 2638 robore
2151 2617 2296 2638 commu-

1282 2663 1360 2693 niri.
1376 2664 1497 2693 Actum
1516 2661 1605 2700 apud
1620 2660 1910 2695 Urbemveterem,
1927 2661 1960 2690 in
1977 2661 2125 2700 hospitio
2141 2662 2220 2691 dicti
2240 2661 2296 2691 ‹lo-

1283 2716 1365 2746 mini
1390 2715 1550 2754 Symonis
1568 2713 1764 2747 cardinalis,
1785 2713 1951 2744 auditoris
1971 2714 2056 2744 dicte
2078 2722 2188 2744 cause.
2209 2723 2295 2744 anno

1283 2769 1450 2799 dominice
1473 2767 1720 2797 Incarnatiouis
1739 2766 1923 2796 millesimo
1950 2767 2181 2796 ducentesimo
2203 2775 2297 2797 sexa-

1283 2822 1412 2861 gesimo
1437 2820 1548 2856 tertio,
1573 2828 1689 2850 mense
1709 2819 1843 2857 augusti
1873 2819 1926 2849 die
1952 2819 2112 2850 vicesima
2140 2820 2295 2858 septima,

1252 2896 1253 2907 ,
1286 2874 1466 2905 indictione
1479 2875 1587 2909 sexta,
1601 2872 1818 2911 pontificatus
1830 2872 1959 2902 domini
1974 2872 2112 2908 11113111,
2125 2881 2208 2911 pape
2219 2872 2296 2906 1111,

1252 2945 1253 2948 =
1287 2935 1374 2958 anno
1394 2926 1553 2959 secundo,
1568 2933 1680 2955 coram
1699 2933 1763 2961 me,
1786 2925 1873 2955 dicto
1890 2925 2030 2955 Nicolao
2045 2925 2084 2955 de
2103 2926 2225 2962 110003,
2243 2934 2301 2955 110·

2140 2991 2175 3020 58
