2547 3289
1085 244 1324 283 DEUXIEME
1347 245 1512 282 ANNEE.

262 339 346 372 rent,
356 337 549 367 auctoritate
562 337 743 376 apostolica
752 337 814 367 sub
821 346 906 376 pena
915 335 1271 367 cxcomuumicationis

262 390 297 420 in
313 390 366 420 die
383 390 471 421 Cene
489 390 623 421 Domini
640 391 791 430 proximo
809 391 964 429 preterito
980 389 1164 420 districtius
1179 389 1273 419 duxi·
1302 383 1305 437 ζ

262 451 338 473 mus
363 443 582 474 inhibendum
611 452 651 473 ne
673 444 754 482 ipsis
779 444 889 482 aliqua
919 443 958 474 de
979 443 1102 473 debitis
1121 444 1152 473 et
1176 442 1273 472 bonis

262 496 455 535 huJ'usmodi
468 497 501 526 in
516 498 607 536 parte
621 497 673 527 vel
684 497 716 526 in
726 498 792 527 toto
808 497 1019 527 restituerent
1033 496 1105 526 sine
1117 496 1273 525 mandato

264 550 375 579 nostro
404 550 458 579 vel
486 549 618 580 licentia
645 550 792 588 speciali,
817 550 1051 580 denuntiantes
1076 548 1208 587 publice
1238 556 1274 577 ac

261 603 494 641 peremptorie,
510 604 636 633 astante
649 605 727 633 tunc
741 603 953 633 multitudine
967 602 1115 632 fidelium
1128 601 1273 639 copiosa,

262 656 426 694 quodnisi
441 656 520 686 dicti
533 657 716 687 civesinfra
733 657 853 686 festum
861 655 1078 686 Ascensionis
1094 653 1270 685 Dominice

262 710 416 748 proximo
438 711 516 740 tunc
539 710 701 743 futurum,
725 710 766 739 ad
789 709 925 740 ecclesie
948 708 1103 738 mandata
1129 706 1274 737 redirent

262 764 292 793 et
310 762 459 801 captivos
475 771 559 801 quos
574 762 695 792 habent
712 762 750 792 de
770 762 926 797 Lucanis,
944 769 1044 799 super
1060 769 1124 799 quo
1143 760 1275 789 fuerant

262 825 281 845 a
299 815 396 846 nobis
407 816 525 846 moniti
538 816 725 854 diligenter,
740 815 950 844 restituerent
965 813 1102 852 pristine
1116 812 1273 846 libertati,

263 869 383 898 extunc
400 868 487 898 bona
504 877 619 898 eorum
637 868 838 905 ubicumque
857 867 1096 900 invenirentur,
1116 866 1200 895 sicut
1216 873 1274 894 ex—

262 921 375 959 pedire
400 921 601 955 videremus,
627 928 869 959 exponeremus
896 919 1052 948 fidelibus
1071 918 1272 956 occupanda.

262 974 332 1012 Ipsi
353 983 430 1004 vero
453 975 631 1008 senenses,
655 981 797 1012 quorum
819 973 919 1002 corda
945 972 1114 1002 dormiunt
1132 979 1190 1001 nec
1209 971 1274 1000 cla-
1305 1002 1306 1015 χ

261 1026 384 1057 mantis
411 1026 550 1056 vocibus
569 1026 604 1056 in
623 1025 756 1064 vigilias
776 1025 971 1060 excitantur,
989 1025 1108 1062 spretis
1127 1023 1275 1063 paternis

261 1080 398 1110 monitis
416 1081 448 1110 et
465 1068 992 1117 comminationibusapostolicis
1007 1077 1197 1116 vilipensis,
1218 1086 1274 1106 ne-

261 1134 340 1164 dum
362 1133 450 1172 quod
468 1133 503 1163 in
525 1133 641 1163 eodem
658 1132 800 1162 termino
815 1141 880 1162 non
895 1133 1093 1162 curaverunt
1109 1131 1150 1161 ad
1167 1130 1275 1169 ipsius

261 1187 400 1217 ecclesie
421 1186 528 1217 redire
544 1186 709 1219 mandata,
730 1185 948 1215 verumetiam
969 1184 1154 1218 Manfredo,
1171 1192 1274 1222 quon-
1306 1191 1307 1229 j

261 1240 337 1270 dam
354 1239 498 1278 principi
510 1239 702 1275 Tarentino,
716 1238 920 1277 persecutori
934 1237 1073 1268 ecclesie
1086 1237 1273 1271 manifesto,

261 1293 369 1324 adhuc
393 1294 543 1332 patenter
567 1293 725 1323 adherere
755 1287 963 1331 presumunt’,
988 1290 1086 1329 quasi
1113 1290 1274 1329 prefatam

261 1346 435 1377 ecclesiam
443 1345 567 1376 Christi
576 1354 746 1384 sponsam,
759 1346 952 1375 cunctorum
962 1344 1112 1374 fidelium
1122 1345 1273 1379 matrem,

262 1399 324 1430 sub
341 1399 488 1429 cecitatis
506 1407 614 1429 errore
633 1398 869 1428 miserabiliter
888 1397 1094 1436 abnegarint.
1112 1397 1155 1428 Ut
1174 1397 1276 1435 igitur

261 1452 538 1482 comminationes
561 1450 752 1490 hujusmodi
775 1452 945 1480 transeant
966 1450 1001 1480 in
1024 1450 1187 1485 effectum,
1208 1458 1276 1479 me-

262 1504 400 1534 moratis
420 1503 639 1539 senensibus,
653 1504 748 1541 juxta
766 1512 903 1533 suorum
921 1503 1108 1533 enormium
1123 1504 1153 1533 et·
1169 1503 1276 1533 detes·
1306 1537 1307 1543 ἵ

262 1557 415 1588 tabilium
439 1558 589 1588 reatuum
619 1557 820 1595 exigentiam
844 1557 989 1595 pariture
1017 1556 1176 1590 dolorem,
1202 1564 1274 1590 noS,

263 1620 363 1650 super
380 1611 445 1641 hiis
461 1619 537 1641 cuni
555 1610 714 1640 fratribus
730 1610 852 1640 nostris
868 1610 1019 1648 diligenti
1035 1609 1273 1639 deliberatione

261 1664 445 1703 prehafflta,
459 1664 547 1694 bona
560 1664 722 1694 dictorum
741 1663 865 1693 civium
881 1663 1094 1698 senensium,
1110 1671 1216 1701 usque
1233 1662 1273 1692 ad

262 1717 376 1747 decem
398 1717 490 1747 milia
512 1725 700 1747 marcarum
712 1717 958 1755 sterlingorum,
981 1716 1020 1746 de
1040 1715 1189 1754 ipsorum
1206 1716 1273 1746 fra-

260 1772 350 1800 trum
368 1769 519 1804 consilio,
539 1770 782 1800 sententialiter
802 1769 1012 1808 publicamus
1030 1769 1271 1804 distribuenda,

261 1823 459 1859 exhibenda,
476 1823 637 1854 tradenda
651 1824 682 1853 et
696 1823 1002 1862 assigiiandajiixta
1020 1825 1170 1853 nostrum
1187 1823 1273 1852 arbi-

261 1877 363 1907 trium
374 1878 405 1906 et
420 1876 624 1906 mandatum.
642 1877 761 1906 Actum
777 1876 863 1915 apud
878 1876 1163 1911 Urbemveterem,
1181 1887 1204 1906 11
1218 1885 1275 1906 no-

264 1938 323 1960 nas
336 1929 436 1969 junii,
453 1938 540 1960 anno
560 1934 608 1959 11⁰.
630 1942 643 1956 »

330 2098 402 2129 253

868 2099 992 2130 Orvieto,
1010 2100 1025 2125 4
1039 2099 1103 2131 juin
1124 2101 1201 2127 1263.

296 2181 429 2215 Magistro
443 2181 539 2207 Miloni
557 2180 677 2207 mandat
687 2182 717 2207 ut
727 2181 885 2215 quamdam
902 2190 1052 2208 summam
1065 2190 1082 2209 a
1095 2182 1273 2210 debitoribus
1307 2196 1308 2201 =

259 2229 366 2256 civium
387 2230 558 2257 Senensium
573 2232 704 2257 exactam
725 2233 751 2257 et
770 2230 951 2265 exigendam,
970 2239 1068 2258 coram
1089 2233 1270 2266 praesulibus
1307 2235 1308 2267 t

260 2277 386 2305 fratrum
401 2279 634 2306 Praedicatorutn
652 2281 680 2305 et
696 2279 839 2306 Minorum
855 2287 888 2306 ac
902 2280 1019 2307 officiali
1037 2281 1204 2314 Parisiensi,
1223 2282 1274 2308 tri·
1307 2286 1308 2302 t

261 2327 329 2353 buat
350 2328 531 2361 procuratori
552 2328 677 2355 civitatis
695 2329 835 2356 Lucanae.
854 2329 933 2363 (am.
949 2331 995 2361 26,
1015 2330 1083 2357 anni
1102 2330 1135 2363 ΙΙ,
1155 2339 1189 2357 110
1209 2332 1269 2363 iic,
1307 2334 1309 2352 ἴ

260 2374 308 2401 sol.
326 2376 358 2402 86
376 2379 418 2407 v03
436 2375 580 2402 Pormasr
596 2376 681 2402 -18556
693 2375 726 2410 ¹.)

304 2472 317 2488 α
334 2460 485 2499 Mayistro
497 2459 615 2496 Miloni,
628 2460 775 2500 scriptori
786 2466 814 2490 et
826 2461 930 2490 ηιιηιίο
944 2467 1045 2492 nostro
1060 2463 1090 2492 in
1103 2463 1231 2493 Francia
1244 2470 1271 2494 et

262 2512 371 2553 Anqlie
388 2513 498 2552 reynis.
515 2513 670 2552 Exigente
684 2513 822 2552 pertidia
836 2514 961 2544 civium
975 2515 1177 2546 Senensium
1193 2518 1269 2552 etc.,

263 2567 298 2596 ut
323 2566 359 2596 in
376 2565 541 2604 superiori
565 2566 728 2604 proxima,
746 2566 858 2596 verbis
874 2569 1100 2606 compet-enter
1122 2570 1273 2605 mutatis,

261 2627 367 2658 usque
379 2618 555 2649 arbitrium
566 2619 597 2648 et
610 2619 812 2649 mandatum.
827 2620 913 2650 Sane
929 2620 1067 2659 dignum
1082 2624 1276 2661 reputamus
1308 2633 1309 2658 ς

262 2674 294 2703 et
309 2680 493 2711 congruum
512 2672 548 2702 ut
571 2680 747 2702 commune
766 2672 950 2707 Lucanum,
974 2674 1031 2713 qui
1050 2675 1164 2706 sedem
1181 2685 1275 2714 apos·
1307 2663 1308 2701 1

261 2725 394 2755 tolicam
409 2724 503 2754 filiali
516 2725 720 2763 subjectione
733 2726 902 2764 tamquam
914 2728 1052 2757 matrem
1062 2730 1094 2758 et
1104 2728 1277 2759 dominam

261 2779 510 2817 recognoscunt,
526 2779 558 2807 et
575 2777 632 2816 qui
647 2779 733 2808 stare
750 2780 864 2808 contra
878 2779 1051 2817 publicum
1068 2781 1197 2812 hostem
1212 2791 1276 2821 pro
1308 2814 1309 2824 ¹

293 2853 314 2876 1.
331 2853 369 2877 Le
380 2853 503 2883 Registre
520 2854 596 2883 porte
609 2858 642 2876 en
655 2858 747 2882 marge
761 2861 766 2876 :
797 2853 868 2882 Quod
880 2853 911 2877 de
930 2854 1052 2885 predictis
1064 2855 1149 2880 decem
1166 2857 1270 2881 milibus
1308 2874 1309 2877 ¹

259 2897 437 2925 marcharum,
448 2897 543 2921 dentur
555 2897 722 2927 procuratori
736 2897 878 2921 eommunis
891 2898 986 2922 Lucam·
1000 2906 1046 2923 sex
1064 2899 1135 2925 milia
1154 2902 1275 2927 marcha-

261 2949 328 2965 rum.
343 2942 405 2965 Item
416 2942 448 2966 da
461 2941 548 2965 codem
562 2941 635 2972 infra
650 2940 765 2971 ναρὶίιιΙο
779 2941 879 2965 CXVII.

406 2981 550 3009 URBAIN
569 2980 622 3012 IV,
637 2983 658 3008 t.
675 2980 714 3007 11.
736 2982 798 3014 Req.
816 2981 879 3008 ord.

2290 255 2347 284 113

1334 335 1484 365 libertate
1496 336 1663 366 communi
1679 337 1709 366 et
1722 336 1867 375 legitime
1881 336 2233 375 defensionisjustitia.
2244 344 2342 375 expo-

1335 388 1443 418 nendo
1454 397 1569 419 eorum
1580 389 1666 419 bena
1682 389 1868 428 dispendiis
1881 391 1911 419 et
1923 399 2083 429 personas
2095 389 2264 428 periculis,
2279 397 2344 419 non

1304 446 1305 482 j
1333 443 1527 479 pavescunt,
1544 442 1632 480 apud
1649 442 1760 473 sedem
1778 443 1882 481 ipsam
1899 443 2048 472 savorem
2066 444 2095 472 et
2111 442 2249 480 gratiam
2267 450 2343 472 con-

1336 496 1526 532 sequantur.
1551 495 1711 525 Veientes
1734 495 1833 534 igitur
1852 496 1885 525 in
1904 496 2094 534 hujusmodi
2119 495 2248 533 negotio
2270 503 2342 533 pre‘

1335 547 1495 577 dit-tarum
1523 557 1581 577 sex
1606 548 1735 578 milium
1764 549 1972 578 marcharum
1997 558 2071 578 cum
2106 550 2193 578 tanta
2218 548 2346 578 cautela

1305 638 1306 644 ἵ
1335 601 1479 639 procedi,
1506 601 1593 639 quod
1619 603 1733 631 contra
1762 602 1911 632 fraudem
1941 610 2183 640 quamcumque
2211 608 2344 631 omnem

1335 653 1529 684 adhibuisse
1555 654 1760 691 diligentiam
1781 655 2062 689 ‹mmmewlemur,
2083 654 2274 684 discretioni
2290 655 2344 683 tue

1335 706 1533 736 mandamus
1567 708 1729 745 quatenus
1765 708 1957 737 mandatum
1993 708 2210 746 apostolicum
2245 715 2346 745 super

1334 759 1507 796 premissis
1526 759 1558 788 in
1581 768 1618 789 eo
1638 760 1669 789 in
1689 769 1753 798 quo
1772 761 1854 790 illud
1872 770 1936 791 non
1960 770 1996 790 es
2018 760 2155 790 forsitan
2173 761 2344 795 executus,

1334 811 1510 849 diligenter
1537 821 1704 850 exequens
1727 813 1822 848 juxta
1847 814 1997 843 traditam
2018 814 2074 843 tibi
2101 814 2253 848 formam,
2272 821 2345 852 pre-

1305 902 1306 905 *
1334 864 1421 893 dicta
1445 873 1504 894 sex
1521 865 1614 894 milia
1630 866 1851 900 marcharum,
1875 867 2042 904 quejuxta
2060 867 2175 905 prefati
2199 867 2349 897 mandati

1336 917 1483 946 tenorem
1514 917 1620 947 fecisti
1652 918 1702 947 vel
1736 918 1853 948 fereris
1880 919 2032 953 detineri,
2063 920 2163 949 fan-ias
2193 920 2234 949 ab
2263 921 2348 959 ipsis

1336 969 1541 999 debitoribus
1564 970 1597 999 in
1623 971 1789 1007 presentia
1813 972 1843 1000 et
1862 971 1922 1001 sub
1940 972 2129 1002 testimonio
2148 973 2347 1004 dilectorum

1337 1022 1482 1052 tiliorum
1502 1045 1521 1051 ..
1542 1022 1664 1061 prioris
1684 1024 1935 1053 Predicatorum
1952 1026 1982 1054 et
2004 1049 2023 1054 ..
2047 1026 2220 1063 guardiani
2240 1027 2349 1059 Mino-

1337 1084 1410 1105 rum
1436 1075 1576 1105 fratrum
1588 1085 1625 1105 ac
1642 1099 1662 1105 ..
1681 1076 1835 1106 officialis
1846 1077 2049 1107 Paris-iensis
2063 1079 2095 1108 in
2112 1080 2177 1108 tuis
2190 1081 2347 1111 manibus

1336 1128 1512 1166 assignari.
1529 1129 1795 1160 Contradictores
1813 1131 1873 1160 etc.
1894 1130 1977 1159 Cum
1993 1132 2102 1160 autu-m
2120 1134 2260 1170 pot-unia
2276 1134 2348 1172 ipsa

1335 1181 1395 1211 tibi
1420 1182 1521 1212 fuerit
1544 1183 1721 1221 assignata,
1751 1183 1843 1212 illam
1864 1183 2068 1221 integraliter
2095 1209 2115 1214 ..
2142 1187 2348 1222 procuratori

1337 1235 1414 1265 dicti
1433 1236 1620 1265 communis
1637 1236 1774 1273 Lucani,
1794 1236 1866 1265 sine
1884 1236 2092 1267 difficultatis
2111 1238 2296 1274 011<tacu10,
2315 1239 2348 1269 in

1306 1282 1307 1291 ¹
1336 1288 1503 1327 presentia
1519 1290 1550 1318 et
1565 1289 1627 1318 sub
1643 1289 1834 1319 testimonio
1857 1290 2048 1319 eorumdem
2067 1290 2196 1321 tribuas
2213 1293 2243 1321 et
2266 1292 2348 1322 assi-

1336 1341 1463 1379 gnesin
1476 1342 1652 1372 utilitatem
1668 1342 1774 1380 ipsius
1788 1343 1986 1373 communis.
2004 1345 2101 1382 prout
2113 1344 2178 1374 sibi
2192 1345 2349 1383 expedire

1337 1395 1492 1429 viderint,
1513 1395 1782 1430 convertendam,
1801 1396 1935 1425 eosdem
1958 1404 2036 1426 vero
2053 1397 2203 1435 singulos
2227 1398 2348 1428 debito-

1337 1456 1390 1478 res
1417 1448 1458 1477 ab
1484 1448 1677 1486 hujusmodi
1699 1448 1820 1478 debitis
1843 1458 1902 1487 pro
1925 1450 2166 1487 quantitatibus
2186 1459 2268 1489 quas
2288 1451 2349 1482 tibi

1337 1501 1491 1531 duxerint
1508 1501 1723 1536 exhibendas,
1736 1503 1895 1540 perpetuo
1911 1503 2102 1532 auctoritate
2119 1506 2242 1540 nostr-1,
2257 1505 2348 1535 simi-

1306 1549 1308 1555 '
1337 1554 1413 1584 liter
1439 1554 1474 1584 iu
1496 1555 1663 1593 presentia
1688 1556 1718 1584 et
1740 1555 1930 1585 testimonio
1954 1555 2188 1593 predictorum,
2208 1566 2348 1595 prorsus

1337 1608 1504 1643 absolvas,
1529 1608 1573 1638 ita
1596 1608 1681 1646 quod
1704 1608 1745 1637 ad
1770 1608 1868 1637 aliam
1891 1609 2135 1639 restitutionem
2154 1612 2347 1642 memoratis

1337 1661 1466 1691 civibus
1489 1661 1695 1692 Senensibus
1726 1662 1781 1690 aut
1808 1661 1987 1691 heredibus
2013 1662 2066 1691 vel
2096 1665 2346 1695 successoribus

1336 1715 1529 1745 eorumdem
1545 1723 1603 1744 seu
1620 1714 1696 1744 aliis
1711 1714 1833 1752 quibus
1845 1714 1902 1753 jus
1919 1724 2018 1745 suum
2035 1715 2185 1746 dederint
2201 1718 2257 1746 aut
2271 1726 2345 1748 con-

1306 1770 1307 1778 *
1335 1768 1507 1802 cesserint,
1522 1767 1709 1797 faciendam
1726 1767 1816 1797 nullo
1831 1776 1989 1806 umquam
2012 1770 2158 1807 tempore
2173 1772 2347 1801 teneantur

1306 1846 1307 1851 ,
1336 1829 1394 1850 nec
1423 1822 1555 1859 propter
1582 1820 1642 1850 hoc
1670 1820 1801 1850 valeant
1833 1820 2044 1859 aliquatenus
2075 1823 2259 1858 conveniri,
2287 1824 2346 1854 sed

1307 1901 1309 1903 ,
1335 1874 1455 1903 exinde
1482 1876 1548 1903 tam
1574 1873 1637 1912 ipsi
1661 1882 1760 1912 quam
1788 1882 1902 1903 eorum
1930 1873 2068 1904 heredes
2088 1878 2117 1905 et
2135 1885 2346 1907 successores

1336 1928 1527 1958 remaneant
1546 1927 1678 1965 penitus
1701 1926 1855 1956 absoluti.
1875 1926 1950 1957 Non
1975 1927 2183 1958 obstantibus
2205 1930 2344 1968 quibus-

1336 1989 1476 2018 cumque
1499 1980 1730 2009 instrumentis
1748 1979 1801 2009 vel
1825 1979 1944 2009 litteris
1966 1988 2065 2018 super
2081 1981 2205 2011 eisdem
2223 1983 2345 2013 debitis

1336 2033 1397 2063 sub
1423 2040 1630 2070 quacumque
1658 2031 1836 2062 verborum
1864 2032 1971 2062 forma
1992 2034 2151 2063 confectis
2176 2043 2233 2065 seu
2253 2036 2343 2073 jura-

1335 2086 1456 2116 mentis
1474 2085 1691 2124 interpositis,
1715 2094 1734 2114 a
1756 2085 1878 2124 quibus
1903 2085 2068 2115 debitores
2087 2088 2218 2118 eosdem
2238 2089 2346 2127 quoad

1307 2151 1309 2154 ’
1335 2139 1439 2169 dictas
1453 2139 1652 2177 quantitates
1665 2139 1780 2168 eadem
1794 2139 1996 2174 auctoritate,
2012 2139 2045 2169 in
2063 2141 2229 2178 presentia
2239 2144 2269 2172 et
2283 2142 2346 2172 sub

1334 2192 1526 2222 testimonio
1537 2192 1771 2230 predictorum,
1785 2191 1958 2222 absolvere
1972 2201 2036 2222 non
2047 2195 2226 2232 postponas
2237 2197 2265 2225 et
2277 2197 2348 2234 qui-

1336 2245 1482 2276 buslibet
1492 2246 1600 2284 penis,
1615 2245 1885 2283 obligationibus,
1901 2246 2214 2279 renuntiatitmibus,
2230 2249 2345 2286 pactis,

1307 2323 1308 2326 ,
1337 2298 1615 2329 conventionibus
1625 2298 1816 2336 interJectis,
1830 2298 1928 2327 etiam
1939 2298 1967 2327 si
1978 2298 2036 2328 bec
2047 2299 2159 2329 omnia
2172 2300 2347 2331 veleorum

1337 2352 1449 2391 aliqua
1466 2352 1533 2381 sint
1547 2351 1738 2381 auctoritate
1758 2351 1846 2381 sedis
1865 2351 2044 2389 apostolice
2063 2352 2267 2389 confirmata,
2284 2362 2347 2392 que

1336 2405 1474 2444 prefatis
1497 2405 1628 2435 civibus
1643 2404 1850 2435 senensibus
1871 2404 1978 2442 quoad
1993 2404 2126 2434 easdem
2147 2407 2348 2443 quantitates

1337 2458 1494 2488 nolumus
1516 2458 1552 2488 in
1575 2457 1686 2496 aliquo
1710 2457 1848 2487 minime
1873 2457 2057 2495 suffragari.
2087 2458 2227 2489 Proviso
2259 2461 2348 2498 quod

1338 2512 1371 2541 in
1397 2511 1516 2541 litteris
1541 2519 1605 2549 que
1627 2518 1728 2549 super
1749 2509 1975 2548 assignatione
1996 2510 2189 2549 liuJ'usmodi
2210 2513 2349 2550 pecunie

1337 2564 1398 2595 tibi
1415 2564 1567 2594 facienda
1580 2565 1611 2593 et
1626 2572 1724 2602 quam
1736 2564 1770 2593 tu
1782 2563 1820 2593 de
1839 2563 1897 2592 illa
1913 2563 2014 2593 facies
2025 2564 2183 2602 predictis
2192 2565 2348 2602 Lucanis,

1340 2625 1468 2647 necnon
1489 2617 1697 2647 absolutione
1716 2616 1902 2646 debitorum
1929 2616 2079 2654 ipsorum
2097 2616 2138 2647 ab
2157 2617 2350 2656 hujusmodi

1339 2670 1460 2701 debitis
1482 2670 1710 2703 conficientur,
1728 2671 1821 2699 tuum
1841 2670 1871 2699 et
1889 2669 2081 2699 eorumdem
2101 2670 2233 2708 prioris,
2251 2680 2351 2711 guar-

1339 2723 1430 2754 diani
1457 2725 1487 2753 et
1515 2723 1669 2753 officialis
1690 2723 1799 2761 sigilla
1823 2722 1926 2753 facias
1953 2722 1993 2752 ad
2021 2723 2211 2754 firmitatem
2236 2733 2352 2756 eorum

1339 2786 1401 2816 que
1412 2778 1578 2815 gerentur,
1593 2776 1747 2815 appendi,
1760 2784 1824 2806 una
1839 2783 1914 2805 cum
1931 2775 2014 2814 ipsis
2028 2776 2126 2806 nobis
2140 2778 2233 2816 quid,
2250 2787 2353 2818 quan-

1338 2832 1420 2865 tum,
1438 2830 1571 2869 quaudo
1584 2831 1615 2860 et
1631 2829 1782 2867 aquibus
1797 2829 1836 2858 de
1853 2828 2046 2867 hujusmodi
2065 2829 2186 2861 debitis
2203 2832 2352 2871 assigna-

1337 2886 1407 2915 tum
1426 2883 1537 2919 suerit,
1557 2885 1587 2913 et
1612 2883 1745 2922 quibus,
1764 2883 1844 2921 quid
1861 2884 1891 2913 et
1918 2883 2050 2922 quando
2069 2884 2228 2915 collatum
2247 2888 2278 2916 et
2293 2886 2352 2925 qui

1337 2937 1554 2968 absolventur
1572 2936 1612 2966 ab
1636 2935 1825 2975 hujusmodi
1850 2936 1985 2974 debitis,
2014 2938 2045 2967 et
2068 2937 2102 2968 in
2128 2940 2266 2977 quanto,
2292 2947 2352 2977 per

2182 2988 2211 3012 ¹5
