2547 3289
194 236 253 265 312

195 322 225 348 et
242 318 331 347 cives
353 316 490 355 predicti
518 317 547 344 ct
576 314 728 343 nonnulli
756 322 918 352 sequaces
937 322 1052 342 eorum
1077 312 1201 342 archie-

194 372 366 409 piscopum
393 370 514 407 ipsum,
536 367 749 405 spiritualem
772 367 888 404 utique
916 367 1045 404 patrem
1073 374 1200 400 eorum,

194 427 224 454 et
243 423 460 461 temporalem
475 420 662 454 dominum,
679 422 932 458 persequentes,
946 418 1069 457 spiritu
1090 418 1202 456 nequi-

194 477 238 506 tie
250 486 286 506 ac
298 475 464 505 diabolico
480 475 591 502 furore
607 473 778 507 commoti,
795 472 856 502 Dei
871 473 991 502 timore
1013 471 1201 510 postposito

193 532 222 559 et
239 529 348 558 debite
368 528 538 557 tidolitatis
552 526 662 555 federe
681 526 815 561 violato,
833 525 866 554 in
881 525 1007 555 dictum
1025 525 1201 563 palatium,

193 583 269 612 licet
298 581 400 610 multe
426 579 650 609 immunitatis
672 578 849 617 privilegio
874 578 1083 617 insignitum,
1111 579 1202 607 inva-

192 635 282 664 siout·
294 633 472 663 temeraria
488 632 600 662 subito
615 632 793 667 irruentes,
808 631 841 661 in
858 640 1037 670 personam
1051 631 1202 669 ejusdem

192 686 435 724 archiepiscopi
467 685 649 723 sacrilegas
682 692 802 714 manus
835 684 988 723 injicere,
1024 675 1203 722 ipsumque

191 749 275 769 ausu
300 739 429 768 nefario
453 746 582 777 capere,
609 739 811 776 captumque
837 746 874 767 ac
895 737 1111 767 contumeliis
1129 745 1203 775 pro-

190 793 302 822 brosis
336 792 491 822 affectum
524 793 555 821 et
588 790 723 830 probris
754 791 1012 820 contumeliosis
1048 790 1201 826 illusum,

191 846 294 876 veluti
321 854 415 875 reum
452 845 582 878 mortis,
614 844 778 874 deducere
803 853 862 882 per
894 843 1024 882 plateas
1055 843 1204 873 civitatis

191 898 415 934 coloniensis,
431 898 566 927 deinum
582 898 614 926 in
630 897 774 936 quadam
788 897 886 927 domo
903 897 1085 935 captivum,
1098 896 1204 926 nobili

190 952 263 981 viro
291 977 316 982 ..
346 951 482 981 domino
515 951 554 980 de
586 949 842 987 Falkemborch,
876 959 1035 989 germano
1069 959 1139 986 suo,
1170 949 1205 979 in

191 1007 410 1044 augmentum
438 1004 562 1042 patrati
589 1003 739 1040 sceleris⁷
759 1003 1000 1034 nichilominus
1022 1003 1203 1042 captivato,

190 1058 321 1088 tamdiu
351 1058 501 1088 detinere
531 1057 593 1087 sub
625 1058 696 1087 arta
726 1057 878 1087 custodia
910 1058 1203 1096 presumpserunt,

191 1112 295 1141 donec
313 1111 402 1141 idem
421 1111 696 1149 archiepiscopus
716 1111 865 1149 prestitit
881 1111 1102 1149 corporaliter
1115 1111 1205 1150 Jura-

191 1167 356 1200 mentum,
372 1164 461 1203 quod
479 1173 580 1202 super
596 1164 662 1193 hiis
678 1173 738 1202 per
762 1172 798 1194 se
818 1163 870 1194 vel
887 1173 946 1202 per
968 1163 1072 1193 alium
1094 1164 1205 1202 queri-

192 1218 340 1248 moniam
364 1226 430 1248 non
459 1218 642 1256 deponeret
671 1219 787 1247 contra
814 1226 883 1253 eos⁷
911 1225 970 1247 1188
991 1217 1127 1256 aliquod
1155 1217 1205 1247 eis

191 1273 328 1310 propter
353 1280 390 1301 ea
407 1279 589 1310 gravamen
614 1271 754 1300 inferret
779 1270 831 1300 vel
851 1273 1046 1308 procuraret
1073 1270 1203 1304 inferri,

192 1325 272 1364 quin
304 1325 406 1354 immo
430 1324 471 1354 ad
504 1323 720 1353 obtinendam
757 1323 908 1362 ipsorum
943 1323 1205 1359 absolutionem,

192 1387 252 1416 pro
270 1386 370 1417 posse
388 1386 460 1413 suo,
474 1377 617 1407 fideliter
633 1376 815 1411 laboraret3
832 1378 864 1406 et
878 1377 982 1406 donec
999 1377 1100 1407 etiam
1111 1385 1208 1406 vene-

191 1431 317 1461 rabiles
336 1431 458 1461 fratres
477 1431 584 1460 nostri

193 1485 241 1515 sis
270 1484 431 1523 episcopi,
460 1483 600 1522 predicti
645 1483 889 1522 archiepiscopi
921 1483 1137 1521 suffraganei,
1170 1493 1206 1513 ac

192 1537 325 1567 nobiles
342 1537 405 1567 viri
424 1561 430 1567 .
450 1561 455 1566 .
477 1537 654 1567 (ederensis
672 1538 702 1566 et
730 1560 735 1565 .
752 1561 757 1566 .
780 1536 979 1567 Guelrensis
998 1537 1150 1572 comites,
1170 1545 1207 1567 ac

191 1591 307 1629 plures
333 1591 403 1626 alii,
424 1590 551 1620 eisdem
579 1589 711 1619 civibus
732 1589 927 1619 nolentibus
955 1589 1054 1620 aliter
1081 1590 1207 1620 archie-

192 1645 370 1683 pisc-opum
388 1644 500 1682 ipsum
517 1643 700 1677 dimittere,
717 1643 919 1673 necessitate
936 1646 1087 1682 urgente,
1108 1644 1206 1674 tactis

192 1698 417 1728 sacrosanctis
437 1696 635 1736 evangeliis,
657 1697 857 1735 juraverunt
880 1697 980 1735 quod,
1006 1697 1033 1727 si
1054 1697 1208 1736 prefatus

192 1751 466 1789 archiepiscopus
493 1759 531 1780 ea
558 1759 621 1788 que
646 1750 866 1789 jurejurando
893 1751 1106 1788 promiserat,
1142 1760 1207 1780 non

193 1806 354 1835 servaret.
376 1804 441 1842 ipsi
458 1805 573 1833 contra
588 1812 664 1833 eum
679 1803 808 1833 eisdem
824 1804 904 1833 totis
921 1803 1052 1834 viribus
1069 1805 1206 1834 assiste-

193 1859 278 1893 rent,
300 1865 335 1886 se
353 1856 393 1886 ad
415 1857 448 1886 id
474 1866 532 1894 per
552 1865 632 1886 suas
654 1858 807 1894 patentes
824 1857 957 1886 litteras
974 1860 1005 1887 et
1034 1858 1207 1888 cautiones

193 1910 278 1940 alias
298 1909 489 1948 obligando.
504 1910 575 1939 Nos
589 1910 702 1947 igitur,
718 1910 775 1948 qui
796 1910 935 1940 fratrum
950 1911 981 1940 et
994 1911 1206 1949 coepiscopo-

194 1973 269 1993 rum
288 1965 480 1993 nostrorum
507 1964 652 1992 otl‘ensas
680 1963 834 2001 proprias
860 1965 1068 2002 reputamus,
1094 1964 1208 1994 illatas

194 2017 302 2047 eidem
321 2016 573 2054 archiepiscopo
592 2017 658 2045 tam
679 2024 809 2053 graves,
829 2018 898 2045 tani
918 2018 1048 2046 atroces
1067 2019 1097 2047 et
1114 2026 1208 2047 enor-

194 2079 266 2099 mes
286 2069 439 2107 injurias,
460 2078 524 2098 non
542 2071 609 2098 tam
636 2069 667 2097 in
693 2069 802 2106 ipsius
824 2069 1064 2108 archiepiscopi
1090 2069 1207 2108 obpro-

195 2123 318 2156 brium,
332 2131 431 2161 quani
447 2122 478 2151 in
498 2121 591 2151 illius
606 2122 674 2160 qni,
689 2122 881 2160 ρκ’-(1118811811
896 2123 1037 2152 veritate
1050 2125 1205 2157 testante,

194 2186 229 2205 se
258 2176 291 2205 in
320 2175 392 2204 suis
427 2175 594 2204 ministris
626 2175 729 2212 recipi
764 2176 906 2204 testatur
937 2177 969 2205 et
999 2176 1123 2213 sperni,
1150 2185 1207 2206 nec

196 2229 308 2259 minus
326 2228 357 2257 in
373 2228 521 2266 predicte
536 2228 750 2257 coloniensis
765 2228 906 2258 ecclesie
923 2237 960 2257 ac
979 2229 1207 2259 ecclesiastice

196 2281 364 2311 libertatis
392 2281 515 2318 grande
547 2280 761 2318 dispendium
800 2289 936 2319 vergere
973 2289 1036 2311 non
1073 2282 1208 2319 indigne

194 2336 387 2373 pensantes,
409 2336 437 2362 et
459 2334 712 2363 considerantes
729 2334 816 2372 quod
839 2334 897 2363 hec
917 2334 998 2363 adeo
1021 2337 1097 2365 sunt
1118 2338 1208 2365 noto-

194 2389 244 2418 ria
270 2388 359 2426 quod
387 2387 480 2416 nulla
512 2388 652 2425 possunt
683 2387 961 2425 tergiversatione
986 2388 1099 2419 celari.
1130 2389 1207 2427 quia

195 2441 336 2480 predicti
362 2441 528 2479 magistri,
549 2440 689 2473 scabini,
710 2440 854 2477 judices,
872 2442 903 2470 et
927 2441 1017 2471 cives
1034 2451 1071 2471 ac
1090 2451 1207 2480 sequa—

194 2503 249 2525 ces
262 2503 377 2524 eorum
396 2496 428 2523 in
444 2502 604 2523 catwnem
626 2496 762 2532 propter
781 2493 841 2523 hoc
857 2493 924 2524 late
940 2495 1107 2525 sententie
1129 2495 1207 2525 inci-

194 2548 327 2583 derunt,
349 2548 452 2585 ipsos,
474 2548 629 2585 presente
648 2546 708 2576 hoc
728 2547 817 2577 tideli
840 2547 977 2586 populo,
995 2548 1208 2579 declaramus

197 2603 229 2631 et.
244 2601 483 2630 denuntiamus
507 2600 640 2629 vinculo
660 2601 1020 2631 excommunicationis
1036 2602 1208 2637 astrictos,

195 2653 374 2684 manifeste
392 2656 566 2683 monentes
580 2653 728 2687 eosdem,
744 2655 779 2683 ut
796 2663 903 2692 usque
921 2655 961 2683 ad
979 2655 1099 2685 festum
1119 2655 1208 2685 beati

195 2707 370 2737 Michaelis
393 2707 546 2745 proximo
566 2708 756 2739 venturum,
783 2716 882 2745 quem
901 2716 960 2746 pro
980 2709 1207 2746 peremptorio

196 2761 245 2791 eis
286 2760 429 2790 termino
466 2760 659 2797 protigimus
698 2760 909 2790 satisfaciant
949 2761 1100 2799 plenarie
1143 2762 1207 2800 ipsi

196 2813 448 2851 archiepiscopo
480 2822 539 2851 pro
572 2813 766 2851 premissis,
801 2816 831 2843 et
872 2814 1114 2844 nichilominus
1149 2824 1208 2853 per

196 2869 430 2905 procuratores
441 2866 646 2896 snt‘ticicntes
658 2867 689 2895 et
706 2866 842 2896 idoneos
861 2870 1077 2905 compareant
1096 2877 1207 2898 coram

197 2920 305 2955 nobis,
328 2919 534 2949 satisfacturi
558 2919 706 2957 plenarie
728 2919 825 2949 nobis
849 2922 879 2950 et
898 2921 1038 2951 ecclesie
1059 2921 1097 2951 de
1117 2923 1207 2952 tanta

606 1453 633 1460 ..
651 1430 850 1460 Leodiensis
868 1432 898 1460 et
918 1455 944 1460 ..
963 1430 1206 1460 Monasterien—
1237 1430 1239 1440 ²

956 229 1201 259 REGIsTREs
1224 229 1437 259 D'L‘RBAIN
1462 229 1516 259 lv.

1265 313 1388 351 injuria
1422 315 1452 343 et
1485 313 1648 343 violentia
1684 313 1718 342 in
1750 321 1895 352 persona
1923 314 2005 344 dicti
2033 315 2278 355 archiepiscopi

1265 366 1352 395 facta
1371 366 1512 396 ecclesie
1528 376 1564 396 ac
1582 366 1810 397 ecclesiastice
1829 366 1991 403 libertati,
2015 376 2051 397 ac
2075 369 2203 398 nostris
2225 378 2280 399 su-

1262 427 1322 457 per
1344 418 1410 448 hiis
1435 419 1603 449 mandatis
1621 422 1652 450 et
1674 420 1897 458 beneplacitis
1917 420 2092 451 humiliter
2120 421 2279 460 parituri.

1264 472 1359 507 Quod
1372 473 1401 502 si
1419 472 1478 502 hec
1496 481 1561 502 11011
1573 473 1724 507 fecerint,
1739 482 1801 503 nos
1816 474 1909 512 ipsos
1924 473 2138 504 decernimus
2148 483 2282 504 excom-

1263 525 1506 555 municationis
1533 526 1698 556 sententie
1723 534 1826 564 quam
1844 527 1879 556 in
1903 535 1961 556 eos
1985 535 2118 557 exnunc
2140 528 2281 565 proferi-

1263 587 1352 614 mus,
1374 578 1559 618 subjacere,
1578 581 1609 609 et
1622 579 1807 617 predictam
1825 579 1997 610 civitatem
2010 589 2146 611 manere
2159 583 2282 611 extunc

1265 632 1494 662 ecclesiastico
1513 632 1727 670 suppositam
1745 633 1935 663 interdicto.
1960 634 2013 663 Ad
2032 633 2091 663 hoc
2111 634 2282 673 predictos

1265 685 1554 724 archiepiscopum
1569 688 1599 715 et
1617 686 1795 724 episcopos
1817 695 1853 716 ac
1872 686 2005 716 nobiles
2023 689 2053 717 et
2072 687 2158 717 alios
2174 697 2192 717 a
2209 696 2282 727 pre-

1265 738 1365 768 dictis
1391 739 1606 777 juramentis,
1631 741 1678 773 ut,
1703 739 1753 768 eis
1781 748 1910 769 necnon
1940 742 1973 770 et
2003 740 2218 770 cautionibus
2247 742 2279 771 et

1265 791 1532 831 obligationibus
1547 792 1738 829 antedictis,
1757 802 1842 832 quas
1856 802 1897 823 ex
1915 793 2027 823 officio
2041 796 2156 824 nostro
2173 803 2284 824 cassa-

1265 855 1353 882 mus,
1373 855 1576 876 evacuamus
1600 848 1630 876 et
1658 846 1833 876 irritamus
1858 856 1895 876 ac
1920 847 2049 877 nullius
2067 848 2283 878 decernimus

1266 898 1413 928 existere
1448 899 1632 935 firmitatis,
1665 908 1877 938 nequaquam
1912 899 2138 934 obstantibus,
2172 893 2284 931 dictus

1266 952 1540 991 archiepiscopus
1555 953 1612 992 jus
1629 962 1729 983 suum
1755 962 1857 992 super
1882 953 2044 992 predictis
2065 954 2226 993 prosequi
2243 954 2284 984 li-

1265 1004 1344 1035 bere
1363 1005 1484 1042 valeat,
1513 1006 1599 1036 sicut
1618 1006 1814 1045 hujusmodi
1829 1007 2021 1045 juramento
2041 1016 2106 1037 11011
2129 1008 2282 1046 prestito,

1265 1058 1300 1088 id
1317 1058 1408 1089 licite
1427 1059 1535 1089 facere
1548 1060 1727 1098 potuisset,
1745 1069 1782 1090 ac
1800 1060 1951 1098 episcopi
1969 1063 1999 1090 et
2013 1060 2146 1091 nobiles
2156 1061 2283 1100 aliique

1265 1111 1408 1150 predicti
1436 1112 1633 1142 memoratis
1653 1113 1830 1151 sacrilegis
1856 1116 1971 1143 contra
1997 1113 2124 1143 dictum
2157 1114 2284 1145 archie-

1265 1165 1443 1203 piscopum
1461 1166 1623 1195 assistere
1642 1165 1783 1195 minime
1800 1168 1991 1200 teneantur,
2006 1167 2192 1204 apostolica
2209 1176 2285 1197 auc-

1265 1219 1402 1249 toritate
1419 1218 1632 1248 absolvimus
1645 1221 1676 1248 et
1694 1219 1909 1249 decernimus
1926 1219 2112 1256 absolutos,
2130 1220 2177 1250 ita
2193 1221 2285 1259 quod

1266 1274 1444 1311 propterea
1472 1274 1602 1302 reatum
1629 1272 1770 1310 perjurii
1797 1281 1856 1302 seu
1880 1273 2037 1311 quamvis
2063 1273 2202 1303 infamie
2226 1283 2283 1305 no-

1265 1328 1335 1356 tam
1353 1325 1495 1364 predicti
1524 1325 1810 1364 archiepiscopus,
1833 1326 1997 1364 episcopi,
2023 1326 2155 1357 nobiles
2173 1329 2206 1357 et
2225 1327 2285 1357 alii

1266 1388 1332 1409 non
1361 1380 1534 1409 incurrant
1567 1381 1598 1409 et
1626 1379 1868 1410 nichilominus
1898 1381 2078 1420 episcopis,
2110 1381 2285 1413 nobilibus

1267 1433 1413 1471 aliisque
1429 1433 1603 1471 predictis,
1629 1433 1691 1463 sub
1710 1442 1796 1472 pena
1819 1435 2193 1471 excommunicationis,
2216 1435 2282 1465 dis-

1266 1486 1401 1516 trictius
1423 1486 1628 1522 inhibemus,
1652 1496 1693 1518 ne
1722 1487 1823 1517 dictis
1850 1488 2027 1527 sacrilegis
2051 1489 2084 1518 in
2103 1489 2284 1527 premissis

1268 1539 1429 1570 assistere
1448 1549 1582 1579 quoquo
1603 1541 1702 1571 modo
1717 1543 1928 1579 presumant.
1956 1542 2078 1572 Actum
2105 1543 2194 1581 apud
2221 1543 2283 1573 Ur-

1266 1593 1507 1627 bemveterem,
1531 1604 1579 1623 1111
1608 1595 1773 1625 kalendas
1792 1595 1891 1633 junii,
1912 1595 1944 1624 in
1970 1595 2024 1625 die
2041 1595 2197 1626 videlicet
2221 1597 2284 1626 As-

1268 1647 1438 1677 censionis
1455 1648 1635 1682 dominice,
1655 1657 1741 1678 anno
1754 1649 1825 1678 III0.
1845 1659 1860 1677 »

1358 1801 1430 1831 (350

1807 1799 1931 1830 Orvieto,
1954 1800 1994 1826 1Η
2005 1799 2118 1835 janvier
2134 1800 2211 1827 1264.

1304 1875 1443 1909 Episcopo
1468 1874 1618 1901 Sabincnsi
1639 1875 1814 1902 visitationis
1840 1877 1868 1902 et
1893 1875 2080 1903 correctionis
2107 1876 2235 1903 officium
2256 1876 2285 1903 in

1238 1943 1239 1946 ¹
1267 1924 1389 1951 ecclesia
1401 1925 1434 1950 dc
1444 1923 1604 1958 Appamiis,
1619 1924 1797 1950 Tholosanae
1809 1924 1944 1955 diocesis,
1957 1925 2126 1952 committit.
2141 1926 2222 1960 111116.
2239 1926 2287 1958 28,

1268 1973 1318 2000 fol.
1339 1976 1383 1999 1513.
1399 1981 1466 1999 anu.
1482 1973 1528 2004 ΙΙΙ,
1546 1977 1577 1999 110
1593 1974 1667 2007 252.)

1309 2082 1323 2095 «
1349 2092 1354 2097 .
1373 2094 1378 2099 ,
1401 2069 1539 2107 episcopo
1557 2068 1729 2096 Sabinensi.
1747 2067 1839 2097 Inter
1857 2067 1942 2097 alias
1960 2067 2211 2098 sollicitudines
2233 2084 2282 2098 —.

1238 2107 1239 2158 f
1268 2123 1354 2151 Sane
1372 2122 1412 2151 ad
1437 2121 1644 2150 audientiam
1664 2122 1815 2150 nostram
1842 2121 1995 2159 pervenit
2026 2120 2115 2159 quod
2141 2120 2285 2151 ecclesia

1238 2171 1239 2179 ¹
1268 2175 1308 2205 de
1341 2174 1531 2213 Appauniis,
1560 2174 1689 2203 ordinis
1722 2174 1828 2203 sancti
1863 2174 2058 2212 Augustini,
2091 2173 2284 2205 Tholosane

1269 2228 1426 2262 diocesis.
1457 2228 1593 2266 propter
1613 2227 1779 2257 malitiam
1800 2229 1832 2257 et
1851 2227 2015 2257 incuriam
2044 2228 2284 2257 canonicorum

1269 2281 1390 2320 ipsius,
1409 2280 1692 2310 committentium
1711 2280 1816 2310 multa
1833 2280 1984 2310 enormia
1998 2289 2062 2319 que
2078 2280 2196 2311 limam
2215 2290 2286 2311 801-

1270 2335 1430 2364 rectionis
1454 2335 1652 2372 exposcunt‚
1676 2334 1708 2363 in
1726 2333 1971 2372 temporalibus
1991 2335 2022 2363 et
2043 2333 2284 2372 spiritualibus

1269 2396 1335 2418 non
1349 2387 1516 2417 modicum
1533 2390 1580 2417 est
1599 2387 1761 2426 collapsa.
1780 2387 1851 2417 Nos
1867 2387 1992 2426 itaque,
2005 2387 2045 2417 de
2063 2387 2287 2427 circumspec-

1268 2441 1372 2472 tionis
1386 2444 1441 2471 tue
1459 2440 1638 2479 prudentia
1653 2442 1807 2479 gerentes
1826 2441 1860 2470 in
1876 2440 2022 2470 Domino
2041 2441 2198 2471 fiduciam
2217 2441 2286 2480 ple-

1269 2495 1410 2529 niorem,
1433 2494 1632 2523 mandamus
1653 2494 1813 2532 quatinus
1830 2502 1890 2532 per
1908 2495 1940 2523 te
1958 2493 2010 2523 vel
2026 2502 2086 2532 per
2103 2493 2207 2523 alium
2227 2496 2284 2525 aut

1269 2548 1355 2579 alios
1368 2548 1517 2586 corrigas
1533 2550 1561 2577 et
1579 2547 1743 2577 reformes
1754 2547 1879 2577 ibidem
1892 2547 1980 2577 circa
1992 2555 2156 2585 personas
2172 2547 2282 2586 ipsius

1269 2601 1410 2631 ecclesie
1434 2601 1631 2631 auctoritate
1659 2603 1783 2631 nostra.
1806 2609 1951 2639 persona
1973 2599 2106 2630 abbatis
2131 2600 2284 2639 ejusdem

1269 2654 1467 2685 monasterii
1493 2663 1567 2684 cum
1596 2656 1674 2684 tuus
1701 2654 1767 2692 (sic)
1797 2654 1829 2683 in
1849 2654 1941 2683 curia
1966 2654 2119 2684 Romana
2138 2662 2284 2684 commo-

1270 2716 1348 2737 rans
1375 2710 1572 2746 procurator
1599 2708 1735 2743 existat,
1756 2707 1931 2737 dumtaxat
1949 2709 2101 2746 excepta,
2125 2715 2190 2746 que
2214 2715 2284 2737 cor-

1270 2761 1429 2791 rectionis
1459 2763 1489 2791 et
1523 2761 1777 2791 reformationis
1810 2760 1920 2790 officio
1953 2760 2088 2790 noveris
2119 2760 2280 2799 indigere.

1268 2815 1343 2844 Non
1370 2814 1522 2844 obstante
1550 2832 1596 2844 -.
1630 2813 1916 2844 Contradictores.
1944 2815 2005 2843 etc.
2032 2813 2200 2848 Inweato,
2219 2815 2282 2844 etc.

1270 2868 1392 2898 Datum
1418 2868 1505 2907 apud
1526 2867 1815 2902 Urbemveterem,
1836 2866 1992 2896 kalendis
2009 2866 2170 2905 januarii,
2195 2875 2281 2897 anno

1270 2921 1339 2951 111⁰.
1361 2932 1374 2949 11
