2547 3289
1097 289 1333 328 DEUXIEME
1355 289 1518 327 ANNEE.

253 389 332 411 nem
346 382 551 420 premissam
571 383 693 414 factam
711 384 750 414 de
769 384 843 423 ipso
863 384 972 414 fuerat
994 384 1211 422 acquisitum,
1237 385 1269 414 et
1299 386 1301 425 ζ

251 434 391 464 demum
409 435 441 465 in
464 436 592 466 dictum
616 437 824 476 episcopum,
842 438 911 467 tam
929 437 1001 476 ipse
1021 446 1121 476 quam
1141 437 1192 467 illi
1211 437 1269 476 qui
1300 426 1301 431 ¹

252 496 333 517 eum
358 487 542 527 elegerant,
564 491 820 520 consenserunt.
838 490 1047 520 Memoratus
1066 499 1199 528 quoque
1219 499 1270 520 ar—

250 539 502 580 chiepiscopus,
515 542 762 581 adpetitionem
772 544 933 578 vestram,
945 543 1176 581 supradictam
1186 543 1269 572 elec-

251 592 393 629 tionem,
410 603 474 632 que
494 595 534 624 de
549 595 708 634 episcopo
725 595 894 625 celebrata
908 595 1028 631 fuerat,
1060 595 1270 625 confirmavit

251 653 291 675 ac
305 645 371 676 sibi
384 656 507 677 munus
520 648 785 678 consecrationis
796 648 973 686 impendit.
986 648 1057 678 Nos
1068 649 1184 678 autum
1197 656 1271 677 con-

252 699 483 731 firmationem
506 701 714 739 hujusmodi,
742 701 822 740 quia
854 701 976 740 ipsam,
998 702 1113 739 utpote
1149 701 1270 731 factam

253 753 421 790 pendente
440 753 606 792 prelibato
617 754 750 793 negotio
768 762 880 784 coram
891 754 1009 784 eodem
1021 753 1203 789 cardinale,
1222 753 1270 783 in-

253 806 412 836 venimus
428 815 504 836 esse
522 806 664 843 nullam,
685 806 908 842 cassavimus,
920 806 1016 835 illam
1034 814 1167 835 cassam
1187 807 1218 835 et
1228 806 1271 835 ir-

254 858 357 888 ritam
373 859 570 889 nuntiando.
585 860 626 889 Et
643 859 859 897 postmodum
873 859 1088 888 advertentes
1103 859 1271 897 dignaque

252 911 527 942 consideratione
562 913 745 950 pensantes
770 911 922 949 ejusdem
951 911 1101 950 episcopi
1120 910 1271 941 laudabi-

254 964 341 994 lium
353 965 485 1003 copiam
499 964 699 994 meritorum
713 966 745 994 et
759 964 852 1003 gregi
869 964 1039 994 dominico
1058 964 1271 994 intendentes

253 1017 386 1047 utiliter
394 1020 534 1056 paterna
545 1017 721 1056 diligentia
733 1017 923 1055 providere,
936 1017 1062 1046 dictum
1077 1016 1272 1055 episcopum

251 1124 322 1154 tate
348 1124 520 1160 decorum,
542 1123 683 1153 scientie
708 1123 869 1153 litteralis
887 1123 1072 1153 eminentia
1088 1123 1271 1161 preditum,

252 1230 433 1260 caritatem
451 1231 565 1269 vigere
584 1239 763 1268 speramus
785 1238 864 1269 erga
881 1229 1016 1268 plebem
1034 1238 1095 1259 suo
1114 1229 1273 1268 regimini

251 1283 538 1320 commendatam,
558 1283 598 1313 de
609 1283 753 1313 fratrum
766 1284 961 1313 nostrorum
971 1282 1115 1312 consilio
1135 1284 1167 1312 et
1177 1291 1273 1321 apos-

251 1336 356 1366 tolice
372 1336 552 1375 potestatis
562 1336 773 1375 plenitudine
786 1336 853 1375 ipsi
868 1336 1010 1366 ecclesie
1028 1336 1062 1366 in
1076 1335 1274 1374 episcopum
1305 1353 1306 1376 t

253 1389 463 1428 prefecimus
482 1391 514 1420 et
538 1391 722 1428 pastorem,
752 1389 949 1428 insurgente
970 1388 1069 1419 nobis
1097 1389 1218 1419 fiducia
1242 1391 1274 1419 et
1305 1383 1306 1386 ¹

254 1451 316 1481 spe
330 1443 449 1482 grandi
470 1444 631 1481 concepta
651 1443 740 1482 quod
758 1443 876 1473 eadem
892 1442 1037 1472 ecclesia
1054 1451 1114 1481 per
1133 1451 1193 1472 sue
1211 1442 1272 1472 cir·
1305 1462 1306 1465 =

250 1496 522 1535 cumspectionis
554 1496 759 1526 industriam
780 1495 1023 1530 laudabilibuS,
1052 1496 1188 1525 auctore
1206 1495 1274 1525 Do·
1305 1526 1306 1532 ,

253 1549 360 1585 mino,
381 1549 608 1588 spiritualiter
626 1551 657 1580 et
668 1549 904 1588 temporaliter
921 1550 1100 1587 consurget
1115 1557 1274 1587 augmen-

251 1603 312 1633 tis.
330 1603 495 1638 Quocirca
512 1603 729 1633 universitati
742 1604 854 1632 vestre
867 1611 926 1641 per
943 1602 1130 1640 apostolica
1147 1601 1274 1640 scripta

252 1656 458 1686 mandamus
475 1658 642 1695 quatenus
656 1656 800 1686 eundem
817 1655 1026 1694 episcopum,
1047 1655 1089 1685 ad
1103 1655 1274 1694 supradic-

252 1710 324 1739 tam
345 1709 524 1740 ecclesiam
541 1718 617 1740 cum
634 1709 882 1739 benedictionis
898 1710 1012 1739 nostre
1032 1710 1137 1748 gratia
1159 1717 1272 1747 proce·
1305 1743 1306 1748 ¹

251 1764 403 1799 dentem,
424 1763 542 1793 devote
577 1771 613 1793 ac
644 1763 786 1802 ylariter
820 1763 1039 1793 admittentes
1072 1764 1104 1792 et
1133 1762 1272 1792 honeste

251 1818 450 1853 tractantes,
474 1816 540 1846 sibi
556 1818 732 1855 tamquam
766 1816 854 1854 patri
873 1817 904 1846 et
923 1815 1052 1854 pastori
1081 1815 1273 1846 animarum

254 1872 448 1900 vestrarum
464 1869 640 1900 humiliter
654 1868 828 1900 intendere
846 1869 980 1908 ipsique
995 1868 1222 1899 obedientiam
1242 1870 1273 1899 et

254 1923 482 1953 reverentiam
497 1922 645 1953 debitam
661 1923 857 1953 etdevotam
875 1922 1034 1952 exhibere
1047 1922 1184 1959 curetis,
1199 1922 1272 1961 ejus
1304 1943 1305 1946 =

252 1976 408 2006 salubria
424 1976 551 2006 monita
572 1977 604 2006 et
624 1976 784 2006 mandata
802 1975 1019 2014 suscipiendo
1037 1975 1156 2005 devote
1173 1984 1210 2005 ac
1228 1975 1273 2005 ef·
1304 1975 1306 2011 ]

254 2029 405 2060 ficaciter
422 2029 650 2068 adimplendo.
672 2029 837 2067 Alioquin
857 2029 1061 2059 sententiam
1083 2030 1143 2059 etc.
1166 2037 1273 2067 usque

252 2083 442 2114 Observarl'
462 2083 587 2113 Datum
615 2082 706 2122 apml
722 2082 1014 2118 Urbemveterem'
1045 2092 1080 2111 ΠΙ
1110 2082 1273 2112 kalendas
1336 2108 1514 2147 illegitime
1525 2107 1916 2146 genitosasusceptione
1927 2106 2130 2145 dignitatum
2145 2106 2351 2137 ecclesiasti-

1305 2159 1306 2184 1
1336 2170 1452 2192 carum
1467 2163 1498 2192 et
1518 2160 1676 2191 ordinum
1686 2168 1872 2195 sacrorum,
1890 2168 2056 2190 canonum
2070 2160 2226 2190 instituta
2244 2160 2351 2199 repel-

1305 2241 1306 2247 ,
1336 2216 1418 2250 lant,
1437 2223 1512 2245 cum
1531 2214 1580 2244 eis
1600 2215 1724 2250 tamen,
1745 2213 1804 2252 qui
1822 2222 1955 2243 morum
1972 2213 2146 2243 honestate
2172 2222 2207 2243 ac
2225 2213 2351 2243 littera-

252 2136 402 2176 augusti,
422 2145 509 2167 anno
530 2146 551 2166 11
572 2142 592 2166 ⁰.
611 2148 626 2164 »

347 2306 422 2337 332
845 2313 970 2345 Orvieto,
987 2315 1024 2339 1ΒΓ
1039 2315 1105 2340 aout
1124 2314 1201 2341 1263.

291 2394 482 2426 Benevenuto,
510 2393 713 2421 archidiacono
730 2394 922 2426 Anconitano,
947 2394 1275 2421 ecclcsiaeAuximanae

252 2443 488 2477 procurationem
506 2443 674 2470 committit.
693 2444 821 2478 -111110,
840 2445 884 2475 ⁶26,
903 2443 970 2470 anni
987 2444 1020 2474 ΙΙ,
1040 2448 1071 2469 n⁰
1089 2444 1137 2470 194
1152 2444 1201 2474 bis,
1223 2443 1272 2471 sol.

259 2493 307 2519 108
326 2493 375 2527 νο).

297 2602 313 2618 «
334 2590 764 2625 Benevenum,archidiacono
779 2591 986 2622 Αησοηὶίαηο.
997 2592 1100 2622 Recte
1115 2591 1226 2630 agitur
1243 2592 1274 2621 et

255 2662 305 2673 —.
321 2644 391 2674 Nos
404 2644 507 2682 igitur
523 2644 723 2682 diligentius
739 2644 955 2675 advertentes
971 2645 1071 2683 quod,
1085 2645 1114 2674 si
1127 2644 1274 2683 neglige-

255 2698 350 2727 retur
366 2697 510 2727 ulterius
526 2706 605 2727 cura
621 2697 762 2728 ecclesie
778 2698 975 2732 Ausimane,
992 2697 1089 2728 facile
1101 2698 1135 2728 in
1147 2699 1274 2736 tempo-

254 2749 387 2780 ralibus
405 2752 437 2780 et
457 2750 698 2788 spiritualibus
717 2759 818 2789 grave
839 2750 1030 2789 periculum
1057 2751 1128 2789 pati
1144 2752 1272 2789 posset,

255 2805 289 2834 et
306 2803 458 2834 volentes
471 2802 512 2833 ob
521 2803 582 2833 hoc
594 2803 697 2834 talem
709 2804 751 2834 ad
769 2804 881 2842 ipsius
897 2803 1085 2834 custodiam
1098 2804 1272 2842 deputare,

254 2857 354 2896 cujus
366 2856 514 2887 bonitate
533 2865 569 2887 ac
580 2857 692 2887 studio
707 2857 899 2896 preservari
910 2866 929 2887 a
942 2857 1055 2887 noxiis
1065 2857 1106 2887 ad
1123 2857 1275 2887 salubria

255 2910 361 2949 dirigi
381 2912 412 2940 et
433 2910 468 2940 in
498 2910 673 2949 prosperis
691 2910 813 2948 possit,
832 2910 904 2940 Deo
922 2910 1082 2949 propitio,
1102 2910 1272 2949 ampliari,

257 2963 470 3002 providentie
505 2964 560 2993 tue
580 2963 743 3000 humeris,
778 2963 898 2993 confisi
931 2963 971 2993 de
993 2963 1043 2993 tui
1073 2962 1273 2994 fortitudine

384 3017 524 3044 URBArN
546 3017 600 3050 IV,
621 3018 642 3044 t.
663 3016 702 3043 ΙΙ.
724 3017 790 3050 1169.
812 3016 873 3044 ord.

2285 300 2342 330 153

1331 383 1435 413 animi
1454 385 1485 414 et
1511 383 1687 423 diligentia
1705 385 1959 424 clrcumspccta,
1991 386 2100 424 ipsius
2129 386 2268 416 ecclesie
2287 395 2342 416 cu-

1330 445 1402 466 ram
1421 438 1453 467 et.
1471 437 1620 475 regimen
1640 446 1756 467 secure
1775 438 1992 476 imponimus,
2023 439 2243 468 concedentes
2261 441 2291 468 te
2308 438 2342 468 in

1330 491 1583 528 procuratorem
1602 490 1710 520 eidem
1743 491 1885 521 ecclesie
1912 493 1943 521 et
1964 492 2031 521 tam
2052 492 2084 521 in
2103 491 2342 530 spiritualibus

1331 551 1432 580 quam
1450 542 1696 581 temporalibus
1713 545 1984 582 procurationem
2002 545 2093 574 illius
2112 544 2172 574 tibi
2190 544 2342 583 plenarie

1331 596 1595 631 cmmnittentes3
1616 597 1663 626 ita
1678 597 1766 635 quod
1783 597 1816 626 in
1835 597 1986 636 utrisque
2006 598 2221 636 disponendi,
2240 597 2344 636 preci-

1331 648 1444 686 piendi
1461 650 1493 679 et
1509 650 1687 679 ordinandi
1704 649 1821 686 libere,
1840 652 1937 688 prout
1955 650 2106 688 ejusdcm
2126 650 2267 681 ecclesie
2282 650 2344 680 uti-

1331 701 1486 731 litatibus
1507 703 1666 740 expedire
1686 703 1824 739 videris7
1846 704 1978 742 plenam
1992 703 2115 733 habeas
2134 704 2340 733 facultatem.

1331 754 1477 793 Ideoque
1493 755 1689 786 discretioni
1710 758 1764 786 tue
1783 765 1842 794 per
1859 757 2045 795 apostolica
2063 757 2188 794 scripta
2206 756 2341 786 manda-

1332 816 1408 837 mus
1423 808 1595 846 quatinus,
1616 809 1734 838 devote
1754 809 1946 847 suscipiens
1968 818 2041 839 cum
2062 810 2183 839 fiducia
2207 809 2344 847 imposi-

1302 879 1303 882 =
1332 862 1404 890 tum
1420 861 1592 891 aDomino
1608 861 1670 891 tibi
1687 871 1771 891 onus
1789 864 1818 891 et
1835 862 2052 892 summittens
2069 863 2343 892 i'ortitudinistne

1302 905 1304 945 ἶ
1333 913 1457 942 collum
1474 914 1515 943 ad
1535 913 1728 952 hujusmodi
1749 914 1992 944 sollicitudinis
2025 915 2203 951 sarcinam,
2236 917 2344 945 mente

1334 965 1448 995 stabili
1474 967 1702 1002 deferendam,
1728 968 2002 1005 procurationem
2033 968 2143 1006 ipsam
2165 968 2346 1006 diligenter

1303 1037 1304 1040 =
1333 1027 1430 1057 geras
1448 1021 1477 1049 et
1494 1019 1676 1050 salubriter
1693 1029 1730 1049 ac
1744 1020 1874 1049 utiliter
1891 1021 2082 1059 exequaris
2100 1021 2149 1050 Ita
2170 1021 2257 1059 quod
2274 1029 2348 1059 pre-

252 1070 419 1109 religione
436 1071 667 1109 conspicuum,
686 1070 753 1100 vite
770 1070 939 1100 munditia
958 1071 990 1100 et
1004 1078 1137 1100 morum
1154 1069 1274 1099 hones-
1303 1077 1304 1080 ’

1333 1072 1422 1102 dicta
1436 1073 1580 1102 ecclesia
1606 1073 1668 1102 sub
1690 1075 1748 1103 tua
1765 1073 1943 1112 vigilantia
1973 1074 2097 1103 votivis
2121 1074 2347 1112 amplificetur

1304 1146 1305 1149 η
1334 1125 1521 1155 commodis
1535 1128 1566 1156 et
1579 1127 1701 1164 optatis
1712 1128 1902 1164 consurgat,
1915 1129 2111 1164 cooperante
2128 1127 2286 1158 Domino,
2300 1127 2347 1156 in-

253 1177 291 1206 in
307 1176 546 1215 spiritualibus
556 1178 587 1207 et
601 1176 850 1215 temporalibus
864 1176 1159 1214 circumspectum,
1178 1176 1274 1214 cujus
1304 1168 1305 1174 ¹

1334 1178 1527 1208 crementis.
1554 1179 1679 1208 Datum
1698 1178 1787 1217 apud
1806 1178 2096 1214 Urbemveterem,
2119 1179 2274 1209 Kalendis
2295 1188 2352 1209 au-

1335 1231 1437 1270 gusti,
1458 1240 1544 1261 anno
1566 1242 1587 1261 11
1645 1240 1661 1261 ))

1942 1412 2066 1443 Orvieto,
2085 1414 2099 1437 2
2115 1413 2182 1438 aout
2200 1413 2275 1439 1263.

1370 1493 1401 1519 In
1415 1501 1439 1519 e.
1460 1501 1500 1519 m.
1528 1492 1660 1527 Capitulo
1692 1492 1812 1519 ecclesie
1828 1493 1995 1519 Ausimane.
2027 1492 2111 1519 Recte
2133 1492 2229 1527 agitur
2243 1495 2297 1519 cic.
2319 1507 2352 1512 -

1335 1543 1438 1569 Datum
1455 1543 1529 1577 apud
1541 1542 1790 1574 Urbemvetercm,
1804 1549 1847 1568 1111
1861 1550 1949 1568 nonas
1964 1541 2088 1576 augusti,
2102 1550 2176 1568 anno
2191 1542 2324 1568 secundo.
2337 1552 2351 1566 »

1425 1712 1497 1743 333

1944 1719 2069 1749 (ΙΝ-1610,
2088 1720 2102 1746 3
2119 1721 2185 1745 110111
2203 1720 2279 1745 1263.

1371 1801 1456 1826 Petro
1472 1799 1599 1830 Garsiae.
1617 1799 1819 1826 archidiacono
1834 1799 2033 1830 Bracharcnsi,
2050 1799 2299 1826 considerationne
2313 1800 2350 1831 J.,

1304 1852 1305 1861 ¹
1334 1858 1372 1876 ss.
1390 1850 1511 1877 Cosmac
1527 1852 1554 1876 et
1567 1848 1697 1876 Damiani
1708 1848 1821 1875 ‹filiaeoni
1833 1848 1999 1874 cardinalis.
2013 1848 2125 1875 defectu
2139 1849 2279 1875 natalium
2293 1857 2349 1875 non

1334 1899 1477 1929 obstante,
1489 1898 1615 1932 indulget
1629 1900 1659 1924 ut
1678 1898 1713 1924 ad
1726 1897 1918 1932 episcopalem
1930 1897 2103 1931 dignitatem
2117 1897 2185 1931 eligi
2201 1897 2304 1924 valeat.
2316 1911 2351 1918 —

1336 1948 1415 1980 (RE-2.
1435 1948 1478 1977 26,
1497 1947 1565 1973 anni
1581 1947 1615 1978 11,
1643 1951 1674 1973 [1ο
1691 1946 1813 1979 195,s01.
1836 1947 1884 1972 108
1906 1951 1958 1976 v0).

1375 2067 1390 2083 «
1408 2055 1502 2084 Petro
1521 2053 1639 2090 (ἴαν-316,
1659 2053 1878 2083 archidiacono
1899 2052 2117 2082 macharensi.
2136 2053 2350 2092 Quamquam

1336 2278 1412 2299 rum
1428 2268 1569 2298 scientia
1585 2267 1753 2297 defectum
1770 2266 1935 2296 natalium
1950 2266 2116 2296 redimere
2135 2266 2348 2302 studuerunt,

1337 2321 1512 2352 consuevit
1527 2320 1710 2359 apostolice
1724 2320 1815 2350 sedis
1828 2319 2019 2358 benignitas
2035 2319 2244 2357 dispensare,
2257 2320 2350 2358 ipsos

1336 2375 1517 2414 probitatis
1537 2382 1596 2404 sue
1616 2373 1737 2403 merito
1751 2373 1791 2403 ad
1805 2371 2244 2410 recipiendumhujusmodi
2262 2372 2349 2402 ordi-

1337 2437 1397 2459 nes
1412 2430 1442 2458 et
1460 2427 1642 2467 dignitates
1654 2426 1851 2461 habilitans,
1868 2425 1909 2455 ad
1926 2425 2015 2463 quod
2031 2434 2090 2454 sue
2106 2425 2249 2463 originis
2266 2425 2348 2455 vitio

1306 2479 1307 2482 ’
1337 2490 1412 2512 6556
1429 2480 1597 2511 inhabiles
1609 2480 1842 2509 dinoscuntur.
1859 2479 1944 2508 Sane
1960 2479 1992 2507 in
2011 2480 2125 2508 nostra
2140 2478 2351 2516 proposuisti

1306 2558 1307 2563 ,
1336 2535 1507 2574 presentia
1525 2534 1743 2568 constitutus,
1765 2532 1854 2570 quod
1872 2531 2072 2561 auctoritate
2095 2531 2286 2562 litterarum
2304 2532 2350 2562 fe-

1306 2580 1307 2586 *
1336 2589 1412 2618 licis
1431 2586 1676 2617 recordationis
1701 2586 1740 2615 Gr.
1771 2594 1866 2623 pape,
1890 2585 2142 2623 p1·edecess‹1)ris
2160 2585 2278 2619 nostri,
2302 2586 2349 2615 te—

1337 2651 1412 2672 cum
1429 2649 1531 2679 super
1545 2640 1677 2670 defectu
1697 2638 1871 2673 natalium,
1891 2646 1990 2676 quem
2008 2637 2134 2675 pateris
2156 2638 2195 2667 de
2211 2638 2350 2676 preshy-

1336 2698 1407 2726 tero
1427 2696 1458 2724 et
1475 2693 1586 2727 soluta
1600 2692 1746 2731 genitus,
1767 2691 1880 2721 extitit
1894 2691 2130 2729 dispensatum
2149 2693 2196 2727 ut,
2232 2691 2350 2722 eodem

1336 2757 1402 2778 non
1417 2747 1571 2777 obstante
1585 2746 1729 2781 defectu,
1751 2754 1869 2783 posses
1884 2745 1925 2773 ad
1938 2753 2052 2773 sacros
2070 2744 2206 2774 ordines
2219 2753 2350 2783 promo·

1335 2801 1407 2831 veri
1426 2802 1457 2830 et
1479 2798 1747 2830 ecclesiasticum
1765 2798 1965 2827 beneficium
1987 2796 2150 2834 obtinere,
2173 2797 2219 2827 ita
2236 2800 2349 2828 tamen

1336 2854 1436 2894 quod,
1457 2853 1485 2882 si
1501 2854 1532 2882 te
1557 2852 1599 2882 ad
1613 2851 1841 2890 episcopalem
1861 2850 2060 2889 dignitatem
2076 2851 2188 2880 vocari
2219 2851 2349 2881 contin-

1336 2910 1437 2948 geret,
1450 2906 1544 2936 illam
1558 2914 1772 2944 nequaquam
1782 2904 1952 2942 reciperes
1970 2903 2097 2942 absque
2110 2904 2247 2933 licentia
2259 2904 2350 2934 sedis

1338 2959 1523 3001 apostolice
1542 2958 1694 2997 speciali.
1714 2959 1784 2988 Nos
1806 2957 1909 2996 igitur
1927 2957 2138 2988 attendentes
2155 2957 2243 2996 quod
2261 2958 2351 2996 geni-

2192 3011 2226 3037 ‘20
