2547 3289
201 314 243 344 42
962 303 1214 334 REGiSTREs
1237 303 1451 333 D'URBAIN
1474 303 1533 333 IV.

204 397 292 427 idem
309 393 468 425 Giroldus
486 391 605 422 turrim
624 391 656 421 et
670 389 801 420 edificia
824 387 972 428 predicta
987 387 1095 417 eidem
1112 386 1212 417 Petro

204 449 332 480 tradere
349 446 526 479 teneretur,
541 444 582 474 ab
596 444 668 482 ipso
681 441 823 473 tenenda
837 442 867 472 et
881 439 1099 471 custodienda
1115 439 1149 469 in
1162 448 1215 470 ex-

203 500 318 541 pensis
347 498 529 529 eorundem
554 496 702 535 episcopi
719 496 751 525 et
781 493 928 533 capituli,
959 493 1063 523 donec
1090 492 1214 531 prefate

203 553 474 586 confirmationes
486 551 593 582 forent
603 550 746 585 obtente‚
764 549 837 588 post
853 555 994 587 quarum
1010 546 1214 585 impetratio-

204 616 280 639 nem
305 605 554 637 destruerentur
579 605 690 634 turres
715 603 745 633 et
761 601 892 632 edificia
910 600 1110 639 supradicta.
1128 599 1214 630 Sane

201 669 262 701 pro
279 658 473 699 hujusmodi
489 657 646 696 expensis
668 655 839 686 solvendis
863 654 948 684 dicto
973 652 1213 691 Petro,prefati

203 713 381 753 episcopus
399 713 429 742 et
441 710 624 749 capitulum
639 709 747 740 eidem
764 708 862 738 Petro
879 706 1112 745 obligaverunt
1130 713 1164 735 se
1178 713 1214 734 ac

203 766 317 798 omnia
329 766 416 796 bona
431 773 503 799 sua,
513 764 543 794 et
559 771 660 802 super
677 761 853 801 premissis
870 760 1026 791 omnibus
1050 758 1215 789 renuntia-

203 820 324 851 verunt
340 818 431 848 omni
449 817 561 856 generi
587 814 809 846 restitutionis
825 822 887 853 que
904 813 958 843 vel
970 812 1044 852 jure
1059 811 1216 850 competit

201 873 342 904 actionis
357 871 412 902 vel
420 871 533 910 posset
542 869 651 900 officio
664 868 790 908 judicis
806 866 988 906 implorari,
1003 866 1034 896 et
1045 865 1133 904 quod
1150 864 1214 903 ipsi

200 934 267 957 non
282 924 412 964 possint
440 923 549 953 dicere
569 921 659 960 quod
685 921 717 950 in
737 919 931 959 hujusmodi
957 916 1215 957 permutationis

200 979 382 1012 contractu,
403 977 490 1007 ultra
514 975 688 1005 dimidiam
700 973 783 1012 Justi
798 972 924 1002 valoris
941 971 1064 1001 fuerint
1079 970 1214 1001 circum-

198 1032 289 1063 venti
303 1032 333 1062 et
346 1029 610 1069 recognoverunt
621 1027 708 1066 quod
720 1035 779 1065 pro
793 1025 893 1056 rebus
907 1025 993 1055 datis
1008 1024 1049 1054 ab
1064 1024 1113 1054 eis
1128 1023 1214 1053 dicto

200 1085 299 1116 Petro
311 1081 653 1121 recompensationem
663 1087 843 1118 congruam
860 1079 1065 1117 receperunt.
1080 1077 1213 1107 Renun-

196 1138 365 1169 tiavernnt
391 1136 529 1174 insuper
547 1133 704 1164 omnibus
730 1132 919 1172 privilegiis
943 1132 974 1161 ct
997 1129 1214 1169 indulgentiis

197 1191 247 1222 eis
276 1190 331 1220 vel
356 1189 502 1228 predicte
525 1186 664 1218 ecclesie
679 1187 746 1216 tam
763 1195 781 1215 a
808 1185 885 1215 sede
908 1184 1056 1223 predicta
1080 1191 1181 1222 quam
1196 1190 1215 1212 a

197 1244 453 1284 quibuscunque
471 1240 681 1280 principibus
699 1238 837 1268 indultis
852 1238 906 1268 vel
922 1237 1022 1268 etiam
1040 1236 1213 1274 indulgen-

198 1297 262 1328 dis.
284 1297 388 1326 Porro
410 1295 580 1334 predictus
600 1292 772 1326 Giroldus,
798 1300 873 1321 cum
890 1291 975 1320 dicte
991 1289 1211 1320 confirmatio-

198 1359 257 1381 nes
275 1358 340 1380 non
361 1348 485 1379 fuerint
512 1346 597 1377 infra
615 1345 801 1385 predictum
826 1343 1006 1374 terminum
1028 1343 1209 1380 impetrate,

198 1404 319 1435 dictam
333 1402 453 1432 turrim
472 1401 570 1430 Petro
586 1399 722 1430 tradidit
740 1398 934 1432 memorato,
954 1404 1054 1434 quam
1072 1396 1142 1434 ipse
1154 1394 1212 1424 tali

196 1456 348 1496 pretextu
365 1454 489 1484 detinet
504 1453 708 1490 occupatam.
723 1450 809 1485 Quia
825 1458 903 1479 vero
918 1457 960 1478 ex
970 1447 1156 1487 premissis,
1176 1449 1212 1478 ut

195 1508 367 1543 asseritur⁷
385 1507 454 1537 lesa
470 1507 518 1536 est
532 1504 711 1535 enormiter
729 1502 869 1533 ecclesia
894 1502 1077 1532 memorata
1092 1501 1121 1530 et
1137 1508 1212 1530 nos-

194 1562 238 1593 tri
264 1561 356 1592 decet
381 1559 588 1599 appositione
611 1556 745 1587 consilii
761 1563 861 1594 super
881 1554 942 1584 hoc
960 1553 1092 1584 salubre
1110 1561 1212 1583 reme-

195 1615 289 1646 dium
304 1612 467 1648 adhiberi,
486 1620 546 1642 nos
566 1619 665 1649 super
680 1609 741 1640 hoc
759 1608 897 1639 ecclesie
912 1616 949 1637 ac
967 1607 1121 1646 episcopo
1138 1614 1209 1645 pre-

195 1668 293 1699 dictis
311 1667 487 1707 providere
504 1665 666 1699 volentes,
688 1662 885 1693 fraternitati
905 1662 957 1691 tue
978 1660 1041 1690 sub
1056 1668 1141 1699 pena
1157 1668 1211 1689 ex-

196 1719 507 1752 communicationis
524 1726 622 1757 quam
638 1718 669 1747 te
684 1717 852 1746 incurrere
872 1714 1028 1745 volumus
1044 1722 1082 1743 eo
1099 1713 1171 1752 ipso
1180 1712 1209 1742 si

194 1775 387 1814 preceptum
401 1774 552 1803 nostrum
571 1770 754 1809 adimplere
772 1767 958 1808 neglexeris
977 1767 1010 1797 in
1026 1767 1087 1796 hac
1102 1767 1207 1805 parte,

196 1828 236 1859 de
260 1827 401 1858 fratrum
426 1826 615 1856 nostrorum
639 1822 779 1854 consilio
803 1830 862 1861 per
887 1820 1069 1859 apostolica
1086 1819 1209 1858 scripta

193 1879 406 1920 precipiendo
432 1878 631 1908 mandamus
652 1877 815 1915 quatenus
840 1874 927 1904 infra
951 1874 1022 1904 octo
1040 1873 1113 1903 dies
1131 1873 1206 1911 post

196 1933 418 1971 receptionem
462 1930 680 1970 presentium,
712 1928 855 1959 eundem
890 1927 1029 1957 Petrum
1071 1925 1106 1955 in
1135 1925 1208 1955 loco

196 1985 394 2025 competenti
424 1986 509 2014 terre
542 1991 600 2013 sue
621 1982 673 2012 vel
691 1981 756 2021 ipsi
774 1982 857 2011 terre
879 1980 1001 2014 vicino,
1021 1987 1132 2008 coram
1149 1986 1207 2016 po—

194 2038 272 2078 pulo
287 2037 430 2077 publice,
453 2045 528 2066 cum
543 2035 694 2066 credatur
713 2034 808 2064 aliter
825 2032 962 2063 comode
980 2041 1045 2062 non
1059 2039 1157 2070 posse
1175 2030 1208 2060 id

197 2091 282 2127 fieri,
304 2090 495 2121 auctoritate
511 2089 623 2119 nostra
638 2086 859 2127 peremptorie
875 2086 976 2116 citare
996 2093 1154 2124 procures
1173 2084 1208 2113 ut

192 2145 281 2176 infra
297 2145 381 2174 duos
394 2150 526 2173 menses
545 2142 619 2180 post
633 2140 822 2171 citationem
838 2137 1030 2178 hujusmodi
1050 2146 1160 2168 coram
1176 2138 1207 2167 te

194 2206 254 2238 per
282 2205 317 2228 se
334 2196 388 2227 vel
405 2205 463 2235 per
486 2195 733 2234 procuratorem
754 2193 910 2223 idoneum
926 2191 1055 2222 studeat
1077 2199 1207 2229 compa-

196 2260 278 2282 rere.
299 2250 350 2281 Ad
367 2249 455 2289 quod
469 2249 577 2279 locum
592 2246 755 2286 insignem
772 2245 825 2276 vel
841 2245 945 2275 alium
965 2245 1019 2274 tue
1039 2243 1208 2273 discretio-

194 2305 249 2335 nis
271 2303 406 2334 arbitrio
432 2301 583 2340 deputari
599 2300 757 2331 volumus
779 2299 814 2328 in
830 2306 895 2337 quo
911 2298 1048 2336 utraque
1066 2302 1143 2335 pars
1160 2304 1207 2326 se-

196 2365 272 2388 curo
290 2363 479 2395 comparere
502 2363 539 2384 ac
558 2353 728 2392 negotium
756 2350 985 2390 inquisitionis
1014 2349 1206 2388 hujusmodi

193 2411 314 2442 melius
331 2410 362 2440 et
381 2409 553 2439 comodius
571 2407 680 2437 valeat
692 2405 854 2445 expediri,
866 2405 898 2435 et
908 2404 936 2434 si
953 2403 1077 2442 absque
1088 2403 1206 2441 judicii

193 2463 345 2503 strepitu,
364 2462 469 2493 libelli
486 2461 664 2497 oblatione,
679 2468 716 2489 ac
730 2459 799 2490 litis
816 2457 1054 2489 contestatione
1075 2456 1205 2494 aliaque

189 2517 277 2558 juris
299 2515 543 2554 sollempnitate
569 2522 632 2553 que
659 2513 693 2543 in
719 2511 856 2552 judiciis
880 2509 1060 2541 ordinariis
1076 2509 1204 2539 servari

193 2570 288 2605 solet,
304 2577 379 2600 cum
393 2569 427 2598 in
443 2566 635 2606 hujusmodi
653 2565 782 2604 negotio
804 2566 834 2595 te
861 2563 1005 2594 velimus
1026 2571 1067 2593 ex
1095 2562 1203 2592 officio

194 2624 306 2654 nostro
321 2621 510 2661 procedere,
525 2620 596 2650 sive
615 2619 702 2650 idem
718 2618 837 2649 Petrus
851 2625 990 2655 presens
1003 2615 1113 2650 fuerit,
1132 2615 1203 2646 sive

193 2676 314 2706 absens
343 2683 401 2714 per
425 2673 679 2708 contumaciam,
713 2671 773 2701 tibi
800 2669 983 2701 constiterit
1011 2668 1202 2708 hujusmodi

193 2728 400 2759 obsidionem
417 2728 448 2758 et
467 2726 716 2765 occupationem
742 2724 882 2763 predicti
911 2722 1010 2753 castri
1029 2723 1068 2752 de
1086 2721 1201 2752 Marti-

192 2781 286 2812 niaco
305 2781 339 2810 in
370 2780 437 2810 illis
464 2779 614 2818 partibus
632 2778 701 2808 fore
720 2777 877 2812 notorias,
891 2775 1034 2807 eundem
1052 2774 1200 2809 Petrum,

192 2834 323 2866 sublato
347 2833 524 2871 cujuslibet
545 2831 715 2862 dilationis
737 2832 769 2861 et
797 2828 1004 2860 difficultatis
1029 2827 1200 2859 obstaculo

191 2886 348 2927 predictis
360 2885 628 2924 obligationibus,
646 2882 921 2922 fidejussionibus
938 2880 1198 2920 veljuramentis

191 2949 211 2971 a
227 2939 350 2979 quibus
374 2938 499 2969 scilicet
516 2937 715 2977 juramentis
740 2936 934 2975 episcopum
963 2934 995 2964 et
1015 2933 1198 2973 capitulum

190 2992 357 3033 predictos
383 2991 542 3021 duximus
560 2989 793 3025 absolvendos,
808 2995 1019 3027 nequaquam
1042 2985 1199 3017 obstanti-

1273 386 1348 421 bus,
1370 395 1513 425 quorum
1536 387 1685 417 omnium
1710 387 1863 418 videlicet
1885 387 2138 427 obligationum,
2155 388 2286 428 fidejus-

1274 439 1407 469 sionum
1419 440 1720 479 etjuramentorum
1735 441 1886 479 pretextu
1900 441 2094 480 episcopum
2114 443 2145 471 et
2163 441 2288 480 capitu-

1274 492 1342 522 lum
1360 501 1419 522 seu
1437 493 1610 523 ecclesiam
1628 493 1681 523 vel
1699 493 1913 533 fidejussores
1928 493 2104 533 predictos,
2124 493 2288 533 pendente

1274 544 1465 583 hujusmodi
1487 545 1629 584 negotio,
1650 555 1717 576 non
1740 546 1914 585 permittas
1938 547 2149 585 aliquatenus
2173 547 2289 586 impeti

1274 598 1443 628 autetiam
1461 599 1642 634 molestari,
1672 599 1714 628 ad
1739 599 1984 630 restitutionem
2002 600 2188 638 plenariam
2206 600 2287 631 dicti

1275 651 1374 680 castri
1396 651 1435 681 de
1461 651 1658 682 Martiniaco
1687 660 1761 682 cum
1782 652 1915 691 juribus
1931 653 1963 682 et
1980 652 2190 691 pertinentiis
2217 653 2288 683 suis

1274 703 1462 734 faciendam
1479 704 1587 734 eidem
1603 704 1760 744 episcopo
1776 706 1807 735 et
1823 704 1962 735 ecclesie
1984 714 2050 736 non
2068 706 2202 736 omittas
2216 714 2286 736 sen-

1274 756 1454 787 tentialiter
1467 757 1710 796 condempnare
1741 758 1851 797 ipsum
1863 758 1904 788 ad
1919 759 2161 789 restitutionem
2174 758 2287 799 liujus-

1275 810 1377 844 modi,
1407 810 1590 841 monitione
1627 811 1801 850 premissa,
1841 819 1900 850 per
1929 812 2288 843 excommunicationis

1275 863 1311 893 in
1338 872 1517 902 personam
1546 865 1577 894 et
1604 864 1638 894 in
1662 865 1786 894 terram
1797 864 1869 903 ejus
1900 864 2067 895 interdicti
2090 865 2286 902 sententias,

1276 916 1499 955 appellatione
1531 917 1725 956 postposita,
1766 917 2006 956 compellendo.
2041 918 2196 948 Ceterum
2233 926 2288 949 vo—

1275 970 1388 1000 lumus
1412 973 1443 1001 et
1476 971 1681 1010 presentium
1702 971 1763 1001 tibi
1786 972 1980 1002 auctoritate
2008 972 2207 1002 mandamus
2237 973 2285 1008 ut,

1274 1025 1455 1054 memorato
1471 1024 1570 1055 Petro
1584 1025 1624 1054 ad
1638 1024 1700 1054 hoc
1716 1024 1819 1054 simili
1832 1025 1930 1055 modo
1944 1026 1974 1055 et
1989 1025 2178 1055 intermino
2192 1032 2286 1064 supe-

1274 1076 1345 1106 rius
1368 1085 1525 1115 expresso
1555 1077 1664 1112 citato,
1697 1077 1828 1108 sublato
1859 1077 2037 1116 cujuslibet
2061 1077 2234 1108 dilationis
2256 1078 2288 1108 et

1274 1129 1483 1160 difficultatis
1491 1130 1674 1168 obstaculo,
1693 1130 1732 1160 de
1747 1130 1860 1169 plano,
1872 1131 2010 1170 strepitu
2024 1130 2287 1170 judiciorum,li-

1273 1182 1353 1213 belli
1371 1183 1550 1218 oblatione,
1569 1183 1637 1214 litis
1653 1184 1891 1214 contestatione
1907 1192 1943 1213 ac
1954 1184 2042 1214 omni
2053 1184 2140 1222 jurIs
2155 1183 2288 1214 sollem-

1273 1236 1409 1274 pnitate,
1426 1237 1461 1266 ut
1489 1236 1644 1275 superius
1666 1238 1715 1267 cst
1739 1245 1946 1275 expressum,
1969 1236 2116 1274 omissis,
2133 1237 2173 1266 de
2192 1236 2286 1267 inva-

1274 1289 1378 1324 sione,
1396 1289 1655 1328 obligationibus
1671 1289 1875 1328 hujusmodi,
1887 1289 2129 1327 permutatione
2140 1289 2288 1328 predicta

1273 1343 1303 1372 et
1319 1351 1359 1372 an
1379 1342 1412 1371 in
1432 1342 1504 1380 ipsa
1519 1342 1663 1372 Romani
1679 1342 1850 1381 pontificis
1880 1342 1934 1372 vel
1964 1343 2043 1372 tuus
2070 1342 2288 1373 intervenerit

1272 1403 1442 1429 assensus,
1462 1403 1591 1425 necnon
1607 1395 1646 1425 de
1660 1395 1838 1425 traditione
1854 1404 1889 1425 ac
1907 1395 2095 1425 detentione
2118 1395 2203 1425 dicte
2220 1396 2287 1426 tur-

1240 1460 1243 1474 :
1272 1447 1330 1481 ris,
1348 1448 1378 1477 et
1401 1456 1441 1477 an
1460 1455 1501 1477 ex
1515 1447 1692 1486 premissis
1715 1447 1762 1477 sic
1794 1448 1973 1478 enormiter
1987 1448 2057 1477 lesa
2075 1447 2215 1478 ecclesia
2230 1456 2285 1478 su-

1272 1499 1419 1538 pradicta
1432 1501 1462 1530 et
1472 1500 1511 1530 de
1522 1500 1678 1530 omnibus
1686 1500 1812 1531 dictum
1822 1501 1992 1539 negotium
2001 1500 2282 1539 contingentibus,

1271 1553 1311 1583 ad
1326 1552 1413 1592 quod
1430 1553 1530 1583 etiam
1544 1554 1574 1583 te
1597 1553 1753 1584 volumus
1778 1563 1818 1584 ex
1835 1554 1946 1584 officio
1963 1555 2075 1584 nostro
2092 1554 2284 1593 procedere,

1270 1605 1422 1644 inquiras
1441 1606 1581 1636 sollicite
1596 1606 1782 1643 veritatem,
1801 1607 1889 1646 quod
1907 1607 2078 1638 inveneris
2101 1607 2197 1637 nobis
2222 1605 2284 1637 sub

1271 1658 1383 1697 sigillo
1402 1660 1459 1689 tuo
1485 1659 1628 1689 fideliter
1649 1660 1886 1698 rescripturus,
1908 1660 2036 1699 prefixo
2067 1660 2223 1699 episcopo
2252 1660 2284 1690 et

1269 1712 1415 1751 capitulo
1429 1721 1465 1742 ac
1477 1712 1576 1743 Petro
1587 1712 1747 1751 predictis
1756 1713 1897 1743 termino
1906 1713 2128 1752 peremptorio
2142 1712 2285 1743 duorum

1268 1765 1437 1795 mensium
1453 1774 1517 1804 quo
1534 1774 1592 1803 per
1607 1774 1641 1796 se
1656 1766 1707 1795 vel
1721 1767 1954 1804 procurat-ores
1974 1765 2112 1796 idoneos
2125 1773 2200 1795 cum
2216 1773 2284 1795 om-

1269 1818 1369 1848 nibus
1390 1818 1483 1853 actis,
1497 1818 1631 1857 juribus
1653 1820 1684 1848 et
1700 1819 1920 1849 munimentis
1942 1819 2012 1849 suis
2034 1819 2157 1849 dictum
2185 1826 2284 1858 nego·

1267 1871 1351 1901 tium
1374 1871 1643 1910 contingentibus
1664 1872 1876 1910 compareant
1898 1888 1935 1893 --
1954 1880 2064 1902 coram
2089 1871 2198 1906 nobis,
2211 1871 2282 1911 jus·

1267 1925 1345 1960 tam,
1364 1925 1461 1954 dante
1478 1924 1634 1961 Domino,
1654 1925 1852 1955 sententiam
1865 1925 2040 1963 recepturi.
2054 1925 2196 1964 Insuper
2211 1932 2282 1955 me-

1267 1978 1432 2007 moratum
1447 1977 1583 2007 Petrum
1599 1986 1635 2007 ac
1656 1977 1802 2007 fautores
1815 1978 1846 2007 et
1862 1977 2029 2016 adjutores
2043 1977 2161 2016 ipsius.
2180 1977 2280 2016 quod,

1266 2029 1429 2068 pendente
1446 2030 1593 2068 predicto
1611 2030 1760 2069 negocio,
1778 2030 1972 2069 episcopum
1985 2031 2015 2060 et
2028 2030 2210 2069 capitulum
2226 2030 2283 2060 aut

1267 2081 1444 2112 ecclesiam
1459 2082 1607 2122 preditos
1625 2084 1655 2112 in
1669 2083 1822 2121 personis
1838 2082 1892 2112 vel
1918 2082 2017 2112 bonis
2037 2090 2151 2112 corum
2171 2082 2204 2112 in
2222 2081 2280 2112 ali·

1267 2143 1331 2174 quo
1350 2143 1414 2165 non
1429 2135 1616 2169 molestent,
1635 2135 1817 2165 monitione
1834 2135 2009 2173 premissa,
2029 2143 2088 2174 per
2103 2135 2232 2165 similes
2245 2134 2280 2165 in

1266 2196 1427 2227 personas
1449 2189 1480 2218 et
1497 2188 1531 2218 in
1558 2189 1662 2218 terras
1686 2196 1801 2218 corum
1833 2188 2028 2223 sententias,
2058 2187 2280 2227 appellatione

1267 2241 1608 2280 remota‚compcllas.
1633 2241 1835 2279 Hujusmodi
1854 2241 1963 2270 autem
1991 2241 2172 2271 sententias
2196 2248 2280 2279 quas

1265 2296 1400 2333 propter
1412 2294 1559 2333 predicta
1573 2295 1603 2324 te
1620 2294 1704 2324 serre
1721 2294 1906 2332 contigerit,
1925 2293 2069 2332 singulis
2089 2293 2208 2324 diebus
2223 2293 2280 2324 do-

1265 2347 1398 2377 minicis
1424 2348 1455 2377 et
1472 2347 1615 2381 festivis,
1643 2346 1786 2386 pulsatis
1817 2347 1989 2385 campanis
2011 2347 2042 2377 et
2062 2346 2211 2377 candelis
2226 2354 2278 2377 ac-

1265 2400 1385 2435 censis,
1402 2408 1508 2438 usque
1527 2400 1565 2429 ad
1582 2400 1844 2430 satisfactionem
1860 2399 2058 2438 condignam
2085 2399 2279 2439 sollempni-

1264 2454 1313 2483 ter
1336 2453 1500 2492 publices,
1521 2454 1553 2483 et
1578 2461 1636 2492 por
1658 2452 1769 2483 omnia
1798 2452 1869 2483 loca
1900 2452 1934 2482 in
1967 2452 2090 2491 quibus
2121 2451 2278 2491 expedire

1233 2518 1235 2537 ε
1264 2506 1401 2540 videris,
1419 2515 1478 2545 per
1503 2506 1585 2536 alios
1605 2506 1707 2536 facias
1728 2505 2185 2544 publicari.Contradictores
2200 2506 2276 2541 etc„

1263 2567 1368 2598 usque
1380 2559 1629 2598 compescendo.
1642 2559 1719 2589 Non
1732 2558 1882 2589 obstante
1895 2558 1924 2589 si
1937 2575 1987 2588 —-.
2003 2558 2103 2589 Diem
2117 2566 2196 2589 vero
2207 2566 2277 2597 pre-

1264 2613 1399 2643 fixionis
1408 2613 1598 2651 hujusmodi
1611 2613 1641 2642 et.
1653 2612 1812 2651 quicquid
1821 2620 1921 2651 super
1932 2611 1998 2642 hiis
2009 2611 2146 2643 duxeris
2155 2611 2277 2642 facien·

1261 2665 1353 2701 dum,
1384 2665 1480 2696 nobis
1506 2674 1565 2704 per
1592 2666 1665 2695 tuas
1680 2666 1830 2704 patentes
1850 2665 1989 2700 litteras,
2007 2665 2125 2696 harum
2152 2665 2274 2695 seriem

1260 2719 1478 2753 continentes,
1509 2718 1644 2748 studeas
1670 2717 1812 2748 fideliter
1841 2717 2005 2748 intimare.
2032 2718 2155 2748 Datum
2172 2717 2273 2747 Viter-

1260 2771 1395 2808 bii,x111
1411 2771 1572 2802 kalendas
1588 2770 1732 2809 augusti,
1747 2779 1835 2802 anno
1854 2773 1895 2801 1⁰.
1913 2783 1927 2798 n
