2547 3289
270 282 332 312 460
1022 275 1266 305 REGISTRES

270 364 419 402 prefatos
442 362 615 391 (lominum
643 360 838 397 episcopum
856 358 1070 387 Jauriensem
1090 360 1119 387 et
1146 359 1279 388 Petrum

271 415 312 446 ab
335 415 546 453 impetitione
580 413 690 451 ipsius
720 411 874 450 magistri
902 411 1027 440 Yrenei
1060 419 1161 448 super
1192 411 1281 440 dicto

271 468 539 499 archidiaconatu
558 465 783 504 Supruniensi
805 463 1053 494 sententialiter
1072 463 1281 494 absolvimus

270 523 303 552 et
333 520 544 550 (1(»661-111111115
572 518 758 552 absolutos²
794 517 991 547 mandantes
1023 519 1054 547 et
1087 517 1281 546 ordissantes

271 573 469 604 auctoritate
498 571 649 610 predicta
679 570 767 609 quod
797 570 884 599 Idem
915 570 1094 608 episcopus
1118 570 1281 608 magistro

269 627 401 656 Yrenco
416 625 566 663 predicto
585 624 624 653 (16
643 623 805 662 dignitate
824 622 875 652 vel
894 624 1089 661 personatu,
1109 631 1183 652 cum
1202 631 1281 652 cura

270 679 322 709 vel
340 679 411 708 sine
429 687 518 713 cura,
542 686 606 715 que
630 677 683 706 vel
707 676 763 714 qui
784 676 816 705 in
836 675 979 705 ecclesia
995 675 1166 705 ,111111161151
1186 677 1279 705 vacat

269 732 309 762 ad
332 739 473 770 presens
491 730 543 759 vel
563 730 717 768 proximo
736 737 854 758 vacare
872 728 1061 767 contigerit,
1082 731 1192 767 preter
1208 737 1280 767 pre-

269 785 456 823 posituram
481 783 622 813 ecclcsie
645 781 860 815 cathedralis,
879 781 919 812 (16
938 790 1002 820 qua
1023 781 1133 812 dictus
1152 781 1279 820 691560-

268 846 343 876 9115,
364 836 429 866 11151
448 836 542 871 velit,
567 835 744 873 providere
765 843 830 864 non
857 836 1022 869 teneatur,
1042 834 1151 864 eidem
1170 834 1280 872 provi-

268 890 343 920 deat
363 891 394 920 et
412 889 588 928 providere
606 887 669 918 sul)
685 896 771 926 pena
789 888 822 917 in
846 887 1094 925 compromisso
1113 887 1278 925 apposita,
1310 927 1311 933 ἵ

268 944 432 978 teneatur,
456 942 517 971 1106
534 941 662 979 adjecto
680 941 780 979 quod,
802 940 830 970 si
850 940 1044 978 hujusmodi
1062 940 1210 979 dignitas
1228 940 1279 970 vel

268 997 469 1035 personatus
486 994 606 1033 viginti
622 994 771 1033 quinque
789 1002 919 1023 marcas
940 994 1070 1032 argenti
1088 994 1190 1023 annui
1211 993 1281 1023 red-

268 1049 359 1079 ditus
376 1048 428 1079 vel
447 1048 535 1078 ultra
558 1048 696 1081 valeret,
717 1047 805 1077 idem
827 1047 1007 1085 episcopus
1024 1047 1064 1076 de
1082 1046 1157 1085 ipsa
1174 1046 1281 1085 digni—

267 1103 334 1132 tate
351 1102 403 1132 vel
424 1103 606 1140 personatu
623 1101 733 1130 eidem
755 1100 918 1139 magistro
936 1100 1069 1130 Yreneo
1091 1100 1279 1138 provideat,

267 1157 299 1186 et
323 1154 500 1194 providere
523 1154 585 1184 sub
609 1162 695 1192 pena
720 1153 915 1192 huJusmodi
940 1154 1114 1188 teneatur3
1144 1153 1172 1182 si
1201 1161 1279 1182 vero

267 1209 380 1239 minus
398 1209 548 1239 valerent
565 1208 717 1238 redditus
734 1207 885 1246 ejusdem
902 1206 1079 1246 dignitatis
1095 1206 1148 1236 vel
1166 1214 1280 1244 perso—

267 1264 378 1297 natus,
410 1262 499 1291 idem
528 1261 686 1291 dominus
716 1261 896 1299 episcopus
928 1259 1014 1290 illud
1046 1260 1134 1298 quod
1166 1259 1280 1290 minus

267 1315 405 1351 valeret,
433 1314 618 1353 adimplere
648 1323 683 1344 ac
702 1313 1010 1353 provstlerepsque
1031 1313 1072 1342 ad
1092 1313 1279 1351 predictam
1309 1319 1311 1337 J

267 1377 434 1398 summam
454 1368 726 1406 vigintiquinque
741 1375 929 1396 marcarum
943 1366 1086 1405 argenti,
1105 1366 1194 1396 dicto
1211 1374 1279 1395 ma-

266 1422 371 1460 gistro
398 1422 530 1451 Yreneo
558 1422 597 1450 (16
620 1420 759 1458 capellis
784 1422 815 1450 et
836 1418 1024 1449 redditibus
1049 1418 1279 1457 cappellarum

266 1475 307 1504 ad
331 1483 426 1504 suam
456 1474 671 1504 collationem
699 1472 924 1511 spectantium
946 1473 1100 1501 teneatur
1123 1473 1155 1501 et
1175 1471 1280 1500 adim-

265 1528 355 1566 pleat
379 1529 409 1557 et
432 1527 605 1566 provideat
630 1535 705 1556 eum
723 1526 854 1561 effectu⁷
874 1525 1096 1564 proventibus
1116 1526 1147 1554 et
1167 1524 1280 1555 frueti-

264 1581 329 1612 bus
360 1580 528 1619 prebende
559 1582 590 1609 et
609 1579 852 1618 cappeIIarum,
885 1587 969 1617 quas
999 1578 1089 1608 idem
1117 1578 1279 1617 magister

266 1635 419 1664 Yreneus
437 1634 471 1663 in
486 1633 627 1663 ecclesia
643 1632 816 1662 ‚lauriensi
832 1631 972 1667 obtinet,
990 1631 1022 1661 in
1037 1631 1126 1661 dicta
1145 1640 1277 1661 summa

266 1687 536 1726 vigintiquinque
552 1694 742 1716 marcarum
759 1685 899 1715 minime
910 1684 1155 1722 computandis.
1169 1684 1277 1720 Quam

264 1740 493 1779 provisionem
517 1739 606 1769 dicto
625 1739 788 1778 magistro
808 1739 940 1768 Yreneo
960 1737 1160 1773 faciendam,
1180 1738 1277 1776 juxta

265 1793 402 1824 modum
432 1793 632 1832 predictum,
669 1792 697 1822 si
730 1791 882 1830 prefatus
911 1791 1103 1830 episcopus,
1134 1799 1210 1821 cum
1242 1799 1278 1821 se

263 1847 406 1877 facultas
431 1846 602 1879 obtulerit,
633 1845 780 1875 noluerit
803 1844 856 1874 vel
885 1844 1071 1883 neglexerit
1101 1844 1210 1874 facere
1238 1852 1277 1874 ac

266 1900 418 1938 implere,
443 1908 504 1929 nos
522 1899 720 1937 dignitatem
740 1906 798 1928 seu
816 1899 1036 1936 personatum
1055 1898 1085 1927 et
1105 1897 1277 1935 cappellas

264 1952 458 1992 hujusmodi
483 1952 654 1982 collationi
683 1951 774 1981 sedis
797 1950 982 1989 apostolice
1006 1959 1064 1988 per
1084 1958 1144 1980 nos
1166 1950 1276 1980 eidem

265 2006 427 2045 magistro
458 2006 589 2035 Yreneo
616 2004 669 2033 vel
692 2012 750 2042 per
779 2003 883 2033 alium
912 2011 972 2033 seu
997 2002 1083 2032 alios
1111 2002 1274 2038 faciende,

262 2059 358 2097 juxta
374 2058 562 2097 predictum
580 2057 727 2092 modum,
743 2057 940 2086 auctoritate
957 2055 1153 2093 hujusmodi
1172 2064 1277 2085 reser-

264 2119 396 2147 vamus,
417 2110 634 2141 decernentes
652 2117 693 2139 ex
711 2117 798 2138 nunc
817 2109 1015 2138 auctoritate
1034 2107 1185 2146 predicta
1200 2107 1276 2137 irri-

263 2165 335 2194 tum
361 2165 394 2194 et
411 2164 520 2199 inane,
546 2163 574 2192 si
593 2170 691 2192 secus
716 2161 756 2191 de
782 2158 945 2200 dignitate
964 2160 1017 2190 vel
1042 2162 1225 2198 personatu
1244 2162 1275 2191 et

263 2217 427 2256 cappellis
451 2215 645 2255 huJ‘usmodi
664 2214 785 2253 quavis
809 2213 1008 2244 auctoritate
1028 2213 1205 2252 contigerit
1228 2215 1274 2243 at-

262 2269 431 2308 temptari.
451 2269 485 2299 Si
510 2277 588 2299 vero
606 2268 647 2298 ad
665 2275 805 2306 presens
829 2267 940 2296 eidem
958 2266 1121 2305 magistro
1143 2266 1274 2296 Yreneo

263 2323 373 2354 dictus
390 2323 569 2361 6915609115
585 2322 624 2351 (16
642 2320 804 2360 dignitate
822 2320 875 2350 vel
893 2320 1076 2358 personatu
1093 2320 1125 2349 et
1146 2319 1276 2358 cappel-

263 2377 307 2407 lis
334 2375 540 2415 hujusmodi,
562 2375 659 2413 juxta
677 2373 866 2412 predictum
888 2373 1038 2408 modum,
1057 2381 1133 2402 cum
1156 2372 1275 2403 etl'ectu

262 2429 439 2468 providere
461 2437 526 2459 non
554 2429 681 2467 posset⁷
702 2427 790 2457 idem
812 2426 991 2465 episcopus
1010 2427 1041 2456 61
1057 2426 1180 2456 Ρ611115
1202 2434 1274 2464 916-
1304 2442 1305 2451 1

262 2482 373 2513 dictus
398 2482 451 2512 vel
470 2490 585 2512 eorum
604 2481 689 2511 alter
707 2480 742 2510 in
760 2479 920 2516 solidum,
937 2478 1083 2518 singulis
1097 2479 1207 2514 annis,
1229 2479 1274 2509 ei-

262 2536 337 2567 dem
353 2536 515 2575 magistro
538 2536 669 2566 Yreneo
687 2542 747 2565 seu
766 2533 883 2563 nuntio
902 2532 956 2563 vel
970 2532 1181 2571 procuratori
1199 2541 1272 2569 suo,

262 2589 335 2628 ejus
352 2589 488 2620 nomine
512 2598 548 2619 ac
565 2597 624 2627 pro
648 2587 735 2626 ipso,
755 2585 949 2626 quindecim
974 2593 1106 2615 marcas
1122 2585 1202 2615 boni
1223 2594 1274 2615 ar-

261 2643 352 2682 genti
371 2643 411 2672 ad
426 2642 556 2681 pondus
567 2640 714 2680 Ungarie
730 2638 941 2679 integraliter
951 2638 1084 2669 solvant
1099 2639 1131 2668 et
1142 2638 1274 2669 solvere

262 2695 324 2725 sub
340 2703 425 2734 pena
438 2694 633 2734 hujusmodi
649 2694 839 2729 teneantur,
852 2693 886 2722 in
901 2691 986 2722 festo
998 2691 1273 2722 Resurrectionis

261 2749 428 2779 dominice
441 2757 554 2779 coram
569 2748 735 2778 conventu
748 2745 947 2776 monasterii
961 2744 1068 2775 sancti
1076 2743 1214 2774 Martini
1232 2745 1273 2775 de

259 2802 443 2837 Pannonia,
463 2809 651 2840 quousque,
669 2800 766 2839 juxta
784 2798 974 2838 predictum
994 2797 1144 2835 modum,
1161 2797 1272 2828 eidem
1302 2808 1303 2841 1

261 2855 421 2894 magistro
446 2855 577 2885 Yreneo
607 2855 641 2883 in
670 2852 814 2883 ecclesia
837 2851 1008 2882 ‚lauriensi
1036 2850 1076 2880 de
1107 2850 1271 2889 dignitate

259 2908 312 2938 vel
330 2909 510 2947 personatu
526 2910 580 2938 aut
593 2906 758 2945 cappellis
775 2904 970 2944 hujusmodi
984 2903 1125 2943 predic-ti
1143 2903 1270 2934 valoris

260 2961 531 3000 vigintiquinque
547 2967 737 2990 marcarum
751 2958 879 2997 argenti
899 2956 1116 2996 provideatur
1129 2964 1204 2986 cum
1224 2956 1269 2986 et*-

1298 275 1513 306 D'URBAIN
1546 275 1603 305 IV.

1344 359 1442 388 fectu.
1459 359 1530 394 Qua
1545 359 1738 397 provisione
1753 359 2025 397 vigintiquinque
2041 367 2243 395 marcarum,
2258 360 2355 398 juxta

1342 411 1531 449 predictum
1562 411 1710 447 modum,
1738 412 1824 441 sacta
1851 412 2014 451 magistro
2047 412 2179 441 Yreneo
2212 412 2353 450 prefato,

1311 469 1312 472 ’
1343 465 1373 493 61
1394 463 1503 502 1951115
1529 465 1737 503 provisionis
1758 465 1896 503 pacifica
1919 473 1978 503 per
2000 465 2126 494 dictum
2153 465 2353 503 magistrum

1344 517 1512 547 Yrcneum
1532 518 1750 556 possessione
1769 518 1900 556 adepta.
1923 518 2024 548 iidem
2050 518 2208 547 dominus
2227 519 2356 557 episco-

1342 578 1406 607 pus
1434 572 1465 599 et
1493 570 1615 600 Petrus
1641 579 1682 600 ex
1706 573 1783 601 111116
1813 580 1828 601 a
1854 571 1942 600 dicta
1972 571 2133 609 pensione
2161 571 2354 610 quindecim

1343 631 1531 653 marcarum
1550 624 1617 653 sint
1635 624 1770 662 penitus
1797 623 1962 658 absolutig
1983 624 2040 653 sed
2060 626 2240 663 antequam
2258 625 2288 654 61
2306 625 2354 654 516

1343 675 1375 705 111
1394 677 1502 706 10111111
1516 685 1591 706 611111
1607 677 1725 707 effectu
1739 677 1914 715 provisum
1929 677 2040 710 suerit,
2055 679 2085 706 et
2102 677 2354 715 possessionem

1343 729 1514 767 paciticani
1543 729 1708 766 habuerit,
1735 730 1843 760 dictas
1869 731 1931 760 XV
1951 739 2083 760 marcas
2106 731 2299 768 persolvant
2324 731 2353 760 ei

1343 783 1528 816 annuatim,
1540 785 1575 813 ut
1591 783 1717 813 dictum
1730 785 1780 813 est
1794 784 1964 822 superius,
1976 785 2008 813 61
2019 783 2212 821 persolvere
2222 785 2354 814 tenean-

1343 839 1407 866 tur.
1433 836 1467 865 Si
1492 845 1569 866 vero
1593 836 1760 875 prefatum
1788 836 1962 866 dominum
1987 837 2183 875 episcopum
2201 837 2355 867 debitum

1342 890 1461 919 nature
1490 890 1684 928 persolvere
1704 890 1757 919 vel
1778 890 1819 919 ad
1845 890 1946 920 aliam
1977 889 2155 920 ecclesiam
2176 890 2354 920 transferri

1342 942 1524 981 contingat,
1555 945 1735 981 antequam
1755 943 1844 973 dicto
1869 943 2033 982 magistro
2056 943 2188 973 Yreneo
2210 944 2243 973 in
2266 943 2355 973 dicta

1342 994 1484 1025 ecclesia
1502 995 1673 1024 Jauriensi
1690 995 1804 1025 taliter
1822 995 1864 1025 sit
1882 995 2069 1033 provisum,
2087 994 2175 1024 idem
2193 994 2355 1033 magister

1341 1048 1462 1078 Petrus
1483 1048 1522 1078 de
1541 1048 1708 1078 fructibus
1725 1050 1757 1079 et
1779 1047 2000 1087 proventibus
2020 1048 2129 1086 ipsius
2151 1048 2354 1078 archidiaco-

1341 1103 1441 1132 natus
1458 1101 1566 1131 dictas
1583 1102 1776 1140 quindecim
1800 1110 1932 1132 marcas
1955 1101 2085 1140 argenti
2107 1102 2146 1131 ad
2166 1101 2254 1131 idem
2273 1109 2352 1140 pon-

1341 1155 1416 1189 dus,
1437 1155 1470 1184 in
1491 1156 1576 1185 festo
1592 1155 1867 1185 Resurrectionis
1886 1154 2047 1192 predicto,
2064 1154 2173 1184 eidem
2190 1155 2354 1193 magistro

1341 1209 1485 1244 Yreneo,
1503 1208 1620 1238 nuntio
1638 1208 1690 1237 vel
1703 1208 1912 1246 procuratori
1930 1216 2002 1243 suo,
2019 1207 2092 1246 ejus
2106 1207 2255 1244 nomine,
2271 1207 2355 1237 inte·

1341 1270 1397 1300 gre
1415 1261 1586 1300 persolvat
1603 1264 1632 1291 et
1653 1261 1784 1290 solvere
1803 1260 1865 1290 sub
1883 1269 1970 1299 pena
1986 1260 2181 1299 hujusmodi
2200 1262 2355 1290 teneatur

1341 1323 1529 1353 quousque,
1538 1314 1635 1353 juxta
1646 1314 1782 1343 modum
1793 1313 1995 1352 predictum,
2005 1314 2222 1352 provideatur
2231 1313 2352 1350 eidem,

1340 1370 1375 1397 ut
1401 1368 1529 1397 dictum
1548 1369 1599 1397 est
1617 1367 1786 1405 superius,
1807 1376 1883 1397 cum
1902 1367 2032 1397 effectu.
2052 1367 2093 1397 Et
2115 1366 2174 1397 hec.
2193 1367 2306 1397 omnia
2323 1369 2355 1398 et

1341 1421 1487 1460 singula,
1505 1420 1568 1450 suli
1586 1429 1671 1459 pena
1688 1422 1718 1450 et
1738 1420 1845 1450 forma
1861 1419 1895 1449 in
1919 1420 2166 1459 compromisso
2186 1420 2352 1459 apposita,

1340 1474 1425 1510 fieri,
1446 1474 1625 1512 adimpleri
1643 1475 1675 1504 et
1701 1473 1886 1509 observari,
1906 1473 2058 1512 plenarie
2075 1473 2282 1508 arbitrando,
2300 1473 2355 1503 de-

1339 1527 1512 1558 cernimus
1529 1529 1561 1557 et
1579 1527 1768 1557 laudamus.
1790 1528 1913 1557 Actum
1939 1528 1970 1557 et
1988 1526 2245 1566 pronuntiatum
2267 1526 2355 1566 apud

1339 1580 1630 1615 Urbemveterem,
1652 1580 1685 1608 in
1702 1579 1851 1618 hospitio
1871 1581 1999 1613 nostro,
2019 1579 2236 1617 presentibus
2255 1579 2355 1609 dictis
2387 1615 2390 1617 Α

1338 1634 1471 1664 Yreneo
1500 1635 1531 1663 61
1554 1633 1653 1663 Ρ6110
1676 1635 1706 1662 61
1725 1632 1793 1662 11115
1818 1632 1964 1662 testibus
1983 1632 2170 1662 venerabili
2187 1634 2283 1671 patre
2299 1632 2356 1662 do-

1339 1687 1431 1717 mino
1461 1688 1515 1723 A„
1542 1686 1605 1716 Dei
1630 1687 1737 1724 gratia
1764 1686 1922 1724 episcopo
1951 1685 2156 1724 Urgellensi,
2190 1685 2353 1724 magistro

1338 1739 1527 1779 Tymotheo
1562 1739 1668 1769 electo
1697 1738 1927 1778 ZagrabiensL
1958 1739 2120 1778 magistro
2150 1739 2195 1769 M.
2229 1738 2354 1769 decano

1339 1793 1517 1833 Burgensi,
1548 1793 1653 1823 616610
1684 1792 1882 1828 Τ11016111110,
1914 1794 1945 1822 61
1975 1792 2139 1831 magistro
2169 1791 2355 1822 Guillelmo

1338 1847 1509 1886 preposito
1529 1847 1636 1876 sancti
1663 1846 1827 1876 Antonini
1854 1846 2056 1882 Placentini,
2076 1847 2106 1876 et
2129 1846 2293 1884 magistro
2311 1845 2353 1876 U.

1338 1900 1450 1939 priore
1474 1900 1613 1935 Ortano,
1636 1899 1822 1929 camerario
1841 1901 1968 1934 nostro,
1989 1898 2199 1938 cappellanis
2224 1897 2353 1929 domini

1338 1962 1434 1992 pape,
1463 1954 1647 1984 Tomasino
1667 1953 1810 1989 notario,
1840 1952 2001 1983 Jacobino
2022 1952 2155 1986 clerico,
2178 1952 2353 1982 familiari-

1337 2007 1401 2036 bus
1418 2007 1556 2041 nostris,
1584 2008 1614 2036 et
1642 2005 1799 2044 pluribus
1817 2006 1895 2035 aliis
1914 2005 2060 2036 testibus
2083 2006 2123 2036 ad
2146 2005 2207 2035 hoc
2225 2005 2354 2044 specia-

1338 2060 1415 2090 liter
1440 2059 1568 2089 vocatis
1598 2061 1628 2089 et
1655 2060 1793 2097 rogatis,
1820 2068 1907 2089 anno
1933 2059 2071 2089 Domini
2089 2058 2275 2089 millesimo
2293 2058 2352 2088 du-

1338 2113 1522 2143 centesimo
1560 2112 1775 2150 sexagesimo
1809 2112 1928 2145 tertio,
1971 2111 2189 2150 pontificatus
2224 2111 2351 2142 domini

1338 2165 1465 2195 Urbani
1489 2173 1574 2204 pape
1594 2165 1672 2200 1111,
1703 2174 1789 2195 anno
1817 2165 1929 2200 tertio,
1951 2164 2134 2194 indictione
2162 2174 2204 2194 vi.
2226 2165 2280 2195 die
2304 2173 2351 2194 vn

1337 2219 1496 2249 intrantis
1508 2218 1708 2248 decembris.
1728 2218 1764 2247 In
1783 2218 1878 2257 cujus
1894 2219 1941 2248 rei
1957 2218 2191 2248 testimonium
2209 2225 2351 2256 presens

1337 2272 1510 2310 publicum
1528 2272 1791 2302 instrumentum
1812 2272 1884 2302 lieri
1906 2271 2048 2301 fecimus
2067 2273 2097 2301 et
2116 2271 2221 2310 sigilli
2241 2271 2349 2302 nostri

1336 2325 1523 2355 munimine
1550 2324 1714 2355 roborari.
1750 2325 1789 2355 Et
1820 2333 1891 2363 ego,
1917 2324 2068 2363 Angelus
2101 2324 2140 2354 de
2170 2324 2348 2359 Passiano‚

1336 2380 1449 2408 sancte
1466 2379 1616 2409 Romane
1632 2378 1772 2408 ecclesie
1787 2377 2000 2414 scriniarius,
2017 2377 2178 2416 predictis
2197 2377 2348 2412 interfui,

1335 2433 1366 2462 61
1385 2441 1421 2462 611
1440 2432 1480 2462 (16
1503 2431 1660 2461 mandato
1679 2431 1829 2470 ejusdem
1849 2431 1978 2461 domini
1998 2430 2181 2461 cardinalis
2201 2432 2231 2461 et
2255 2438 2347 2470 roga·

1335 2488 1389 2515 tus
1406 2485 1550 2515 fideliter
1565 2484 1748 2523 publicavi.
1769 2495 1784 2512 »

1373 2539 1467 2569 Nulli
1485 2547 1563 2578 ergo
1586 2541 1700 2568 nostre
1726 2537 2005 2574 confirmationis,
2026 2538 2089 2567 etc.
2118 2537 2243 2568 Datum
2261 2537 2349 2576 apud

1336 2592 1624 2628 Frbemveterem,
1645 2601 1693 2620 uu
1710 2600 1815 2621 nonas
1828 2590 1988 2629 januarii,
2007 2598 2094 2620 anno
2110 2590 2220 2621 tertio.
2246 2601 2259 2617 ι»

1907 2818 2031 2849 Orvieto,
2046 2817 2185 2854 :ljanvicr
2199 2818 2273 2845 ¹:364.

1423 2821 1496 2851 960

1368 2910 1470 2937 Abbati
1495 2920 1516 2937 5.
1545 2910 1658 2937 Martini
1674 2911 1708 2937 de
1726 2909 1872 2937 Pannonia
1891 2909 2008 2936 mandat
2025 2911 2165 2944 quatenus
2189 2907 2346 2935 ordinatio-

1334 2967 1411 2987 nem.
1440 2959 1663 2986 reservationem
1685 2962 1710 2986 ct
1736 2959 1883 2986 decretum
1904 2958 2060 2993 praedicta,
2077 2957 2106 2984 in
2125 2957 2180 2984 hiis
2199 2964 2271 2991 quae
2291 2964 2342 2991 pro
