2547 3289
1072 244 1311 283 TROISIEME
1334 246 1497 283 Ακκιῑῑιῐ.
2269 262 2326 290 321

238 333 406 364 tianitatis
432 334 649 373 obprobrium
677 336 870 373 occupatur,
894 335 1024 364 viscera
1043 336 1157 364 nostra
1181 336 1249 364 tur-

240 386 362 417 bantur
382 387 421 417 ab
438 388 580 421 intimis,
603 390 633 418 et
651 388 858 427 multiplices
878 388 1052 425 angustias
1067 397 1140 417 cuin
1161 387 1250 417 dolo-

240 438 287 467 ris
304 439 485 469 acerbitate
508 440 685 470 sentimus
709 441 890 478 Spei-antes
909 440 1012 479 igitur
1032 442 1062 470 et
1083 449 1142 478 pro
1160 444 1249 470 certo

239 493 403 527 tenentes,
423 493 512 530 quod
537 494 573 523 tu
597 493 706 522 eidem
724 494 811 523 terre
836 494 1055 531 compatiens,
1080 493 1119 522 ad
1139 493 1250 523 desen-

238 545 384 574 dendum
403 545 513 584 ipsum
533 546 717 582 Christum,
739 555 839 584 quem
868 546 940 576 fede
960 547 1175 576 sarracenice
1195 555 1250 575 na-

239 598 350 628 tiones
376 598 495 628 iterato
523 599 718 637 crucifigere
754 599 952 635 moliuntur,
976 599 1184 629 mlontarius
1219 601 1250 629 et

239 654 415 689 promptus
440 660 596 690 exurgas,
618 652 714 690 quasi
733 653 763 682 te
788 652 836 682 tui
856 652 1026 690 contingat
1045 652 1168 691 injuria
1187 653 1250 682 Re-

237 704 435 741 demptoris‚
466 704 677 735 nobilitatem
708 707 799 735 tuam
828 714 985 743 rogamus
1019 706 1050 735 et
1076 705 1250 734 hortamur

238 758 374 792 attente,
396 757 428 786 in
456 757 693 787 remissionem
710 757 769 787 tibi
784 758 1015 796 peccaminum
1036 758 1249 796 injungentes

237 810 396 848 quatinus
410 810 442 839 in
456 809 550 839 illius
565 810 711 846 nomine,
728 811 783 849 qui
799 810 924 840 bellum
941 820 1037 840 suum
1054 811 1249 849 gerentibus

237 862 410 892 dexteram
433 871 577 901 superne
599 863 735 893 virtutis
758 863 922 899 extendit,
942 864 1067 902 quique
1092 863 1157 893 sibi
1181 872 1247 893 ser-

236 915 405 945 vientibus
431 915 585 953 rependit
612 916 879 954 incomparabile
907 917 1087 954 premium,
1114 917 1247 955 signum

235 968 352 998 Crucis
369 968 400 997 in
415 968 501 998 dicte
518 970 606 998 terre
623 968 815 998 subsidium
830 969 973 999 letanter
989 978 1156 1002 assumas⁷
1171 970 1202 999 et
1217 970 1248 999 te

235 1021 275 1051 ad
305 1021 447 1051 celerem
483 1030 681 1051 succursum
715 1022 788 1061 ejus
821 1023 975 1061 potenter
1005 1023 1036 1052 et
1067 1022 1249 1060 prudenter

235 1074 404 1113 accingaS,
432 1075 467 1104 ut
499 1075 616 1115 eadem
644 1076 744 1110 terra,
774 1076 831 1105 tuo
865 1077 895 1105 et
922 1075 1066 1105 aliorum
1096 1075 1247 1105 fidelium

233 1127 393 1164 presidiis
419 1127 544 1166 adjuta,
574 1128 730 1166 respiret,
749 1129 780 1158 et
806 1127 986 1166 expientur
1007 1127 1128 1157 exinde
1148 1127 1246 1157 abho—
1279 1129 1280 1142 ³

234 1180 437 1210 minutiones
455 1181 574 1210 talium
590 1181 777 1217 nationum,
794 1183 897 1220 tuque
912 1182 1048 1219 propter
1065 1181 1125 1211 hoc
1141 1181 1247 1219 pleni·
1278 1195 1279 1200 =

234 1233 384 1263 tudinem
410 1233 522 1264 divine
545 1234 652 1272 gratie
674 1235 705 1264 et
724 1234 859 1264 tandem
885 1233 1067 1264 ineffabilis
1091 1234 1247 1264 diadema
1276 1261 1277 1268 ,

232 1285 351 1324 glorie,
363 1295 428 1325 quo
441 1286 567 1317 Christi
582 1287 715 1325 pugiles
726 1287 937 1323 decorantur,
949 1287 1108 1325 consequi
1123 1296 1247 1317 merea-

234 1339 292 1369 ris.
309 1340 433 1369 Datum
451 1340 546 1378 apud*
565 1339 852 1374 Urbemveterema
875 1350 909 1369 111
929 1349 1034 1370 nonas
1048 1340 1138 1378 julii,
1160 1349 1246 1370 anno

232 1393 344 1423 tertio.
369 1403 382 1421 ι)

321 1581 394 1611 673

822 1581 948 1615 Orvieto,
968 1582 995 1608 ll
1017 1582 1073 1608 mai
1095 1582 1172 1609 1202.

268 1664 419 1695 liei-nardo,
442 1664 605 1698 praeposito
625 1665 755 1696 Senensi,
777 1666 895 1692 mandat
911 1668 936 1691 ut
955 1668 1048 1692 certos
1065 1665 1184 1693 elericos
1202 1667 1246 1692 Sc-

231 1720 334 1739 nenses
360 1713 395 1739 ad
417 1713 593 1739 audientiam
622 1713 813 1748 apostolicam
838 1717 948 1741 evocet.
967 1715 1045 1743 (lticc.
1068 1715 1112 1746 28,
1132 1714 1179 1741 t'ol.
1202 1717 1246 1747 70,

230 1769 297 1788 auin.
316 1761 363 1791 ΙΙΙ,
380 1766 411 1787 n⁰
427 1762 502 1795 275.)

271 1884 284 1898 u
305 1871 476 1904 Ilm-nardo,
494 1871 654 1910 preposilo
668 1871 806 1901 Senensi.
823 1871 1037 1901 Venerabilis
1056 1872 1158 1902 frater
1173 1881 1246 1902 nos-

232 1927 281 1955 ter
311 1949 342 1954 ..
374 1925 555 1962 episcopus
579 1924 867 1959 Senensis,nobis
897 1924 1072 1955 insinuare
1101 1926 1242 1961 curavit,

228 1978 317 2016 quod
336 1977 434 2016 Hugo
455 1977 633 2015 Raynerii‚
654 1978 806 2007 Ventura
824 1977 1026 2016 Beringarii,
1050 1979 1243 2016 Raynerius

227 2030 425 2067 Alexandri,
446 2029 679 2060 Christoforus
696 2030 880 2069 Raynaldi,
896 2031 1006 2061 Gruido
1024 2031 1188 2069 Haynutii
1204 2032 1243 2062 de

228 2083 424 2114 Tholomeis
453 2085 485 2113 et
514 2083 670 2113 nonnulli
696 2083 754 2113 alii
778 2083 892 2114 clerici
918 2084 1065 2122 partium
1094 2084 1242 2119 illarum,

226 2137 396 2167 defectum
423 2136 458 2166 in
484 2136 673 2171 ordinibus,
694 2138 781 2167 etate
801 2146 838 2167 ac
857 2137 996 2167 scientia
1019 2138 1194 2176 patientes,
1213 2141 1244 2167 et

227 2190 312 2220 alias
337 2189 405 2219 vita
433 2189 655 2228 moribusque
685 2189 798 2219 minus
829 2190 951 2225 idonei,
980 2190 1115 2220 diversa
1141 2191 1243 2221 eccle-

229 2242 367 2272 siastica
391 2242 555 2273 beneficia
583 2243 616 2272 in
640 2243 778 2273 civitate
797 2252 833 2274 ac
859 2244 986 2274 diocesi
1009 2244 1150 2274 Senensi
1170 2254 1244 2274 con-

228 2295 481 2331 sistentia,0111n
497 2305 575 2326 cura
592 2297 623 2326 et
638 2296 710 2326 sine
725 2306 816 2333 cura,
836 2306 895 2335 per
914 2297 1068 2327 diversas
1084 2298 1243 2336 apostoli-

228 2357 285 2378 cas
300 2348 443 2385 litteras,
464 2349 593 2379 nullam
611 2349 770 2380 facientes
787 2350 826 2380 de
842 2350 1037 2388 hujusmodi
1055 2351 1243 2381 defectibus

230 2401 447 2437 mentionem,
465 2410 550 2439 quas
570 2402 671 2432 iidem
689 2402 802 2432 clerici
823 2403 863 2433 ad
882 2405 1081 2433 executores
1099 2403 1148 2434 eis
1168 2413 1241 2442 pro-

227 2454 342 2492 pitios,
367 2454 437 2483 sive
463 2454 503 2483 ad
531 2463 694 2492 personas
720 2455 806 2485 alias
831 2456 880 2485 eis
908 2455 1111 2486 favorabiles
1139 2457 1243 2495 impe-

226 2508 370 2542 trarunt,
405 2507 470 2536 sibi
502 2509 725 2545 procurarunt
757 2508 796 2538 de
826 2517 912 2538 novo
941 2508 1086 2539 conferri
1122 2518 1239 2548 eaque,

228 2560 420 2599 hujusmodi
442 2559 662 2589 collationum
685 2562 853 2598 pretextu,
879 2561 1040 2595 detinent,
1062 2562 1094 2591 in
1115 2562 1242 2592 anima-

228 2622 301 2643 rum
326 2622 465 2643 suarum
488 2613 704 2651 dispendium
726 2615 756 2643 et
780 2614 978 2644 scandalum
1003 2614 1240 2653 plurimorum.

227 2668 337 2702 Quare
361 2668 569 2696 memoratus
594 2666 773 2704 episcopus
795 2666 893 2696 nobis
918 2667 1091 2697 humiliter
1115 2668 1243 2706 suppli-

227 2720 326 2754 cavit,
345 2721 392 2755 ut,
412 2728 487 2749 cum
507 2719 635 2749 eisdem
656 2719 841 2754 beneficiis,
859 2729 899 2750 ex
918 2720 1113 2758 hujusmodi
1128 2721 1241 2751 deten-
1271 2735 1272 2745 ι

229 2774 319 2803 tione
359 2773 530 2811 ipsorum,
564 2773 657 2802 varia
694 2773 918 2811 spiritualiter
949 2775 979 2803 et
1009 2774 1241 2812 temporaliter

231 2825 429 2856 immineant
449 2826 664 2860 detrimenta,
688 2827 719 2855 et
736 2826 859 2864 prefati
888 2826 1001 2856 clerici
1026 2827 1110 2856 satis
1128 2830 1241 2857 nostre

229 2879 320 2909 curie
341 2879 410 2909 sint
432 2878 547 2914 vicini,
568 2888 625 2909 eos
644 2879 684 2909 ad
704 2879 812 2917 ipsam
838 2879 965 2909 curiam
985 2880 1127 2915 evocari,
1150 2882 1185 2910 ut
1202 2881 1241 2910 de

230 2932 412 2962 idoneitate
435 2933 491 2962 aut
513 2932 742 2962 insufficentia
759 2932 895 2962 illorum
916 2941 980 2970 quo
997 2932 1037 2961 ad
1061 2931 1241 2963 obtinenda

359 2997 496 3024 Unsmn
518 2997 571 3029 IV,
594 3000 615 3024 t.
636 2997 674 3031 II,
698 2999 762 3031 Itey.
784 2998 843 3024 ord.

1312 335 1505 373 hujusmodi
1532 337 1706 373 beneficia,
1729 339 1852 369 ibidem
1880 343 2033 371 ‹·onstai·c
2061 341 2181 377 valeat,
2205 343 2326 372 farere-

1312 397 1398 418 mus.
1436 390 1624 420 Eorundem
1656 392 1756 430 igitur
1786 393 1985 423 clericorum
2015 394 2190 432 providere
2222 396 2323 426 saluti

1312 451 1347 470 ac
1365 441 1603 473 benoth-iorum
1625 445 1774 482 ipsorum
1796 446 1931 475 υΙιιίειι-ιῑΙ
1953 447 1982 475 ιιι
2002 446 2060 476 hac
2081 449 2173 485 parte
2190 448 2323 486 dispen-

1311 494 1377 524 diis
1390 494 1612 531 intemlentes,
1626 498 1825 528 mandamus
1836 499 1995 537 quatinus
2008 501 2157 537 prelatos
2169 501 2322 537 clericos,

1312 555 1351 576 ex
1371 550 1463 586 purte
1479 551 1605 585 nostra,
1624 552 1848 589 peremptorie
1867 552 1969 582 citare
1988 562 2158 590 procures,
2180 556 2211 583 ut
2235 554 2321 584 inl'ra

1311 608 1460 630 mensem
1486 603 1561 639 post
1581 603 1773 633 citationem
1800 606 1904 641 tuam,
1926 615 1999 634 cum
2020 606 2180 644 predictis
2198 607 2322 637 litteris

1311 655 1446 691 propter
1479 654 1538 683 hoc
1571 657 1794 693 personaliter
1823 660 2034 695 equiparefint
2068 669 2177 688 eoram
2210 660 2318 695 nobis,

1311 706 1506 743 apostolicis
1534 716 1635 745 super
1666 709 1725 737 hoe
1754 709 1976 748 beneplacitis
2005 712 2159 749 parituri.
2188 714 2244 742 liis
2272 714 2320 743 in-

1310 767 1411 796 super
1434 760 1661 790 denuntiando
1692 762 1837 799 publice,
1867 764 1955 801 quod
1987 764 2014 793 si
2045 765 2084 793 ad
2113 768 2260 795 nostram
2288 767 2321 796 ιιι

1280 836 1281 842 ,
1310 811 1397 840 dicto
1428 813 1571 842 termino
1603 815 1806 851 presentiam
1844 824 1906 844 non
1944 818 2163 851 accesserint,
2195 828 2254 847 nos
2287 820 2319 848 ιιι

1279 880 1281 892 ,2
1310 863 1501 900 hujusnwdi
1532 868 1662 904 negotio
1692 867 1933 902 nichilominus
1961 871 2191 907 procedemus,
2223 874 2319 909 prout

1310 918 1542 953 putaverimus
1563 918 1732 956 expedire.
1762 920 1860 949 Diem
1883 925 1992 950 autem
2019 922 2188 952 citationis
2207 926 2234 953 ct
2259 925 2321 953 t'or-

1310 978 1397 998 mam
1415 971 1445 999 et
1464 971 1623 1009 quicquid
1642 972 1717 1001 inde
1736 972 1866 1006 seceris,
1885 982 1943 1011 per
1961 976 2034 1003 tuas
2052 975 2182 1004 litteras
2202 976 2319 1006 harum

1310 1023 1431 1052 seriem
1450 1024 1671 1056 continentes.
1691 1025 1787 1054 nobis
1811 1026 1954 1056 tideliter
1974 1027 2129 1057 iutimare
2149 1038 2317 1066 pios-ures.

1310 1076 1431 1106 Datum
1452 1077 1540 1114 apud
1559 1077 1848 1112 Urbemveterem,
1868 1089 1885 1107 ι’
1904 1080 1977 1109 idus
1998 1081 2089 1116 maii,
2109 1091 2194 1111 anno
2215 1084 2284 1112 1110.
2306 1094 2318 1109 o

1398 1270 1444 1298 (37
1456 1269 1471 1299 ἰ

1883 1270 2008 1303 ‹ji-vieto,
2025 1274 2040 1296 Ν
2054 1272 2143 1306 juillet
2172 1273 2245 1299 lassi.

1343 1353 1373 1377 (l.
1392 1353 1568 1379 monasterio
1589 1363 1610 1379 s.
1629 1353 1766 1380 Johunnis
1788 1355 2016 1389 Angeliaeensis,
2036 1357 2242 1384 Xanctonensis
2259 1359 2320 1385 ‹lio-

1306 1400 1390 1427 cesis,
1419 1401 1447 1427 iu
1476 1402 1611 1428 abbatem
1645 1403 1773 1436 prwtieit.
1804 1405 1881 1436 (lucc.
1913 1407 1956 1432 ΕΗ,
1986 1405 2034 1431 t'ol.
2063 1407 2095 1431 Tu
2121 1412 2156 1435 ν’,
2180 1415 2245 1434 ιιιιιι.
2274 1408 2319 1435 111.

1308 1451 1431 1482 1111270.)

1349 1566 1363 1579 ι(
1390 1553 1437 1589 G.,

1308 1606 1424 1636 ordinis
1440 1609 1536 1636 sancti
1556 1607 1723 1643 Benedicti,
1744 1609 1949 1639 ,xantonensis
1971 1610 2106 1645 ‹lim-esis,
2139 1612 2318 1651 cappellano

1309 1666 1426 1689 noso-o.
1461 1660 1710 1691 Sollicitudinis
1746 1663 1930 1700 apostolice
1966 1665 2117 1694 studium
2148 1684 2200 1694 —.
2234 1668 2318 1695 Sane

1308 1713 1514 1743 monasterio
1550 1715 1656 1744 sancti
1689 1714 1853 1745 <Iohannis
1886 1717 2155 1755 Angeliacensis,
2190 1719 2318 1748 ordinis

1308 1767 1414 1796 sancti
1441 1766 1624 1802 Benedicti,
1652 1767 1778 1797 solacio
1804 1768 1966 1799 destituto
1992 1771 2150 1808 pastoris,
2180 1772 2319 1809 configit

1308 1819 1341 1848 in
1364 1819 1438 1857 ipso
1467 1819 1551 1848 duas
1570 1819 1764 1856 electiones,
1785 1829 1883 1850 uriam
1906 1822 2061 1853 videlicet
2078 1824 2117 1853 de
2140 1849 2144 1854 .
2167 1848 2171 1852 .
2196 1824 2318 1854 elemo-

1307 1872 1434 1902 sinario
1465 1872 1574 1910 ipsius
1603 1874 1813 1909 monasterii,
1845 1875 2011 1913 reliquam
2040 1885 2117 1906 vero
2146 1876 2185 1906 de
2215 1877 2318 1907 fratre

1306 1926 1459 1964 Hugone,
1472 1925 1583 1963 priore
1601 1926 1639 1956 de
1659 1926 1814 1962 Neriaco,
1826 1927 1905 1957 dicti
1919 1929 2117 1958 monasterii
2131 1930 2316 1965 monachis,

1306 1979 1338 2008 in
1374 1979 1542 2009 discordia
1574 1979 1753 2016 celebrari,
1789 1989 1825 2009 ac
1858 1980 2099 2012 nichilominus
2132 1983 2317 2014 venerabili

1306 2032 1408 2062 fratre
1431 2033 1546 2061 nostro
1570 2056 1595 2061 ..
1616 2033 1829 2063 Xantonensi
1848 2034 2017 2073 episcopo,
2041 2035 2105 2065 loci
2125 2036 2311 2071 diocesano,

1305 2087 1477 2116 asserente
1496 2086 1535 2115 ad
1551 2094 1585 2115 se
1604 2094 1662 2124 per
1676 2086 1811 2125 lapsum
1824 2088 1997 2126 temporis,
2011 2097 2049 2118 ea
2064 2089 2147 2125 vice,
2159 2090 2228 2120 fore
2243 2099 2318 2129 pro<

1305 2138 1470 2168 visionem
1501 2138 1652 2177 ejusdem
1681 2140 1878 2169 monasterii
1910 2140 2122 2177 devolutam,
2153 2144 2184 2172 et
2211 2143 2318 2173 inten-

1305 2192 1415 2227 dente,
1451 2193 1487 2221 ut
1515 2191 1704 2226 dIcelmtur,
1738 2201 1780 2222 ex
1813 2193 1924 2222 ot'ticio
1953 2203 2012 2223 suo
2040 2195 2217 2232 providere
2251 2196 2316 2234 ipsi

1305 2244 1511 2274 monasterio
1536 2245 1575 2273 de
1594 2244 1725 2281 abbate,
1747 2254 1807 2283 pro
1826 2247 1920 2284 parte
1945 2247 2110 2276 dictorum
2132 2248 2315 2279 electorum

1306 2297 1346 2328 ab
1364 2297 1481 2328 eodem
1508 2298 1678 2336 episcopo,
1708 2307 1747 2327 ne
1768 2300 1882 2328 eontra
1906 2299 2087 2329 electiones
2105 2301 2239 2330 easdem
2258 2302 2316 2331 ali—

1305 2350 1386 2388 quid
1405 2352 1629 2388 attemptaret,
1654 2350 1715 2380 suit
1738 2351 1777 2379 ad
1800 2351 1912 2380 sedem
1932 2352 2150 2389 ap‹5›stolicain
2168 2354 2316 2391 appella-

1304 2405 1386 2434 tum.
1400 2404 1605 2433 Memoratus
1622 2412 1697 2433 vero
1711 2404 1889 2442 episcopus
1904 2405 2011 2434 eidem
2022 2407 2226 2436 monasterio
2235 2407 2273 2435 de
2289 2432 2292 2435 .
2309 2431 2314 2437 .

1305 2456 1549 2494 camberlengo,
1580 2457 1762 2486 constituto
1788 2457 1819 2486 in
1846 2457 1965 2487 itinere
1992 2459 2171 2487 accedendi
2190 2460 2229 2488 ad
2245 2468 2315 2497 pre-

1305 2510 1427 2539 dictam
1448 2509 1789 2543 sede111,c21usadicte
1809 2510 2048 2548 appellationis
2069 2513 2314 2550 prosequende,

1304 2562 1462 2601 providit.
1484 2562 1764 2591 Procuratoribus
1789 2563 1890 2600 igitur
1914 2563 2097 2593 electorum
2118 2565 2313 2600 eorundem,

1304 2619 1334 2646 et
1359 2616 1481 2654 pret'ati
1510 2616 1735 2654 eamberlengi
1761 2616 1848 2654 apud
1877 2616 1990 2645 sedem
2017 2618 2212 2648 constitutis
2240 2628 2315 2648 ean-

1303 2670 1391 2702 dem,
1418 2669 1503 2698 inter
1531 2677 1588 2697 eos
1615 2678 1727 2698 eoram
1752 2668 1875 2698 dilecto
1896 2669 1964 2698 tilio
1994 2673 2107 2700 nostro
2125 2671 2176 2707 O„
2202 2671 2315 2701 Sancti

1304 2722 1441 2752 Adriani
1459 2722 1598 2750 diacono
1619 2721 1801 2757 cardinale,
1823 2731 1922 2759 quem
1942 2722 2052 2751 felicis
2072 2724 2314 2754 recordationis

1304 2774 1495 2805 Alexander
1514 2783 1610 2812 papa,
1631 2774 1850 2811 predecessor
1868 2777 1993 2810 noster,
2011 2784 2112 2814 super
2130 2776 2189 2806 hoe
2214 2777 2315 2816 depu-

1303 2829 1431 2858 taverat
1461 2827 1660 2862 auditorem,
1683 2827 1792 2857 extitit
1813 2827 1943 2857 diutius
1972 2828 2153 2867 litigatum.
2176 2831 2312 2865 Verum,

1304 2881 1419 2910 eodem
1439 2880 1570 2918 negotio
1591 2880 1736 2909 diversis
1757 2880 1967 2910 anfractibus
1992 2881 2063 2911 litis
2086 2882 2264 2920 implicito,
2284 2886 2315 2913 et

1464 1554 1567 1583 abbati
1586 1556 1762 1584 monasterii
1784 1557 1882 1585 smirci
1902 1557 2050 1586 ,lobannis
2078 1558 2317 1597 Aizsseliocense's‚

1271 2932 1272 2945 ³
1304 2934 1408 2963 variis
1426 2933 1501 2962 hinc
1524 2933 1600 2962 inde
1623 2932 1721 2962 factis
1742 2933 2002 2971 allegationibus
2025 2943 2090 2964 non
2110 2936 2161 2964 sui
2180 2937 2315 2974 expedi-

2156 3002 2188 3029 41
