2547 3289
278 244 335 271 404

276 334 338 363 que
359 324 499 353 fratrum
517 323 647 352 animos
664 323 778 351 contra
796 328 864 354 vos,
883 320 1006 349 vestris
1021 319 1129 357 culpis
1146 318 1280 356 exigen-

276 377 376 407 tibus,
391 377 598 414 provocatos,
614 373 775 411 condigne
790 370 1035 400 satisfactionis
1049 372 1079 399 et
1092 367 1281 398 devotionis

275 429 446 467 obsequiis
468 428 686 465 ‹⁷¹01nplacare.
709 426 773 455 Sed
793 432 863 458 vos,
887 424 975 462 quod
995 422 1146 452 dolentes
1168 421 1279 450 referi-

275 491 359 513 mus,
382 483 490 511 vestre
507 480 602 518 quasi
625 487 763 517 prorsus
787 477 908 506 salutis
926 476 1034 511 obliti,
1057 483 1120 505 non
1139 473 1282 504 cessatis

273 534 358 563 mala
393 533 491 563 malis
520 532 677 568 adjicere,
708 530 852 559 ‹iit'sensas
885 529 1052 559 inculcare
1081 527 1220 557 ott'ensis
1249 529 1280 556 et

273 587 413 624 injurias
441 585 575 623 injuriis
602 584 786 613 cumulare.
810 583 889 612 dum
915 581 1091 615 Mansredt,
1110 580 1278 618 quondam

271 639 433 677 principis
454 638 639 669 'sai-entim.
666 639 695 665 et
724 636 868 665 aliorum
898 642 1095 664 aversorum
1121 633 1161 662 ab
1184 635 1278 662 utero

269 691 419 729 ejusdcm
434 691 551 721 matris
565 689 706 720 ecclesie
721 689 867 718 liliorum
881 687 1073 725 dampnatis
1089 686 1278 716 adherendo

267 744 433 782 vestigiis.
463 743 645 773 christiane
673 742 845 771 societatis
875 740 1082 779 impugnatis
1106 747 1220 777 pacem
1247 741 1274 769 et

269 797 376 834 ipsius
398 796 538 826 ecclesie
556 795 706 825 membra
726 795 936 831 malignitate
954 794 1089 831 viperea
1108 792 1277 826 lai-eratis,

268 849 420 887 ponendo
438 858 531 887 spem
545 850 688 878 vestram
709 849 741 877 in
757 845 1137 884 vestristemporalibus
1147 845 1277 874 viribus

267 905 298 932 et
318 902 458 938 divitiis,
477 901 601 940 quibus
628 901 720 931 abuti
743 903 857 930 contra
880 901 1002 932 Deum,
1020 899 1076 937 qui
1105 907 1162 928 eas
1181 898 1276 928 vobis

267 942 419 987 contulit,
441 963 505 984 non
522 954 663 984 timetis.

307 1008 388 1038 Ecce
407 1007 574 1046 siquidem
595 1007 635 1036 ad
654 1008 806 1036 nostrum
834 1005 986 1044 pervenit
1011 1005 1162 1035 auditum
1187 1004 1275 1043 quod

264 1070 336 1097 VOS,
361 1061 506 1091 diversis
532 1059 803 1098 persecutionum
828 1057 1020 1096 generibus,
1049 1057 1171 1096 quibus
1201 1066 1273 1096 pre·

264 1114 387 1144 dictam
408 1113 559 1143 vexastis
580 1112 739 1142 hactenus
759 1115 789 1142 et
810 1111 924 1141 vexari
943 1111 1152 1150 procurastis
1172 1111 1272 1140 eccle·

264 1168 362 1201 siam,
386 1175 449 1196 uon
473 1166 631 1200 contenti,
656 1167 835 1204 postquam
857 1164 1070 1202 omnipotens
1095 1164 1272 1200 Dominus,

264 1220 454 1258 aliquorum
490 1219 602 1249 forsan
637 1220 836 1257 provocatus
866 1217 1019 1251 offensis,
1051 1217 1211 1247 sustinuit
1243 1219 1274 1248 et

262 1273 419 1312 permisit
449 1281 508 1302 vos
540 1272 579 1301 de
613 1280 707 1301 rocca
734 1270 899 1309 Campilie
932 1272 1043 1300 vestre
1075 1270 1274 1300 intentionis

262 1325 474 1364 propositum
513 1324 679 1359 obtinere,
716 1324 755 1353 ad
797 1324 856 1353 hoc
893 1325 928 1353 ut
966 1323 1090 1353 daretis
1128 1323 1272 1361 intelligi

263 1378 351 1417 quod
383 1386 592 1416 nequaquam
623 1387 638 1407 a
673 1378 742 1407 Deo
775 1376 1015 1414 recognoscitis
1050 1376 1082 1405 id
1113 1376 1199 1414 quod
1233 1377 1272 1406 de

262 1431 459 1469 ro‹·ca,ipsa
491 1426 682 1468 contingere
711 1430 879 1464 toleravit,
911 1429 1130 1467 disposuistis
1160 1429 1270 1466 ipsum

260 1485 294 1514 in
313 1493 371 1514 sua
389 1484 532 1513 ecclesia
550 1483 649 1512 solito
674 1483 811 1521 gravius
831 1483 1038 1520 impugnare,
1059 1482 1271 1512 intendentes

259 1537 469 1567 territorium
483 1536 582 1565 castri
597 1537 636 1565 de
653 1535 871 1570 Radit-ot'ano,
885 1535 972 1573 quod
990 1535 1106 1573 utique
1122 1537 1270 1565 castrum

259 1590 406 1628 predicte
433 1589 574 1619 ecclesie
600 1598 732 1618 <minora
757 1588 916 1626 specialis
944 1588 1072 1621 existit,
1100 1588 1270 1618 hostiliter

258 1643 389 1682 ingredi
410 1644 441 1672 et
461 1642 607 1681 aggredi,
638 1643 670 1671 in
696 1642 809 1671 divine
828 1642 1016 1681 majestatis
1041 1644 1268 1680 contemptum

259 1704 295 1725 ac
313 1697 462 1726 nostram
483 1699 513 1725 et
533 1695 681 1734 predicte
705 1695 846 1725 ecclesie
865 1695 1102 1725 contumeliam
1120 1695 1269 1733 011110111-

258 1757 342 1785 ram,
367 1757 425 1779 nec
443 1749 657 1787 aliquatenus
674 1748 883 1778 attendentes
896 1748 996 1786 quod,
1015 1748 1076 1778 etsi
1095 1748 1269 1778 mirabiles

259 1802 327 1832 sint
346 1802 508 1832 elationes
527 1802 642 1832 maris.
663 1801 854 1831 mirabilior
875 1803 986 1831 tamen
1011 1804 1184 1839 permanet
1204 1802 1267 1832 Do-

259 1855 372 1885 minus
394 1855 427 1885 in
445 1855 601 1886 excelsis.
619 1856 702 1885 Cum
720 1855 824 1893 igitur
845 1863 885 1884 ex
903 1854 963 1884 hoc
981 1855 1163 1884 videamini
1183 1855 1268 1885 velle
1300 1880 1301 1888 ,

259 1909 292 1938 111
313 1909 420 1946 ipsius
446 1908 586 1938 ecclesie
605 1909 733 1938 viscera
762 1917 881 1937 manus
901 1908 1084 1937 immittere
1101 1908 1269 1938 truculen-

258 1962 322 1995 tas,
337 1970 397 1991 nos
413 1961 545 2000 quibus
563 1961 641 1990 licet
660 1961 851 1992 immeritis.
867 1960 1096 1990 defensionem
1116 1961 1266 1997 ejusdem

258 2014 399 2044 ecclesie
428 2022 633 2051 suorumque
669 2013 832 2042 bonorum
871 2015 900 2042 et
934 2013 1062 2049 jurium
1097 2014 1266 2044 (summisit

258 2066 470 2101 Altissimus‚
496 2068 625 2095 tantum
655 2066 764 2104 ipsius
790 2066 931 2095 ecclesie
955 2066 1170 2104 dispendium
1198 2069 1267 2096 tan-

257 2122 395 2158 tumque
413 2119 630 2157 obprobrium
649 2119 793 2148 tolerare
818 2119 1010 2148 nullatenus
1029 2124 1263 2157 proponentes,

257 2173 337 2211 quin
364 2180 543 2202 exaremus
566 2174 595 2201 et
623 2172 796 2201 vibremus
815 2172 846 2201 iu
872 2181 941 2205 vos,
964 2172 990 2201 si
1013 2172 1175 2201 adversus
1197 2182 1266 2202 cas-

255 2226 344 2255 trum
363 2226 474 2263 ipsum
485 2225 598 2254 taliter
613 2225 861 2263 processeritis,
876 2225 1025 2263 gladium
1037 2225 1264 2256 ecclesiastice

254 2278 443 2317 potestatis,
472 2278 685 2307 universitati
710 2280 820 2308 vestre
838 2278 877 2307 de
905 2278 1044 2308 fratrum
1072 2281 1262 2308 nostrorum

253 2332 407 2367 consilio,
426 2331 624 2361 auctoritato
643 2331 839 2369 apostolica,
859 2331 1050 2361 districtius
1071 2331 1263 2362 inhibemus

253 2392 293 2414 ne
311 2385 425 2414 contra
445 2385 571 2414 dictum
596 2386 743 2414 castrum
763 2384 904 2423 ejusque
932 2384 1141 2414 territorium
1162 2385 1262 2416 hosti-

250 2437 327 2467 liter
342 2438 519 2476 procedere
530 2437 746 2476 presumatis.
761 2437 1018 2476 Alioquin‚(·1im
1036 2446 1096 2467 nos
1107 2438 1260 2476 frequen-

247 2490 299 2520 ter
315 2490 410 2520 vobis
430 2490 596 2520 fuerimus
614 2490 822 2526 comminati,
842 2491 930 2529 quod
948 2499 1111 2528 personas
1126 2493 1155 2521 et
1174 2491 1259 2522 bona

246 2542 446 2573 Senensium
470 2543 606 2579 civium,
629 2542 833 2581 ubicumque
852 2544 1094 2574 invenirentur.
1115 2553 1259 2583 expone-

246 2596 475 2626 remuslibere
485 2596 677 2634 occupanda
691 2596 860 2633 fidelibus,
879 2598 911 2627 et
928 2597 1099 2627 civitatem
1111 2600 1257 2628 vestram

245 2649 428 2688 episcopali
470 2649 683 2687 privaremus
717 2649 900 2688 dignitate,
939 2658 976 2679 ac
1013 2649 1255 2680 nichilominus

244 2702 412 2732 debitores
429 2702 622 2732 eorumdem
640 2702 841 2732 Senensium
858 2703 994 2738 civium.
1012 2703 1254 2742 cujuscumque

243 2756 361 2788 status,
386 2755 590 2785 conditionis
613 2755 663 2785 vel
693 2755 830 2785 honoris
865 2756 983 2788 forent,
1004 2757 1072 2786 tam
1095 2756 1127 2785 in
1150 2756 1249 2786 ultra-

241 2809 410 2838 montanis
442 2810 473 2838 et
505 2808 779 2843 citramontanis,
813 2817 914 2847 quam
953 2809 985 2838 in
1019 2809 1252 2840 ultramarinis

240 2861 393 2898 partibus
415 2861 627 2893 constitutos.
657 2861 814 2891 ‹unuibus
838 2861 963 2892 debitis
993 2862 1199 2900 pecuniariis
1219 2865 1251 2893 et,

239 2913 316 2943 aliis
344 2914 376 2943 in
402 2913 525 2952 quibus
551 2914 677 2944 eisdem
706 2916 863 2944 tenentur
886 2914 1029 2947 civibus.
1054 2923 1113 2945 nec
1141 2923 1206 2945 non
1231 2924 1247 2944 a

1036 234 1278 266 REGISTRES
1299 234 1511 265 D'URRAIN
1535 234 1592 263 IV.

1340 316 1544 354 ¹juramentis
1558 325 1617 354 pro
1635 315 1826 346 debitorum
1844 317 1995 355 ipsorum
2016 316 2185 347 solutione
2201 318 2354 356 prestitis

1343 369 1527 408 apostolica
1545 370 1744 399 auctoritate
1761 369 1936 399 absolvere
1954 378 1990 399 ac
2007 369 2165 406 liberare,
2182 372 2212 400 et
2231 371 2355 400 instru—

1343 425 1453 452 menta
1476 423 1625 452 confecta
1647 431 1748 460 super
1771 423 1899 452 eisdem
1924 422 2048 452 debitis
2072 431 2206 453 cassare
2227 425 2257 453 et
2279 432 2352 453 eva·

1343 484 1441 505 cuare
1463 475 1597 513 penitus
1627 484 1841 509 curaremus:
1869 478 1899 505 et
1922 484 2114 514 processus,
2139 477 2168 505 si
2191 484 2276 514 quos
2303 484 2353 506 ra-

1342 528 1433 558 tione
1461 527 1649 557 debitorum
1680 528 1830 566 ipsorum
1853 538 1869 557 a
1894 528 2163 566 quibuscumque
2181 528 2354 565 jiulicibus

1342 581 1524 610 ordinariis
1540 581 1592 611 vel
1617 590 1635 610 a
1657 581 1736 610 sede
1753 581 1939 619 apostolica
1956 581 2120 620 delegatis
2144 581 2257 611 haberi
2277 590 2351 611 con-

1310 647 1311 652 =
1341 635 1495 673 tingeret,
1520 634 1778 664 decerneremus
1806 634 1921 664 irritos
1947 638 1976 664 et
2007 635 2124 664 inanes
2156 644 2192 664 ac
2224 634 2353 664 nullius

1340 688 1485 717 existere
1504 687 1686 717 firmitatis.
1706 688 1925 717 Privaremus
1945 688 2046 717 etiam
2071 696 2188 717 omnes
2213 688 2301 717 tilios
2320 690 2352 717 et

1308 741 1309 752 ¹
1340 743 1480 778 nepotes
1495 741 1690 770 eorumdem
1712 740 1833 770 civium
1855 749 1913 779 per
1933 741 2191 771 descendentem
2213 741 2350 776 lineam,

1308 807 1309 810 ¹
1339 794 1480 823 clericos
1501 794 1659 823 omnibus
1681 793 1931 831 personatibus.
1956 794 2191 831 dignitatibus.
2212 794 2352 832 preben—

1308 844 1309 851 ’
1339 847 1391 877 dis
1419 849 1449 877 et
1479 847 1556 876 aliis
1580 847 1822 877 ecclesiasticis
1846 847 2019 877 beneficii>-
2043 856 2107 885 que
2130 847 2294 881 obtinent.
2319 849 2352 878 et

1340 901 1557 930 redderemus
1587 909 1644 930 eos
1671 909 1810 939 prorsus
1831 900 1998 930 inhabiles
2017 901 2056 930 ad
2082 901 2138 930 illa
2157 901 2208 930 vel
2227 900 2292 930 alia
2317 901 2351 930 in

1339 956 1509 993 posterum
1535 953 1727 984 obtinenda.
1746 954 1844 989 Quia.
1864 955 1891 983 si
1914 957 2029 984 contra
2052 953 2244 992 hujusmodi
2265 953 2351 983 inhi-

1337 1006 1498 1037 bitionem
1531 1010 1681 1037 nostram
1712 1007 1826 1037 venire
1858 1007 2118 1045 teinltdareritis.
2138 1006 2349 1045 procedendo

1337 1060 1506 1090 hostiliter
1535 1063 1648 1089 contra
1679 1060 1867 1098 predictum
1893 1063 2042 1090 castrum
2077 1061 2192 1099 eJusve
2218 1060 2349 1090 territo-

1338 1114 1436 1148 rium,
1461 1122 1500 1143 ex
1525 1113 1583 1143 hoc
1601 1122 1660 1143 vos
1685 1113 1891 1151 principales
1911 1113 2026 1143 hostes
2043 1115 2073 1143 et
2096 1113 2349 1151 impugnatores

1337 1167 1445 1204 ipsius
1468 1166 1608 1196 ecclesie
1634 1166 1798 1204 liquidius
1816 1166 2046 1200 ostenderitis,
2065 1175 2125 1196 nos
2146 1174 2187 1196 ex
2205 1174 2291 1195 nunc
2307 1166 2347 1196 de

1336 1220 1562 1258 predictorum
1587 1219 1728 1249 fratrum
1747 1219 1890 1249 consilio
1912 1219 2081 1257 predictas
2098 1227 2202 1257 penas
2222 1227 2282 1249 vos
2299 1219 2348 1248 in-

1335 1281 1469 1303 currere
1493 1272 1707 1302 decernimus
1733 1273 1806 1310 ipso
1831 1272 1927 1302 facto.
1954 1274 2162 1310 exponentes
2186 1271 2272 1301 bona
2291 1272 2348 1302 Se-

1335 1326 1490 1355 nensium
1521 1325 1657 1359 civium.
1688 1324 1892 1363 ubicumque
1918 1325 2054 1354 inventa
2077 1325 2214 1359 suerint,
2242 1324 2348 1355 libere

1334 1379 1525 1417 occupanda
1548 1378 1716 1410 fidelibus.
1737 1381 1767 1408 et
1788 1386 1952 1416 personas
1973 1386 2089 1408 eorum
2111 1378 2292 1416 capiendas
2315 1380 2347 1408 et

1333 1433 1435 1461 etiam
1459 1432 1668 1466 detinendas,
1689 1440 1725 1460 ac
1755 1431 1926 1461 civitatem
1951 1432 2135 1461 senensem
2159 1431 2346 1470 episcopali

1332 1485 1494 1523 dignitate
1513 1485 1697 1523 privantes,
1713 1486 1743 1514 et
1759 1484 2000 1514 nichilominus
2017 1493 2135 1514 omnes
2149 1484 2345 1522 hujusmodi

1332 1538 1501 1568 debitores
1520 1538 1714 1567 eorumdem
1735 1537 1860 1567 civium
1879 1538 2079 1568 auctoritate
2097 1537 2282 1576 apostolica
2304 1536 2345 1566 ab

1332 1591 1489 1621 omnibus
1508 1591 1632 1621 debitis
1651 1593 1683 1621 et
1700 1591 1904 1629 juramentis
1922 1591 2114 1630 hujusmodi
2129 1590 2345 1621 absolventes

1331 1646 1362 1674 et
1379 1645 1480 1674 etiam
1497 1644 1694 1680 liberantes,
1712 1652 1747 1673 ac
1764 1644 1990 1674 instrumenta
2009 1652 2111 1682 super
2124 1644 2251 1674 eisdem
2270 1651 2346 1673 con-

1332 1697 1417 1727 fecta
1441 1697 1565 1727 debitis
1591 1699 1764 1727 cassantes
1794 1699 1825 1727 et
1849 1700 2063 1730 evacuantes,
2092 1706 2129 1727 ac
2163 1705 2344 1736 processus

1300 1753 1301 1757 ’
1331 1750 1358 1779 si
1379 1758 1463 1788 quos
1482 1750 1611 1779 ratione
1625 1749 1816 1780 debitorum
1833 1750 1984 1788 ipsorum
1999 1758 2110 1779 coram
2126 1749 2345 1788 quibuscum-

1300 1803 1301 1808 ’
1330 1811 1394 1841 que
1410 1802 1582 1842 judicibus
1599 1803 1782 1833 ordinariis
1805 1803 1855 1832 vel
1877 1803 2042 1842 delegatis
2063 1812 2080 1833 a
2098 1803 2248 1842 predicta
2265 1802 2344 1833 sede

1330 1856 1446 1886 haberi
1473 1856 1663 1896 contigerit,
1694 1857 1913 1886 decernentes
1943 1856 2060 1886 irritos
2091 1858 2121 1886 et
2156 1856 2276 1886 inanes
2308 1864 2348 1886 ac

1330 1909 1458 1939 nullius
1476 1909 1622 1939 existere
1639 1909 1821 1945 innatatis,
1843 1918 2028 1948 omnesque
2048 1909 2136 1939 lilios
2154 1911 2183 1939 et
2203 1911 2344 1948 nepotes

1329 1963 1511 1993 eorundem
1539 1963 1664 1992 rivium
1683 1971 1742 2001 per
1763 1962 2021 1992 descendentem
2040 1962 2178 1998 lineam,
2201 1962 2343 1992 clericos

1297 2022 1298 2025 ’
1329 2015 1486 2045 omnibus
1503 2015 1752 2054 personatibus,
1766 2015 2002 2051 dignitatibus.
2020 2015 2202 2053 prebendis
2218 2017 2249 2045 et
2263 2015 2343 2045 aliis

1328 2068 1569 2097 ecclesiasticis
1589 2068 1772 2101 beneticiis.
1789 2077 1853 2106 que
1869 2068 2032 2098 obtinent.
2052 2069 2218 2106 premissa
2230 2071 2342 2097 aucto-

1329 2120 1426 2150 ritate
1454 2122 1625 2159 privantes
1659 2124 1688 2151 et
1717 2121 1895 2151 reddentes
1921 2130 1978 2150 eos
2006 2129 2146 2159 prorsus
2173 2120 2342 2151 inhabiles

1327 2174 1366 2203 ad
1385 2173 1442 2203 illa
1459 2174 1510 2204 vel
1530 2174 1594 2204 alia
1619 2175 1653 2204 in
1677 2177 1849 2212 posterum
1874 2174 2066 2204 obtinenda.
2087 2174 2126 2204 Et
2148 2182 2222 2204 ecce
2240 2174 2341 2205 dilec-

1326 2228 1396 2256 tum
1415 2227 1533 2258 tilium.
1549 2228 1684 2257 tratrem
1701 2228 1872 2258 Rutiuum.
1885 2227 2121 2265 cappellanum
2138 2229 2168 2257 et
2188 2227 2339 2266 peniten-

1325 2279 1462 2310 tiarium
1490 2283 1654 2313 nostrum.
1682 2281 1790 2310 virum
1817 2281 1934 2319 utique
1954 2280 2132 2319 providum
2159 2282 2189 2310 et
2215 2280 2339 2311 discre-

1324 2335 1406 2367 tum,
1419 2334 1581 2372 religione,
1591 2334 1822 2372 conspicuum.
1835 2343 1871 2363 ac
1885 2333 1982 2364 nobis
1992 2336 2022 2364 et
2037 2333 2199 2364 fratribus
2210 2334 2338 2364 nostris

1323 2395 1382 2416 sue
1410 2387 1542 2417 meritis
1567 2387 1746 2426 probitatis
1772 2389 1956 2426 acceptum,
1975 2387 2014 2417 ad
2033 2396 2092 2417 vos
2118 2388 2256 2426 propter
2276 2386 2337 2418 hoc

1322 2440 1515 2478 specialiter
1534 2441 1757 2471 destinamus.
1778 2442 1847 2471 Vos
1864 2449 1942 2480 ergo
1961 2441 2073 2479 ipsum
2091 2440 2235 2480 benigne
2254 2441 2337 2471 reci—

1321 2493 1454 2531 pientes
1480 2497 1509 2523 et
1538 2493 1675 2524 honeste
1701 2496 1895 2527 tractantes,
1916 2493 2142 2524 indubitatam
2167 2494 2198 2524 ei
2217 2493 2250 2524 in
2269 2493 2332 2530 eis,

1320 2555 1384 2585 que
1413 2546 1510 2576 vobis
1541 2556 1643 2585 super
1668 2547 1848 2585 premissis
1875 2556 1914 2577 ex
1944 2549 2038 2586 parte
2062 2550 2177 2577 nostra
2195 2547 2333 2582 dixerit,

1319 2599 1475 2629 adhibere
1494 2600 1592 2630 tidem
1608 2600 1733 2639 illaque
1748 2601 1913 2630 studeatis
1931 2600 2114 2631 efficaciter
2131 2600 2330 2639 adimplere.

1318 2652 1440 2682 Datum
1459 2653 1546 2692 apud
1571 2653 1857 2689 Urbemveterem,
1878 2653 2089 2690 nonisjunii,
2115 2653 2334 2692 pontificatus

1317 2706 1436 2741 nostri,
1455 2715 1542 2736 anno
1563 2707 1630 2737 1110.
1652 2718 1666 2734 n
