2547 3289
1131 306 1344 337 D'URBAIN
1367 307 1426 339 IV.
2293 316 2332 345 59

256 394 415 427 catorum,
431 393 599 431 quondam
612 393 781 431 capellano
794 391 973 422 cardinalis
987 390 1136 430 predicti,
1153 391 1266 420 nostro

258 445 391 475 nomine
400 446 570 484 assignare
581 454 749 484 procures,
763 445 982 483 rescripturus
998 442 1095 473 nobis
1107 442 1267 482 quicquid

258 498 334 528 inde
357 498 495 528 duxeris
512 498 712 529 faciendum.
733 498 856 528 Datum
879 496 967 535 apud
983 495 1266 530 Urhemveterem,

258 560 316 580 xni
332 551 493 581 kalendas
505 551 605 590 junii,
623 560 712 582 anno
728 550 884 581 secundo.
904 562 918 576 »

757 734 881 766 Orvieto,
897 735 930 761 30
944 735 1097 761 novembre
1117 735 1194 761 1262.

325 738 397 769 209

293 820 475 846 Armacliano
488 819 703 853 archiepiscopo
716 812 815 845 mffdat
831 821 860 845 ut
871 819 1026 853 quamdam
1041 819 1178 853 pecuniae
1190 826 1268 845 sum-

257 876 351 900 inam,
365 876 451 902 quam
468 868 677 894 mercatoribus
697 867 870 894 Florentinis
892 868 1002 900 debeat,
1018 868 1135 894 tandem
1156 868 1265 894 eisdem

256 917 410 951 persolvat.
428 917 505 949 (nm,
524 917 569 948 27,
586 916 634 944 sol.
653 917 695 948 52,
712 924 744 943 no
762 918 790 949 l,
809 917 947 943 I’orrnasr
966 918 1071 950 18132.)

299 1038 313 1052 «
342 1049 361 1055 ..
388 1024 611 1063 archiepiscopo
629 1023 836 1053 Armaclmno.
857 1023 941 1053 Cum
966 1022 1076 1052 dilecti
1093 1022 1154 1052 fini
1174 1024 1266 1053 ,Jaco-

257 1079 320 1109 bus
332 1076 676 1116 Giberti‚Rayne1·ius
688 1076 885 1106 Dellindotis
899 1077 929 1105 et
943 1084 1057 1105 eorum
1073 1076 1165 1111 socii,
1179 1076 1269 1107 cives

258 1134 289 1163 et
306 1132 506 1162 mercatores
519 1130 719 1164 Florentini,
739 1130 850 1159 essent
865 1130 1001 1159 Camere
1020 1130 1131 1160 nostre
1151 1130 1185 1159 in
1204 1139 1268 1160 non

258 1184 389 1215 modica
419 1192 551 1214 sumnia
583 1182 721 1221 pecunie
753 1181 908 1221 obligati,
938 1181 1140 1212 venerabilis
1169 1183 1270 1213 frater

258 1238 369 1268 noster
383 1237 435 1272 P„
455 1236 714 1274 Burdegalensis
731 1234 1012 1273 archiepiscopus,
1030 1236 1106 1264 tuno
1124 1244 1268 1266 camera-

256 1290 327 1320 rius
353 1291 474 1325 noster,
499 1289 642 1319 eundem
659 1288 832 1324 Jacobum,
857 1288 914 1326 qui
935 1287 1102 1318 sociorum
1119 1288 1269 1327 ipsorum

255 1342 389 1381 gerebat
406 1341 546 1380 negotia,
568 1341 654 1380 apud
670 1341 782 1371 sedem
804 1341 1018 1379 apostolicam
1042 1341 1217 1379 requisivit
1236 1343 1270 1371 ut

255 1395 320 1425 sibi
346 1394 539 1434 hujusmodi
559 1394 737 1433 pecuniam
761 1394 905 1424 solveret
927 1396 958 1424 et
975 1394 1014 1424 de
1038 1394 1104 1424 alia
1128 1395 1269 1433 pecunia

254 1449 392 1479 ecclesie
410 1449 559 1479 Romane
572 1456 671 1486 quam
685 1447 757 1486 ipse
773 1455 810 1477 ac
825 1447 965 1486 predicti
983 1447 1065 1477 socii
1077 1450 1268 1486 receperant

255 1502 289 1532 in
314 1502 458 1532 diversis
483 1501 600 1530 mundi
620 1500 784 1539 partibus,
809 1500 960 1530 redderet
988 1501 1161 1531 rationem.
1189 1501 1267 1538 Sed,

255 1555 331 1584 licet
352 1554 439 1584 idem
460 1553 605 1584 Jacobus
623 1562 699 1583 cum
715 1553 801 1583 dicto
820 1553 1070 1592 archiepiscopo
1093 1563 1192 1592 super
1208 1554 1266 1584 hu-

250 1607 400 1646 jusmodi
414 1607 569 1645 pecuniis
586 1606 797 1644 computarit,
814 1606 884 1644 ipse
901 1607 1011 1636 tamen
1028 1606 1104 1636 inde
1121 1607 1267 1636 satisfac-

255 1660 379 1690 tionem
392 1660 501 1689 nostre
513 1667 640 1689 camere
653 1667 718 1688 non
731 1659 902 1696 impendit,
917 1660 1144 1697 propterquod
1159 1660 1266 1690 dictus

253 1712 525 1750 archiepiscopus
539 1711 571 1740 in
586 1711 697 1749 ipsum
708 1712 739 1741 et
751 1711 860 1741 socios
870 1711 941 1749 ejus
953 1712 1143 1741 auctoritati¹
1154 1714 1266 1744 nostra

253 1766 348 1796 duxit
385 1764 705 1795 excomunicatiOnis
741 1764 940 1794 sententiam
975 1765 1264 1804 pronmlgandam.

255 1819 363 1853 Unde,
381 1827 457 1848 cum
480 1819 515 1848 tu
531 1817 657 1847 eisdem
675 1817 798 1847 Jacobo
816 1818 845 1847 et
863 1817 964 1847 sociis
982 1818 1053 1847 suis
1073 1818 1105 1847 in
1122 1819 1265 1856 quadam

255 1880 384 1902 sumnia
412 1871 552 1910 pecunie
577 1869 750 1904 tenereris,
777 1879 837 1900 nos
865 1870 1012 1900 volentes
1033 1871 1265 1909 indempnitati

253 1925 377 1964 prefate
399 1924 550 1954 Romane
567 1923 704 1953 ecclesie
721 1932 819 1962 super
831 1923 891 1953 hoc
905 1923 1095 1953 salubribus
1109 1926 1265 1955 remediis

253 1977 439 2016 providere,
451 1976 554 2006 tibiin
566 1976 686 2005 virtute
699 1975 885 2005 obedientie
902 1984 959 2014 per
968 1978 1098 2006 nostras
1113 1977 1266 2008 dedimus

253 2031 378 2060 litteras
398 2029 433 2059 in
455 2029 621 2059 mandatis
644 2030 679 2059 ut
695 2028 822 2059 eisdem
840 2029 1079 2059 mercatoril.›us
1098 2030 1137 2060 de
1153 2031 1266 2070 hujus-

254 2083 343 2113 modi
354 2083 507 2121 pecunia,
524 2082 558 2112 in
574 2090 639 2120 qua
651 2081 817 2112 tenebaris
828 2082 967 2118 eisdem,
980 2083 1118 2113 minime
1132 2092 1267 2123 respon-

252 2137 365 2171 deres3
393 2136 451 2166 sed
476 2135 594 2174 ipsam,
627 2135 656 2164 si
681 2134 754 2173 ejus
781 2135 959 2165 solutionis
986 2137 1149 2167 terminus
1179 2139 1266 2168 esset

253 2190 397 2227 elapsus,
416 2188 502 2218 infra
515 2188 599 2218 duos
614 2196 746 2218 menses
756 2190 830 2226 post
844 2189 1065 2226 receptionem
1080 2189 1266 2221 litterarum

254 2243 403 2280 ipsarum
415 2241 467 2272 vel
479 2249 554 2270 cum
570 2240 640 2279 ipse
658 2241 821 2270 terminus
836 2241 1020 2276 adveniret,
1038 2242 1168 2272 dilectis
1184 2243 1264 2273 filiis

255 2295 384 2324 Andree
415 2293 551 2328 Jacobi,
585 2293 707 2324 Manno
743 2293 973 2324 Ildebrandini
1004 2296 1035 2324 et
1065 2295 1266 2334 Bonsignori

255 2347 426 2385 Raynerii,
452 2347 552 2377 sociis
579 2346 776 2383 dilectorum
795 2346 943 2377 filiorum
966 2347 1123 2378 Rollandi
1148 2349 1266 2379 1301131-

255 2400 381 2438 gnoris,
406 2400 641 2429 Bonaventure
665 2399 866 2429 Bernardini
896 2401 927 2429 et
949 2400 1077 2435 Jacobi,
1104 2401 1267 2440 Raynerii

255 2452 380 2481 civium
396 2453 426 2482 et
443 2452 663 2482 mercatorum
686 2452 899 2487 Senensium,
917 2453 950 2482 in
967 2453 1109 2483 Francia
1124 2464 1267 2486 commo-

256 2505 418 2539 rantibus,
436 2504 490 2534 vel
518 2513 632 2534 eorum
659 2505 719 2535 uni
742 2506 798 2536 aut
823 2507 910 2536 certo
935 2506 1051 2536 nuntio
1073 2509 1266 2538 eorumdem

257 2559 368 2588 nostro
391 2558 422 2587 et
444 2557 581 2587 ecclesie
603 2558 728 2596 prefate
756 2558 908 2593 nomine,
935 2559 1065 2590 sublato
1089 2561 1267 2599 cujuslibet

255 2609 463 2640 difficultatis
486 2609 669 2644 obstaculo,
696 2610 824 2640 solvere
845 2619 1052 2649 procurares.
1079 2613 1267 2645 Venerabili

257 2672 388 2702 quoque
402 2662 496 2693 fratri
509 2664 620 2692 nostro
638 2685 670 2698 ..‚
689 2664 842 2702 episcopo
859 2665 1056 2700 Parisiensi,
1070 2675 1128 2704 per
1141 2667 1266 2697 litteras

258 2717 388 2747 nostras
404 2715 613 2754 injunximus
629 2716 664 2745 ut
680 2716 762 2753 ipse,
776 2718 951 2755 postquam
968 2718 1095 2756 prefata
1112 2720 1266 2757 pecunia,

257 2770 291 2799 in
315 2778 380 2808 qua
404 2768 563 2808 predictis
585 2768 751 2798 tenebaris
774 2769 907 2805 Jacoho,
924 2770 1092 2809 Rayncrio
1115 2773 1146 2802 et
1168 2773 1268 2802 sociis

257 2831 372 2853 corum
387 2823 450 2851 lem
478 2821 609 2851 Andree
631 2820 759 2857 Jacobi,
783 2821 905 2852 Manno
927 2823 1154 2854 Ildebrandini
1182 2825 1267 2855 Bon-

258 2875 385 2914 signori
400 2874 562 2913 Raynerii
579 2873 771 2904 memoratis
787 2873 840 2904 vel
853 2883 967 2905 eorum
985 2877 1054 2911 uni,
1067 2877 1163 2915 juxta
1180 2887 1268 2908 man-

258 2928 372 2959 datum
402 2928 566 2961 nostrum,
600 2926 767 2965 persoluta
797 2926 890 2960 foret,
920 2927 1141 2959 instrumenta
1169 2939 1268 2969 super

260 2979 401 3018 pecunia
417 2980 491 3019 ipsa
500 2978 658 3015 contecta,
670 2980 815 3009 cassaret
830 2979 859 3009 et
877 2978 1021 3010 irritaret
1037 2982 1067 3011 et
1082 2990 1177 3011 cassa
1197 2982 1266 3013 irri-

1325 391 1421 429 taque
1448 391 1657 424 denuntiaret
1673 403 1709 424 ac
1726 394 1852 425 nullius
1875 396 2018 427 existere
2036 397 2215 434 firmitatis,
2234 400 2331 437 teque

1325 443 1365 472 ab
1377 443 1574 481 obligatione
1584 447 1728 484 predicte
1743 448 1882 486 pecunie
1897 449 2007 488 inqua
2017 450 2332 491 Jacobo‚1{aynerio

1324 503 1361 524 ac
1380 497 1479 526 sociis
1497 499 1619 528 teneris
1636 499 1796 538 ipsorum,
1820 510 1946 533 nccnon
1969 503 2140 534 ecclesiam
2155 506 2245 535 tuam
2265 514 2332 536 om-

1324 548 1404 578 nino
1438 549 1625 581 absolveret
1651 553 1682 582 et
1709 553 1917 585 denuntiaret
1933 556 2032 586 etiam
2064 557 2243 594 absolutos,
2271 567 2331 589 nec

1323 602 1527 639 permitteret
1537 606 1566 633 te
1579 604 1630 634 vel
1640 614 1849 637 successores
1858 609 1931 637 tuos
1942 611 1997 638 aut
2009 610 2145 640 eandem
2156 611 2330 642 ecclesiam

1324 661 1424 692 super
1445 654 1636 693 hujusmodi
1662 658 1803 695 pecunia
1826 661 1881 689 aut
1905 662 2076 692 occasione
2099 663 2205 701 ipsius
2220 664 2260 694 ab
2281 664 2331 695 eis

1323 706 1378 735 vel
1395 707 1435 735 ab
1455 707 1625 746 aliquibus
1643 710 1718 739 aliis
1735 712 1982 749 quomodolibet
1998 714 2178 745 molestari.
2197 716 2330 747 Contra·

1325 758 1467 790 dictores
1496 762 1527 790 et
1557 762 1797 798 molestatores,
1838 766 1912 800 etc.,
1949 774 2052 804 usque
2080 770 2330 806 compescendo.

1324 812 1420 851 teque
1439 813 1678 844 nichilominus
1696 816 1731 845 ut
1751 817 1927 854 pecuniam
1944 818 2049 856 ipsam
2062 821 2196 857 prefatis
2214 831 2332 852 merca-

1325 864 1454 895 toribus
1480 866 1686 897 Senensibus
1709 869 1763 898 vel
1792 869 1850 899 uni
1872 878 1986 900 eorum
2012 871 2107 910 juxta
2135 875 2331 911 premissam

1325 918 1467 948 formam
1496 919 1688 955 exolveres,
1715 922 1899 952 monitione
1929 924 2109 961 premissa,
2142 927 2333 957 auctoritate

1326 972 1450 1007 nostra,
1468 971 1597 1002 sublato
1615 974 1847 1012 appellationis
1863 976 2043 1013 obstacuIO,
2061 980 2232 1008 coartaret.
2249 981 2335 1015 Quia

1326 1032 1405 1053 vero
1423 1025 1563 1062 predicti
1579 1025 1735 1063 Jacobus,
1754 1027 1945 1066 Raynerius
1961 1031 1991 1059 et
2007 1038 2122 1060 eorum
2135 1032 2216 1061 socii
2235 1041 2334 1072 super

1326 1077 1501 1115 premissis
1525 1079 1663 1117 pecunie
1689 1081 1830 1110 summis
1853 1081 2027 1112 nobiscum
2053 1084 2094 1113 ad
2115 1084 2239 1115 bonum
2262 1094 2337 1116 con·

1327 1131 1437 1161 cordie
1460 1134 1694 1169 pervenerunt,
1711 1135 1844 1172 propter
1862 1136 1950 1173 quod
1966 1136 2057 1174 ipsos
2075 1137 2213 1168 fecimus
2231 1147 2249 1169 a
2263 1148 2335 1178 pre-

1326 1183 1414 1214 dicta
1428 1185 1592 1215 sententia
1609 1187 1930 1218 excomunicationis
1946 1189 2086 1224 absolvi,
2111 1200 2170 1220 nos
2188 1192 2336 1223 nolentes

1327 1237 1415 1275 quod
1432 1237 1511 1268 dicti
1524 1238 1668 1269 Jacobus
1686 1241 1718 1270 et
1734 1240 1923 1278 Raynerius
1940 1250 1976 1272 ac
1994 1251 2108 1272 eorum
2124 1245 2205 1274 socii
2226 1245 2258 1274 in
2275 1255 2335 1275 suo

1324 1289 1396 1327 jure
1419 1290 1633 1329 dispendium
1651 1292 1785 1330 aliquod
1802 1294 1980 1332 patiantur,
1994 1303 2108 1325 eorum
2124 1297 2335 1336 suppHcatio-

1327 1344 1426 1374 nibus
1452 1344 1613 1380 inclinati,
1636 1344 1834 1376 fraternitati
1859 1348 1912 1376 tue
1937 1356 1996 1386 per
2017 1349 2197 1387 apostolica
2215 1351 2335 1390 scripta

1326 1396 1524 1425 mandamus
1556 1397 1714 1434 quatinus
1746 1397 1785 1427 (10
1819 1398 2009 1436 hujusmodi
2038 1402 2178 1438 pecunia
2208 1402 2241 1431 in
2271 1412 2336 1441 qua

1325 1449 1448 1479 teneris
1461 1449 1598 1484 eisdem,
1612 1451 1754 1489 Augutio
1765 1452 1795 1481 et
1804 1451 1937 1482 Carlino
1950 1453 2114 1488 Guiberti,
2125 1455 2334 1485 Aldebrando

1325 1504 1354 1532 et
1368 1503 1456 1540 Lapo
1471 1502 1633 1536 Brunetti,
1643 1503 1736 1533 Lotto
1751 1506 1781 1534 et
1794 1504 1887 1534 Canti
1902 1506 2090 1539 Tedaldini,
2102 1507 2334 1538 Bonaventure

1324 1556 1356 1585 et
1380 1555 1530 1585 Salvutio
1556 1555 1755 1591 Bellimioti,
1781 1557 1947 1588 Calcanno
1972 1559 2169 1595 Bonacursi,
2196 1561 2333 1592 Arzutio

1323 1608 1486 1643 Jacobini,
1513 1608 1636 1638 ι1000110
1665 1609 1854 1646 Bonefidei,
1883 1612 2014 1642 civibus
2038 1614 2069 1642 et
2095 1614 2334 1644 mercatoribus

1325 1660 1539 1694 Florentinis,
1574 1662 1675 1691 sociis
1706 1662 1868 1692 dictorum
1898 1665 2012 1694 Jacobi
2039 1668 2070 1695 et
2094 1666 2254 1704 Raynerii
2280 1668 2332 1697 vcl

1323 1712 1420 1742 dictis
1437 1713 1558 1742 «1000110
1570 1714 1600 1742 01
1615 1714 1782 1752 Raynerio
1799 1717 1854 1745 aut
1870 1718 2088 1747 mercatorum
2102 1718 2250 1756 ipsorum
2262 1721 2331 1754 uni,

1323 1765 1351 1794 si
1380 1774 1445 1795 non
1471 1765 1652 1796 exhibuisti
1672 1775 1744 1796 eam
1765 1767 1902 1805 prefatis
1923 1770 2162 1800 mercatoribus
2179 1772 2331 1802 Senensi<

1323 1817 1397 1852 bus,
1416 1820 1445 1847 et
1458 1819 1620 1848 terminus
1632 1819 1808 1849 solutionis
1825 1821 1895 1858 ejus
1911 1822 2076 1852 effluxerit
2088 1823 2140 1853 vel
2158 1826 2329 1862 postquam

1323 1870 1506 1904 advenerit,
1522 1879 1597 1900 cum
1617 1871 1718 1909 justis
1736 1873 1767 1902 et
1791 1874 1970 1904 moderatis
1994 1876 2150 1913 expensis
2168 1885 2204 1906 ac
2222 1878 2332 1907 debita

1324 1923 1564 1953 restauratione
1589 1924 1820 1962 dampnorum,
1838 1925 1934 1963 juxta
1950 1928 2078 1957 tenores
2098 1928 2331 1960 instrumento-

1324 1984 1396 2005 rum
1423 1975 1647 2006 confectorum
1667 1977 1798 2012 exinde,
1824 1979 1935 2008 usuris
1955 1980 2089 2010 00101110
2111 1983 2329 2017 cessantibus,

1324 2028 1515 2059 satisfacere
1531 2038 1596 2058 non
1612 2029 1756 2060 omittas.
1770 2031 1930 2069 Alioquin
1943 2032 2072 2062 dilectis
2085 2033 2203 2069 filiis..,
2220 2035 2330 2065 abbati

1324 2080 1614 2111 &Vestinonasterii
1653 2082 1898 2114 Londonieusis
1921 2086 1951 2114 et
1973 2086 2130 2123 magistro
2152 2087 2274 2117 Jacobo
2292 2089 2331 2119 de

1323 2133 1439 2169 Portu,
1462 2135 1621 2165 canonico
1655 2136 1865 2171 Siracusano,
1894 2138 1926 2167 in
1951 2139 2072 2177 Anglia
2102 2142 2333 2176 commoranti,

1323 2195 1382 2225 per
1399 2188 1530 2217 nostras
1549 2188 1666 2218 damus
1682 2188 1807 2218 litteras
1825 2190 1858 2219 in
1874 2191 2038 2221 mandatis
2053 2194 2087 2222 ut
2103 2193 2166 2230 ipsi
2185 2194 2235 2223 vel
2251 2194 2334 2224 alter

1324 2248 1439 2269 eorum
1457 2249 1515 2278 per
1533 2249 1567 2270 se
1590 2241 1642 2271 vel
1664 2241 1747 2272 alios
1769 2251 1827 2272 seu
1845 2243 1948 2272 alium
1975 2245 2004 2273 te
2026 2245 2063 2274 ad
2088 2245 2132 2280 id,
2153 2247 2332 2276 monitione

1324 2293 1499 2331 premissa,
1517 2294 1708 2324 auctoritate
1723 2296 1846 2328 nostra,
1862 2297 2082 2334 appellatione
2098 2301 2232 2334 remota,
2246 2309 2331 2329 com-

1326 2345 1460 2383 pellant.
1481 2345 1556 2375 Non
1583 2346 1732 2376 obstante
1750 2347 1777 2376 si
1795 2347 1854 2377 tibi
1871 2348 1910 2377 ab
1928 2350 2108 2386 apostolica
2125 2351 2202 2380 sede
2227 2352 2332 2381 indul-

1325 2399 1394 2427 tum
1414 2398 1534 2428 existat
1554 2399 1642 2436 quod
1659 2401 1914 2436 excomunicari,
1933 2403 2092 2440 suspendi
2111 2403 2162 2433 vel
2182 2404 2332 2433 interdici

1326 2452 1379 2480 aut
1398 2452 1490 2480 extra
1506 2454 1631 2481 certum
1649 2452 1757 2481 locum
1774 2453 1825 2482 vel
1841 2454 1921 2483 citra
1938 2462 2026 2483 mare
2043 2456 2265 2493 Anglicanum
2281 2457 2331 2486 vol

1329 2503 1530 2533 Ybernicum
1543 2505 1714 2534 conveniri
1729 2514 1793 2535 11011
1807 2506 1914 2543 possis
1928 2515 1985 2543 per
1996 2507 2124 2537 litteras
2135 2509 2332 2546 apostolicas

1327 2565 1392 2585 non
1410 2556 1567 2586 facientes
1584 2557 1716 2595 plenam
1741 2559 1770 2587 et
1794 2567 1984 2596 expressam
2008 2560 2046 2589 de
2068 2562 2123 2590 tuo
2143 2561 2277 2591 nomine
2296 2571 2332 2591 ac

1327 2609 1366 2638 de
1382 2609 1484 2639 verbo
1497 2609 1687 2639 adverbum
1706 2610 1745 2640 de
1764 2611 1891 2641 indulto
1908 2611 2098 2650 hujusmodi
2118 2613 2332 2649 mentionem,

1327 2670 1385 2691 seu
1401 2670 1608 2700 quacumque
1623 2663 1688 2692 alia
1700 2663 1807 2701 ipsius
1824 2664 1912 2693 sedis·
1929 2664 2145 2703 indulgentia,
2162 2674 2219 2703 per
2233 2675 2332 2704 quam

1327 2714 1597 2754 effcctusjustitic
1614 2715 1768 2754 impediri
1787 2717 1888 2755 possit
1906 2717 1955 2746 1·οΙ
1973 2718 2218 2755 quomodolibet
2235 2721 2332 2749 retar-

1328 2767 1410 2801 dari,
1430 2776 1488 2798 seu
1505 2768 1739 2798 constitutione
1758 2770 1796 2798 de
1813 2769 1941 2799 duabus
1958 2769 2056 2799 dietis
2073 2770 2160 2800 edita
2176 2771 2210 2801 10
2228 2773 2333 2802 conci-

1328 2819 1373 2849 lio
1389 2820 1546 2858 generali.
1568 2821 1688 2850 Datum
1712 2822 1799 2859 apud
1819 2822 2100 2857 Urbemvetercm,
2131 2832 2151 2851 ιι
2175 2823 2335 2853 kalendas

1330 2872 1525 2909 decembris,
1545 2882 1631 2903 anno
1648 2882 1747 2904 secun
1761 2874 1803 2903 lo.
1823 2886 1836 2900 n
