2547 3289
1039 239 1276 276 TROISIEME
1299 240 1462 278 ANNEE.

2229 252 2284 282 29¹

209 330 297 368 quod
309 330 421 360 adhoc
436 330 532 361 vobis
547 332 665 360 merita
682 331 920 369 suffragantur,
939 331 969 359 et
985 331 1073 369 quod
1092 331 1219 360 monia·
1248 343 1249 381 1
1279 332 1383 361 menti
1408 332 1495 370 quod
1522 333 1594 370 ipsa
1615 333 1788 370 prostabit,
1811 334 1850 363 (19
1872 334 1972 364 verbo
1998 335 2038 364 ad
2065 335 2203 365 verbum
2229 345 2286 374 per

208 382 257 413 les
286 384 426 422 predicti
447 384 643 414 monasterii
667 383 754 413 dicte
777 383 934 413 electioni
959 383 998 413 de
1018 383 1113 413 vobis
1135 383 1219 413 cele—

208 435 313 469 brate,
335 436 541 466 unanimiter
566 438 820 471 consenserunt,
841 436 1040 466 auctoritate
1060 435 1158 465 nobis
1178 435 1218 465 ab

1249 402 1250 412 1
1280 386 1353 422 eJus
1382 387 1534 423 patentes
1558 386 1698 421 litteras,
1724 396 1784 416 suo
1810 387 1923 425 sigillo
1948 388 2109 426 signatas,
2133 398 2192 427 per
2213 398 2286 427 pro-

209 489 325 519 eodem
339 489 474 519 domino
489 498 575 527 papa
592 489 624 518 in
642 489 702 518 hac
720 490 812 526 parte
825 497 995 524 concessa,
1016 488 1219 527 prefecimus
1249 483 1250 490 ¹

210 550 268 571 vos
295 542 328 571 in
357 542 564 571 abbatissam
593 542 798 572 monasterio
827 542 1033 580 supradicto.
1064 541 1101 571 In
1124 542 1220 580 euJus
1249 533 1250 541 ¹

209 595 257 625 rei
294 595 525 625 testimonium
562 603 701 632 presens
739 594 913 632 publii-uni
956 595 1220 623 instrumentum

209 648 330 678 exinde.
342 656 401 686 per
417 656 536 676 manus
549 647 681 676 Nicolai
698 647 738 676 de
755 647 859 676 Hocta
876 646 895 681 ¹,
911 646 1044 679 notarii,
1056 646 1129 675 fieri
1145 645 1221 675 feci-

209 709 285 730 mus
304 702 336 730 et
356 703 471 729 nostro
490 699 604 737 sigillo
634 699 769 728 muniri.
796 700 916 728 Actum
936 699 1024 736 apud
1041 698 1221 729 Urbemve-

209 755 328 787 terem,
348 753 382 782 in
400 753 478 782 aula
493 753 574 782 dicti
591 752 719 781 domini
738 752 898 789 51100013
920 752 1115 785 cardinalis,
1134 760 1220 781 anno

208 806 344 837 Domini
360 805 628 835 M⁰CC⁰LXIIH⁰.
643 813 758 834 mense
772 804 865 835 maii.
885 804 937 833 die
951 812 1021 839 v11³,
1037 804 1221 833 indictione

209 865 282 894 vm,
302 858 518 896 pontificatus
542 858 670 887 domini
697 857 824 887 Urbani
844 865 929 894 pape
953 857 1031 890 IIII,
1051 865 1137 886 anno
1156 859 1220 886 ter·
1251 860 1252 889 ξ

208 911 265 947 tio,
286 919 397 941 coram
414 920 467 940 me
488 911 576 940 dicto
600 910 740 940 Nicolao
758 910 797 938 de
814 910 919 939 Rocta
936 909 1079 944 notario,
1099 909 1220 947 magis-
1251 928 1252 935 i

208 964 269 995 tris
295 963 485 999 Albertino,
506 963 665 993 canonico
686 962 876 995 'servisinQ
900 961 1087 996 Albertino,
1116 961 1221 991 archi·
1251 960 1253 982 ¹¹

208 1016 406 1055 presbytero
424 1015 534 1054 plebis
548 1016 587 1045 de
601 1016 714 1049 Sacco,
731 1015 888 1044 Paduane
904 1015 1060 1048 diocesis,
1076 1014 1222 1052 dompno

207 1069 373 1105 ι1011311119,
401 1069 512 1107 priore
542 1077 568 1098 s.
596 1068 700 1098 Marie
733 1067 1000 1098 Bethleeinitane
1027 1067 1066 1096 de
1096 1067 1221 1102 Padua,

208 1122 444 1152 Bartholomeo
464 1122 502 1152 de
522 1122 652 1160 Lingua
676 1121 715 1151 de
737 1121 858 1157 Vacca,
884 1121 923 1150 de
944 1120 1071 1154 Patina,
1091 1120 1223 1158 cappel-

207 1175 295 1205 lanis
311 1175 389 1205 dicti
405 1175 532 1204 domini
546 1174 706 1213 Symonis
719 1174 913 1209 cardinalis,
929 1173 960 1203 et
974 1173 1052 1203 aliis
1063 1172 1222 1212 pluribus

207 1228 353 1259 testibus
371 1229 412 1258 ad
436 1228 497 1258 hoc
523 1227 714 1266 specialiter
740 1227 944 1257 convocatis.
968 1227 1037 1264 Ego
1060 1226 1223 1257 Nicolaus

207 1282 247 1311 de
275 1282 391 1317 Rocta,
409 1281 567 1320 publicus
593 1282 805 1311 sacrosancte
824 1281 975 1310 Romane
994 1279 1135 1309 ecclesie
1148 1288 1223 1309 300-

207 1335 343 1365 toritate
370 1334 539 1369 notarius,
568 1334 729 1372 predictis
759 1332 916 1363 omnibus
944 1333 1094 1367 interfui,
1123 1334 1153 1362 et
1184 1340 1223 1361 ea

207 1388 247 1418 de
273 1389 429 1418 mandato
449 1388 529 1418 dicti
556 1387 684 1417 domini
702 1387 863 1426 Symonis
883 1383 1078 1420 cardin-alls,
1100 1385 1221 1424 scripsi

208 1443 239 1471 et
254 1441 422 1479 public‘avi
440 1444 471 1471 et
490 1440 672 1479 publicata,
691 1448 757 1470 una
775 1449 850 1469 cuin
867 1439 980 1478 sigillo
997 1439 1070 1478 ejus
1086 1447 1223 1477 presen-

207 1493 298 1524 tibus
316 1503 476 1533 appenso,
494 1496 654 1524 consueto
671 1502 745 1523 meo
761 1493 856 1532 signo
875 1493 1019 1531 signavi.
1040 1501 1056 1521 »

247 1548 342 1578 Nulli
373 1556 450 1587 ergo
468 1549 583 1577 nostre
607 1547 886 1581 confii·1natiouiS‚
908 1548 969 1576 etc.
992 1546 1115 1576 Datum
1133 1544 1223 1583 apud

208 1601 497 1635 Urbemveterem.
515 1610 534 1629 v
553 1601 629 1630 idus
645 1600 736 1635 maii,
757 1609 843 1629 311110
862 1600 936 1629 111⁰.
956 1611 970 1626 ι)

297 1761 371 1791 572
800 1758 926 1791 Orvieto,
948 1758 977 1784 ll
996 1757 1053 1783 mai
1073 1756 1148 1783 1204.

245 1843 402 1870 conventui
418 1843 586 1870 monasterii
607 1843 634 1870 S.
648 1843 752 1869 Mariae
768 1843 801 1869 de
821 1842 925 1876 Yspida
947 1841 1059 1867 nuntiat
1078 1849 1107 1867 se
1127 1840 1220 1866 cidem

209 1893 386 1920 monasterio
409 1893 544 1919 Cunizam
566 1892 593 1918 10
611 1892 787 1918 abbatissam
807 1890 990 1925 praefecisse.
1010 1890 1090 1923 (REG.
1107 1891 1152 1920 28,
1170 1888 1219 1915 fol.

208 1943 242 1969 53
260 1947 296 1973 νο,
314 1950 380 1968 ann.
398 1941 444 1973 ΙΙΙ,
464 1947 493 1967 0ο
510 1942 581 1974 175.)

249 2050 263 2069 t(
288 2040 456 2070 Conventui
480 2040 658 2069 monasterii
683 2050 705 2069 s.
728 2040 825 2069 :uarie
844 2039 880 2069 de
913 2038 1035 2077 Yspida.
1056 2037 1096 2067 ad
1112 2037 1222 2067 Roma-

209 2104 278 2122 nam
295 2093 448 2123 eeclesiam
463 2093 545 2123 nullo
564 2094 658 2123 medio
674 2093 867 2133 pertinentis.
884 2091 1001 2121 ordinis
1013 2102 1036 2120 S.
1056 2090 1222 2121 Benedicti.

208 2147 355 2176 Paduam}
372 2148 508 2177 diocesis,
530 2147 735 2177 Monasterio
753 2155 779 2176 3.
798 2146 903 2175 Marie
921 2164 970 2175 —-.
990 2145 1113 2175 Datum
1135 2143 1224 2182 apud

208 2201 498 2235 Urbemveterem.
517 2210 535 2229 v
551 2201 626 2230 idus
643 2200 734 2230 maii.
753 2208 839 2229 anno
854 2199 965 2229 tertio.
986 2209 1000 2223 n

250 2302 284 2330 ln
307 2310 335 2331 e.
361 2310 404 2330 m.
427 2326 432 2330 .
452 2326 456 2330 .
478 2300 771 2339 archipresbytero
792 2299 1040 2333 Montissilici&
1065 2298 1223 2327 Paduane

211 2354 368 2383 diocesis.
387 2353 592 2383 Monasterio
605 2362 631 2382 3.
647 2353 751 2382 Marie
767 2353 806 2382 de
821 2352 960 2390 Yspida,
980 2352 1019 2381 ad
1036 2343 1224 2381 Romanam

213 2407 401 2440 ecclesiam.
426 2408 502 2436 etc..
523 2415 630 2444 usque
654 2406 932 2435 confirmandum.
953 2405 1116 2440 Quocirca
1136 2413 1226 2434 man-

212 2461 331 2490 damus
342 2460 501 2498 quatinus
512 2459 696 2497 predictam
707 2458 914 2488 abbatissam
928 2459 961 2488 in
972 2458 1225 2496 possessionem

212 2513 344 2544 abbatie
366 2512 523 2551 prelibati
542 2512 752 2547 monasterii,
768 2521 826 2550 per
843 2515 875 2542 te
892 2512 945 2541 vel
965 2520 1023 2550 per
1044 2511 1161 2544 alium,
1177 2511 1226 2540 in-

212 2567 337 2601 ducens
356 2569 386 2596 et
410 2566 593 2595 defendens
613 2565 795 2597 inductam.
815 2565 919 2594 facias
936 2564 966 2594 ei
985 2573 1109 2594 munus
1127 2563 1227 2593 bene-

212 2620 371 2650 dictionis
398 2619 548 2656 impendi
575 2620 606 2648 et
631 2627 649 2647 a
672 2618 743 2648 suis
770 2617 917 2647 subditis
943 2616 1169 2646 obedientiam
1194 2618 1226 2646 et

214 2674 433 2702 reverentiam
458 2671 605 2701 debitam
632 2670 772 2700 exiberi.
793 2671 989 2708 recepturus
1012 2668 1053 2699 ab
1075 2678 1111 2699 ea
1136 2670 1226 2707 post-

214 2726 362 2761 modum,
381 2726 495 2754 nostro
514 2726 545 2753 et
563 2723 704 2753 ecclesie
720 2724 870 2753 Romane
888 2722 1034 2756 nomine,
1052 2721 1227 2752 fidelitatis

215 2779 314 2809 solite
329 2779 571 2817 juramentum.
587 2776 683 2814 juxta
702 2776 842 2805 formam
860 2784 960 2814 quam
978 2775 1039 2805 tibi
1058 2775 1120 2804 sub
1133 2774 1227 2804 bulla

216 2834 331 2862 nostra
358 2831 526 2861 mittimus
557 2829 785 2859 interclusam.
818 2829 973 2858 Formam
999 2830 1110 2858 autem
1136 2828 1227 2866 J‘ura-

250 2939 271 2962 1.
291 2937 332 2961 On
350 2938 416 2966 peut
430 2935 483 2958 lirc
498 2934 578 2958 aussi
594 2935 686 2958 Rocca.

1280 437 1391 475 prium
1420 439 1573 468 nuntium
1596 439 1692 469 nolus
1720 441 1919 478 quantocius
1941 441 2077 470 studeas
2102 441 2283 472 destinare.

1280 491 1401 520 Datum
1420 494 1453 521 ut
1474 500 1587 530 supra.
1606 501 1622 521 »

1369 667 1441 698 573

1873 668 1995 697 [ti-vieto,
2016 669 2046 695 18
2063 669 2119 695 mai
2139 669 2214 696 1204.

1318 750 1464 784 Significat
1481 758 1546 777 suae
1571 751 1737 777 intentionis
1759 752 1888 778 extitisse
1916 755 2026 779 tautum
2044 753 2214 787 spiritualia.
2232 762 2289 780 non

1281 799 1463 833 temporalia,
1484 796 1556 825 acta⁴
1573 808 1621 833 pei·
1645 799 1806 834 Philippum
1829 801 1855 826 m
1870 801 1989 827 ccclesia
2013 802 2129 828 Mctcnsi
2147 802 2289 829 ratilicare

1282 847 1414 874 voluisse.
1430 848 1509 880 tum.
1527 850 1570 878 2⁸,
1591 848 1638 874 l'ol.
1654 848 1697 877 54.
1717 856 1781 874 aim.
1806 849 1852 879 ΙΙΙ,
1871 855 1899 874 11⁰
1920 850 1986 880 170).

1324 961 1336 975 «
1358 947 1407 977 Ad
1420 948 1556 986 fusuram
1572 949 1616 977 rei
1634 950 1816 978 memoriam.
1832 950 1973 979 Δ11919031
1990 951 2130 980 ecclesia
2144 953 2289 990 pastoris

1284 1001 1409 1030 solacio
1443 1001 1605 1030 destituta
1641 1004 1670 1031 et
1703 1002 1833 1032 duabus
1873 1002 1904 1032 in
1948 1003 2022 1041 ipsa
2058 1004 2290 1041 electionibus,

1284 1062 1349 1083 una
1366 1053 1523 1083 videlicet
1538 1054 1576 1083 de
1598 1053 1719 1084 dilecto
1737 1054 1806 1083 silio
1827 1055 2006 1094 phylippo,
2025 1058 2102 1085 tunc
2120 1056 2290 1087 thesaura-

1283 1107 1345 1142 rio,
1366 1109 1397 1136 et
1414 1106 1479 1136 alia
1499 1106 1538 1136 de
1554 1107 1721 1144 quondam
1741 1107 1943 1143 Theobaldo,
1964 1110 2098 1138 cantore
2119 1109 2228 1147 ipsIus
2244 1119 2292 1140 ec-

1283 1160 1397 1196 clesie,
1412 1160 1445 1189 in
1464 1160 1635 1189 discordia
1655 1159 1844 1190 celebratis.
1863 1161 1996 1191 tandem
2022 1161 2215 1200 hujusmodi
2238 1171 2293 1193 ne-

1283 1214 1413 1252 gotium
1430 1221 1489 1251 per
1520 1213 1782 1251 appellationem
1801 1214 1951 1252 ejusdem
1972 1215 2008 1244 P.
2034 1215 2097 1245 fuit
2116 1215 2155 1244 ad
2179 1215 2293 1246 sedem

1284 1266 1505 1305 apostolicam
1524 1266 1674 1305 legitime
1697 1266 1911 1302 devolutum,
1928 1276 1993 1306 quo
2017 1268 2050 1297 in
2070 1268 2162 1297 curia
2179 1270 2294 1299 nostra

1283 1320 1461 1358 pendente,
1483 1320 1594 1349 dictus
1620 1320 1670 1355 P„
1702 1320 1849 1349 conlisus
1871 1320 1959 1358 quod
1982 1320 2070 1350 idem
2092 1323 2206 1351 cantor
2224 1330 2292 1352 ces-

1284 1374 1373 1403 serat
1396 1373 1464 1411 juri
1482 1381 1554 1408 suo,
1574 1372 1771 1402 electionem
1798 1373 1836 1402 (19
1856 1382 1891 1402 39
1910 1373 2030 1403 factam
2057 1382 2154 1412 per..,
2175 1375 2295 1405 Treve-

1284 1435 1417 1456 rensetn
1434 1426 1589 1462 electum,
1611 1426 1675 1456 loci
1696 1426 2006 1464 metropolitanum,
2028 1428 2219 1457 contirmari
2238 1427 2295 1457 ob-

1283 1480 1386 1510 tinuit
1404 1481 1436 1509 et
1453 1479 1518 1510 sibi
1540 1478 1580 1509 ab
1598 1488 1635 1509 eo
1652 1488 1775 1509 munus
1795 1480 2058 1510 consecrationis
2078 1481 2238 1518 impendi,
2257 1489 2294 1510 ac

1283 1533 1318 1563 in
1337 1533 1520 1571 pontificali
1546 1532 1656 1562 ofticio
1674 1532 1802 1562 diutius
1816 1533 2033 1563 ministravit.
2055 1533 2118 1563 Sed
2139 1534 2215 1564 licet
2233 1542 2294 1563 nos

1282 1586 1498 1625 postmodum
1526 1586 1815 1615 confirmationem
1842 1585 2037 1624 hujusmodi
2064 1596 2100 1616 ac
2133 1587 2293 1625 quicquid

1283 1641 1372 1670 esset
1390 1640 1466 1670 inde
1497 1642 1660 1675 secutum,
1678 1640 1792 1677 utpote
1826 1648 1884 1669 nec
1917 1639 2027 1669 solum
2062 1642 2177 1670 contra
2204 1640 2291 1678 jura,

1283 1702 1399 1723 verum
1428 1693 1529 1723 etiam
1560 1692 1593 1722 in
1625 1692 1772 1730 predicte
1799 1692 1890 1722 sedis
1924 1692 2094 1731 injur1a1n,
2115 1692 2172 1722 ubi
2193 1702 2294 1722 causa

1282 1746 1477 1786 hujusmodi
1494 1745 1884 1784 agebatur,presumpta,
1905 1745 2064 1775 duximus
2083 1754 2141 1783 per
2160 1748 2294 1775 nostras

1283 1801 1427 1836 litteras,
1439 1800 1478 1829 de
1496 1800 1638 1829 fratrum
1652 1801 1843 1828 nostrorum
1856 1799 2014 1839 consilio,
2027 1799 2203 1835 irritanda,
2215 1799 2295 1837 quia

1282 1855 1352 1884 tam
1382 1853 1470 1882 idem
1490 1853 1539 1887 P..
1569 1852 1704 1881 demum
1736 1851 1777 1881 ad
1796 1852 2001 1890 presentiam
2028 1855 2177 1881 nostram
2204 1860 2293 1881 acce-

1283 1907 1377 1943 dens,
1403 1915 1501 1936 omne
1523 1906 1580 1944 jus
1604 1905 1637 1934 in
1658 1905 1717 1934 hac
1734 1909 1828 1943 parte
1854 1904 1919 1934 sibi
1943 1907 2149 1943 competens,
2168 1905 2202 1934 in
2221 1913 2294 1934 nos·

1282 1961 1344 1991 tris
1376 1959 1533 1990 manibus
1563 1959 1751 1988 voluntarie
1779 1958 1979 1997 resignavit,
2014 1967 2089 1993 nos,
2119 1958 2160 1988 ad
2188 1958 2294 1988 vitan-

1284 2014 1363 2044 dum
1381 2014 1570 2043 animarum
1588 2011 1775 2051 periculum
1795 2014 1824 2041 et
1844 2011 2039 2041 scandalum
2057 2011 2292 2050 plurimorum,

1284 2067 1443 2106 quicquid
1473 2068 1547 2104 post
1577 2065 1865 2095 confirmationem
1901 2065 2008 2103 ipsius
2033 2065 2083 2100 P..
2114 2074 2220 2103 usque
2254 2064 2295 2094 ad

1283 2123 1416 2158 tempus
1446 2128 1510 2158 quo
1538 2118 1578 2148 ad
1597 2118 1670 2156 ejus
1689 2118 1842 2147 notitiam
1873 2118 1911 2147 de
1941 2118 2152 2147 revocatione
2182 2117 2295 2156 hujus-

1285 2174 1374 2204 modi
1394 2172 1502 2212 potuit
1517 2172 1705 2211 pervenire,
1718 2171 1839 2200 tactum
1856 2171 1964 2200 fuerat
1980 2179 2038 2208 per
2056 2171 2167 2208 ipsum
2186 2172 2216 2200 et
2236 2179 2294 2208 per

1285 2228 1364 2258 illos
1383 2227 1439 2266 qui
1456 2226 1527 2265 ejus
1546 2226 1635 2255 Vlces
1651 2224 1820 2263 gerebant,
1842 2232 1969 2253 necnon
1990 2223 2220 2253 absolutiones
2239 2232 2293 2253 ex-

1285 2280 1621 2311 communicatorum,
1640 2278 1835 2307 collationes
1850 2280 1879 2306 et
1901 2277 2119 2306 investituras
2138 2276 2293 2306 ecclesia-

1287 2344 1360 2365 rum
1381 2336 1413 2364 et
1443 2332 1683 2363 beneficiorum
1710 2330 2029 2364 ecclesiasticorum,
2052 2329 2237 2359 sententias
2263 2331 2294 2358 et

1286 2395 1466 2427 processus
1501 2393 1674 2415 causarum
1711 2387 1778 2413 tam
1822 2392 1918 2421 per...
1953 2382 2132 2412 officialem
2172 2382 2292 2420 ipsius,

1287 2450 1388 2480 quam
1405 2449 1502 2479 per..‚
1525 2438 1677 2468 abbatem
1697 2446 1723 2465 s.
1752 2436 1920 2465 vmcentii
1939 2435 2100 2465 Metensis
2126 2443 2184 2472 pro
2205 2434 2290 2472 ipso.

1287 2497 1317 2525 et
1334 2494 1401 2524 alia
1418 2500 1548 2532 queque
1566 2491 1605 2521 ad
1630 2489 1894 2520 ecclesiasticam
1907 2488 2178 2527 jurisdictionem
2201 2496 2292 2525 spec-

1286 2548 1405 2582 tantia,
1432 2545 1613 2575 dummodo
1641 2543 1727 2572 alias
1760 2542 1865 2571 forent
1897 2541 1955 2570 hec
1977 2540 2089 2570 omnia
2114 2540 2176 2570 rite
2206 2543 2291 2576 acta,

1287 2604 1359 2631 rata
1375 2602 1407 2629 et
1424 2600 1520 2628 tirma
1535 2606 1609 2627 esse
1627 2596 1808 2630 voluimus,
1830 2603 1895 2623 non
1913 2593 2065 2624 obstante
2083 2593 2294 2623 revocatione

1288 2653 1438 2693 predicta
1458 2651 1508 2680 vel
1526 2651 1554 2679 si
1573 2648 1764 2687 hujusmodi
1791 2647 1963 2682 beneficia,
1985 2648 2059 2684 post
2080 2645 2294 2675 collationem

1288 2706 1439 2746 ejusdem
1457 2705 1493 2734 Ι).
1512 2703 1587 2733 aliis
1611 2703 1723 2731 9339111
1752 2701 1950 2730 auctoritate
1974 2701 2090 2729 nostra
2115 2699 2237 2729 collata
2264 2701 2295 2728 et

1288 2759 1500 2789 decrevimus
1517 2756 1675 2786 universa
1694 2756 1725 2783 et
1749 2753 1881 2792 singula
1899 2753 1938 2782 de
1959 2752 2097 2791 speciali
2117 2752 2223 2791 gratia
2243 2752 2296 2781 tir-

1289 2812 1440 2842 mitatcm
1475 2808 1703 2839 omnimodam
1737 2806 1898 2841 obtinere,
1924 2806 2009 2835 sicut
2028 2805 2087 2835 hec
2109 2805 2142 2835 in
2171 2805 2296 2835 litteris

1289 2865 1416 2896 nostris
1434 2863 1510 2893 inde
1530 2860 1868 2894 contectis,(licuntur
1888 2859 2022 2897 plenius
2040 2858 2216 2888 contineri.
2234 2859 2297 2887 Ye-

1289 2928 1376 2954 rum,
1396 2926 1435 2946 09
1456 2917 1488 2946 10
1503 2914 1645 2945 ecclesia
1665 2913 1814 2952 predicta
1830 2921 1893 2952 que
1910 2914 2142 2951 proponuntur
2160 2920 2218 2949 per
2236 2919 2295 2940 nos
