2547 3289
1057 298 1297 336 DEUXIEME
1320 300 1487 337 ANNE'u.
2281 314 2320 343 67

235 391 289 422 vel
313 399 371 429 per
387 391 534 429 aliquam
559 390 787 429 interpositam
806 398 984 429 personam
1008 398 1068 420 seu
1088 398 1249 429 personas
1278 392 1280 413 ²

236 452 409 482 nunquam
426 443 560 473 venient
576 443 630 473 vel
645 444 760 473 contra
776 443 887 473 venire
905 443 1037 477 facient,
1055 443 1180 473 occulte
1197 443 1250 473 vel

236 496 423 531 manifeste,
443 496 554 534 aliquo
567 496 654 534 jure,
673 496 925 531 consuetudine,
949 505 1008 526 seu
1032 497 1153 526 statuto
1170 505 1250 534 quo-

236 557 379 587 cumque
395 552 426 579 et
441 557 459 578 a
477 548 744 587 quibuscumque
760 548 860 583 edito,
879 548 1001 587 quibus
1018 549 1203 587 expressim
1220 549 1252 578 61

237 602 387 632 consulte
406 601 573 632 certiorati
588 602 622 631 in
640 601 700 631 hac
714 603 805 640 parte
820 602 1107 637 renuntiaverunt,
1123 602 1177 632 vel
1192 602 1251 631 ali-

238 655 318 695 quid
346 655 478 688 facient,
518 655 572 684 vel
614 654 906 689 machinalmntur,
948 655 1129 693 quominus
1168 655 1252 685 dicte

238 707 408 743 diffinitio,
440 707 617 741 ordinatio,
646 715 704 737 seu
736 707 944 746 compositio,
975 707 1124 737 faciende
1153 716 1253 746 super

238 760 397 799 predictis
409 769 427 790 a
441 760 723 798 venerabilipatre
733 760 866 790 domino
879 760 1033 798 episcopo
1049 760 1250 798 supradicto,

239 813 341 844 robur
356 815 514 852 perpetue
533 814 704 844 obtineant
722 813 899 843 firmitatis.
918 814 1039 843 Actum
1061 813 1123 843 fuit
1141 813 1202 843 hoc
1219 814 1252 843 111

240 866 384 904 6111111616
409 867 604 896 monasterii
633 866 885 904 Appamiarum,
916 865 969 895 (116
996 866 1152 895 mercurii
1181 867 1254 904 11631

240 919 364 949 festum
390 919 478 949 beati
510 919 674 957 Gregorii,
706 927 820 948 mense
850 918 973 951 martii,
999 927 1087 947 anno
1116 918 1255 948 Domini

241 972 422 1007 MCCLXI,
450 972 484 1001 111
512 971 680 1010 presentia
708 971 859 1009 magistri
886 970 1063 1000 Bertrandi
1090 971 1129 1001 de
1156 971 1254 1001 Miro-

240 1026 364 1061 1116616,
392 1024 562 1054 Ramundi
587 1023 772 1062 Resplandi
799 1023 1026 1053 archidiaconi
1052 1023 1254 1058 Lesatensis,

242 1077 397 1116 Hugonis
413 1077 574 1110 Mascaro,
594 1077 651 1106 Ar.
670 1077 839 1106 Ramundi
858 1076 897 1106 de
916 1076 1105 1111 Palmeriis,
1122 1076 1256 1106 canoni-

241 1138 356 1160 corum
378 1129 514 1160 ecclesie
536 1129 737 1163 Tholosane‚
765 1129 925 1168 Stephani
947 1130 1152 1168 precentoris
1173 1129 1257 1159 Nar-

241 1183 401 1214 bonensis
435 1183 585 1216 ecclesie,
619 1182 770 1220 magistri
803 1182 901 1212 Pauli
932 1183 1096 1220 capellani
1130 1183 1257 1212 (16611111

239 1245 335 1276 pape,
350 1235 520 1266 Ramundi
537 1235 658 1266 Vitalis
672 1235 827 1265 officialis
843 1235 1096 1274 Appmntarum,
1107 1235 1257 1274 magistri

242 1289 384 1320 Athonis
400 1289 563 1327 capellani
581 1289 620 1318 (16
636 1288 901 1326 111611166311111116,
922 1289 1073 1327 magistri
1088 1289 1257 1319 Ramundi

244 1342 367 1377 David,
384 1342 535 1380 magistri
550 1342 608 1371 Ar.
626 1342 665 1372 de
682 1341 875 1375 Albinione,
894 1342 1045 1379 magistri
1059 1342 1202 1371 Athonis
1218 1342 1257 1371 de

244 1397 357 1426 sancto
381 1395 514 1426 Victore
538 1395 658 1425 notarii
677 1395 804 1424 domini
830 1395 978 1433 episcopi
997 1395 1180 1425 Tholosani
1203 1404 1259 1425 su-

243 1448 396 1487 pradicti,
413 1449 442 1478 et
459 1448 538 1482 11161,
552 1448 644 1477 Petri
657 1448 695 1477 de
710 1448 828 1482 Plano,
840 1448 959 1478 notarii
973 1448 1257 1487 dominiepiscopi

241 1501 438 1540 supradicti,
455 1501 515 1539 qui
530 1501 590 1530 hec
610 1501 740 1539 scripsi.

282 1554 363 1584 Post
385 1554 456 1588 hec,
482 1554 631 1592 prefatus
654 1553 856 1583 venerabilis
880 1554 973 1592 pater
996 1554 1051 1588 R„
1076 1555 1137 1585 Dei
1152 1555 1258 1592 gratia

242 1607 417 1646 episcopus
434 1606 656 1641 Tholosanus‚
669 1606 742 1644 paci
754 1607 784 1636 et
796 1607 1029 1644 tranquillitati
1041 1607 1125 1637 dicte
1139 1607 1257 1637 domus

242 1660 360 1690 volens
378 1660 411 1690 in
428 1660 598 1698 posterum
614 1659 789 1698 providere
805 1661 836 1689 et
852 1668 985 1689 omnem
1002 1660 1176 1690 materiam
1192 1661 1258 1690 dis-

243 1713 353 1744 cordie
367 1714 397 1743 et
410 1712 560 1742 scandali
572 1721 755 1747 removere,
769 1712 893 1742 auditis
905 1714 934 1742 et
949 1713 1125 1742 intellectis
1140 1713 1259 1743 utrius-

244 1775 307 1805 que
332 1767 436 1805 partis
462 1765 659 1800 rationibus,
688 1765 799 1795 habito
827 1765 968 1795 consilio
993 1766 1192 1804 sapientum,
1220 1767 1259 1797 de

245 1819 379 1850 comuni
404 1819 574 1849 voluntate
599 1819 743 1857 partium
771 1820 802 1848 et
827 1827 985 1857 expresso
1011 1828 1189 1854 consensu,
1216 1820 1261 1850 ita

247 1873 438 1904 arbitrando
455 1872 626 1908 diffinivit,
646 1872 823 1907 ordinavit,
843 1872 957 1902 statuit
977 1874 1007 1902 et
1026 1873 1171 1911 precepit
1188 1882 1260 1912 per-

247 1927 344 1965 petuo
364 1925 546 1960 observari,
571 1926 668 1963 prout
690 1925 831 1955 inferius
853 1926 1069 1963 exprimetur.
1083 1926 1120 1955 In
1143 1926 1261 1965 primis

248 1979 416 2018 siquidem
442 1978 558 2014 voluit,
586 1978 701 2008 statuit
723 1979 753 2008 et
778 1979 956 2014 ordinavit,
983 1979 1071 2017 quod
1093 1980 1262 2017 predictus

249 2032 406 2062 dominus
432 2031 535 2061 abbas
564 2031 804 2070 App-atiniarum
829 2033 861 2062 et
889 2040 1099 2062 successores
1126 2033 1178 2062 sui
1207 2033 1262 2062 ha-

250 2085 360 2120 beant,
374 2085 507 2115 teneant
526 2086 558 2114 et
570 2084 764 2123 possideant
779 2084 812 2114 in
827 2086 1025 2123 perpetuum
1041 2094 1100 2123 pro
1114 2094 1173 2115 sua
1189 2094 1262 2123 pro-

249 2138 379 2168 visione
398 2138 514 2167 villam
532 2138 637 2167 sancti
652 2138 775 2167 Felicis
791 2138 829 2167 de
853 2138 1039 2173 Rivotm‘to,
1059 2147 1135 2168 611111
1157 2139 1263 2168 omni-

249 2191 312 2222 bus
323 2191 457 2230 juribus
475 2193 506 2221 et
522 2191 730 2230 pertinentiis
754 2191 836 2226 suis,
859 2191 905 2221 ita
927 2191 1017 2230 quod
1034 2191 1160 2221 ratione
1179 2192 1264 2222 dicte

249 2244 339 2280 ville,
358 2245 506 2283 prefatus
523 2244 680 2274 dominus
696 2244 799 2274 abbas
816 2244 998 2274 camerarie
1021 2245 1266 2283 quinquaginta

248 2297 374 2328 solidos
401 2297 609 2328 Tholosanos
637 2297 735 2327 annis
766 2297 908 2336 singulis
940 2297 1070 2328 solvere
1100 2299 1264 2334 teneatur,

249 2359 332 2390 quos
345 2350 432 2380 (11616
443 2351 624 2380 cameraria
636 2350 809 2380 consuevit
821 2350 868 2380 ibi
880 2351 1050 2389 percipere
1063 2351 1102 2381 ab
1116 2352 1264 2390 antiquo.

252 2403 335 2434 Item
358 2403 524 2442 forecapia
542 2404 775 2433 venditionum
798 2404 829 2433 61
847 2403 1179 2442 impignorationum.
1201 2413 1264 2442 que

252 2456 355 2487 abbas
380 2456 432 2486 vel
456 2456 650 2486 cellerarius
676 2456 845 2495 percipere
870 2459 1115 2487 consueverunt
1138 2457 1266 2487 ratione
1296 2457 1298 2503 j
1327 2458 1386 2488 siis
1408 2458 1447 2488 (16
1470 2458 1603 2488 (3166666
1627 2458 1657 2487 61
1679 2458 1718 2487 de
1740 2457 1899 2488 Alveriis,
1926 2457 2098 2487 Prioratus
2125 2458 2164 2487 (16
2188 2458 2341 2490 Vallibus

253 2509 506 2548 possessionum
519 2509 703 2539 feudalium
715 2509 794 2539 ville
806 2509 1048 2548 Appatniaruni
1059 2514 1089 2539 et
1103 2510 1141 2540 de
1155 2510 1266 2540 Alam-

254 2562 374 2597 manis,
402 2563 433 2592 et
459 2563 498 2592 de
524 2562 714 2597 Villanova,
742 2563 772 2592 et
799 2562 838 2592 de
865 2562 994 2592 Manso.
1022 2563 1106 2593 Item
1133 2564 1266 2602 questas

254 2616 404 2645 omnium
421 2615 606 2650 sorti-arum,
628 2624 711 2653 quas
730 2623 818 2645 nunc
838 2616 926 2645 tenet
942 2616 1184 2646 monasterium
1202 2616 1268 2655 Ap-

253 2669 451 2708 pamiarum,
478 2669 575 2706 prout
599 2668 640 2698 ab
663 2668 800 2706 antiquo
823 2669 951 2707 percipi
975 2671 1222 2699 consueverunt
1251 2679 1268 2699 a

251 2721 546 2761 predecessoribus
565 2721 673 2759 ipsius
691 2721 832 2751 abbatis.
854 2722 936 2751 Item
956 2723 1090 2760 questas
1108 2723 1148 2752 de
1167 2722 1268 2752 Artuz

252 2775 283 2806 et
296 2774 427 2813 agraria
442 2773 481 2803 de
497 2774 611 2809 Artuz,
629 2773 668 2803 de
683 2773 869 2812 Lastapias,
888 2774 927 2804 de
944 2775 1057 2804 sancto
1074 2774 1220 2810 Victore,
1237 2776 1269 2805 et

251 2827 387 2858 illorum
403 2827 577 2857 hominum
594 2835 677 2864 quos
690 2826 724 2856 in
741 2826 824 2856 villa
834 2827 1077 2865 Appamiarum
1092 2827 1190 2857 habet
1204 2828 1270 2858 dic-

249 2882 322 2912 tum
349 2879 601 2914 monasterium,
633 2879 690 2917 qui
720 2880 872 2917 questam
904 2879 982 2909 dare
1009 2882 1266 2911 consueverunt.

251 2933 334 2965 Item
350 2934 503 2972 questam
521 2932 651 2962 Casalis
667 2932 705 2962 de
719 2932 908 2971 Sumpseio.
924 2932 1008 2962 Item
1025 2934 1175 2972 questam
1191 2934 1268 2964 Bar-

252 2985 295 3017 rii
323 2986 412 3025 quod
440 2987 490 3016 est
517 2985 612 3024 juxta
641 2985 882 3015 monasterium
914 2986 1154 3024 supradictum.
1184 2986 1268 3017 Item

1308 399 1445 422 censum
1460 401 1518 422 seu
1530 393 1703 427 tributum,
1717 394 1805 432 quod
1819 394 1917 424 Judei
1932 395 1971 424 de
1985 395 2066 425 villa
2080 396 2322 434 Appamiarum

1308 445 1463 475 tenentur
1479 446 1616 475 reddere
1632 447 1816 477 annuatim.
1837 447 1919 477 116111
1937 448 2085 478 boariam
2105 451 2134 478 et
2159 449 2223 479 6116
2242 450 2322 480 tem-

1309 497 1435 536 poralia
1452 507 1515 536 que
1534 498 1654 529 Petrus
1671 499 1709 529 (16
1726 499 1975 539 Montenespleo
1991 501 2173 531 6116661663
2188 503 2277 533 tenet
2291 502 2323 533 et

1309 551 1420 580 tenere
1437 551 1532 580 debet
1549 551 1579 581 in
1594 552 1660 581 v1ta
1671 561 1730 582 sua
1742 552 1826 583 ultra
1842 553 1964 583 1111111611
1979 554 2110 592 Aregie.
2122 556 2196 593 post
2211 555 2323 586 deces-

1311 612 1385 633 sum
1401 605 1510 634 tamen
1527 605 1675 643 ejusdem
1692 606 1794 640 Petri,
1811 608 1840 636 et
1853 606 1936 636 alios
1948 608 2085 643 66311163,
2100 617 2182 646 quos
2197 608 2322 639 dictum

1311 657 1549 687 monasterinm
1567 657 1665 687 habet
1686 658 1771 688 ultra
1790 659 1911 689 flumen
1930 660 2061 698 Aregie,
2082 661 2136 699 qui
2163 670 2228 691 1106
2245 662 2323 692 sunt

1312 709 1481 746 aliquibus
1508 710 1710 748 prioratibus
1739 712 1912 750 assignati.
1941 713 2082 752 Insuper
2110 714 2325 752 provideatur

1312 763 1458 801 predicto
1481 763 1614 793 domino
1637 764 1747 794 abbati
1772 766 1800 794 ct
1825 766 2077 796 successoribus
2102 767 2172 796 suis
2196 776 2214 796 a
2239 775 2325 798 com-

1312 815 1475 845 munitate
1502 817 1639 854 predicti
1670 818 1875 852 monasterii,
1896 827 1971 848 cum
1998 827 2136 857 presens
2161 820 2271 855 fuer1t‚
2290 821 2324 850 in

1314 868 1489 897 cotidianis
1507 868 1709 898 victualibus
1728 870 1813 899 sicut
1830 870 1960 900 duobus
1978 872 2146 901 canonicis
2167 873 2206 902 (16
2228 873 2326 903 domo

1313 920 1517 958 providetur.
1537 921 1620 951 Item
1633 922 1847 960 provideatur
1860 924 1916 953 uni
1932 924 2051 954 clerico
2063 926 2092 954 61
2106 925 2236 955 duobus
2252 934 2325 956 scu-

1313 972 1422 1002 tiferis
1440 973 1617 1007 suis‚sicut
1631 974 1706 1004 aliis
1723 975 1762 1004 de
1778 975 1905 1004 familia
1918 976 2003 1006 dicte
2019 977 2193 1012 domus,in
2208 978 2281 1009 cibo
2297 979 2328 1009 et

1314 1026 1556 1065 potu.Insuper
1571 1026 1701 1057 duobus
1717 1028 1863 1057 troteriis
1877 1029 1958 1063 suis,
1973 1029 2055 1059 sicut
2069 1032 2117 1060 est
2130 1032 2327 1062 consuetum

1315 1079 1484 1117 provideri
1507 1080 1652 1109 troteriis
1674 1080 1814 1110 abbatis.
1836 1081 1918 1110 Item
1942 1082 2155 1120 provideatur
2178 1083 2216 1113 de
2241 1091 2329 1114 com-

1315 1133 1476 1163 munitate
1502 1134 1643 1171 quatuor
1667 1134 1864 1172 equitaturis
1887 1135 1966 1164 dicti
1994 1135 2122 1165 abbatis
2149 1137 2180 1165 in
2209 1145 2325 1172 avena,

1316 1185 1421 1224 paleis
1437 1186 1468 1215 et
1484 1185 1656 1215 ferraturis
1673 1194 1748 1215 cum
1767 1186 1867 1216 fuerit
1882 1196 2031 1225 presens.
2050 1188 2130 1218 Item
2150 1197 2328 1227 procuren-

1317 1239 1372 1268 tur
1385 1238 1533 1276 hospites
1548 1239 1625 1268 dicti
1643 1239 1771 1268 abbatis
1792 1240 1831 1269 de
1850 1240 2019 1269 communi
2038 1249 2128 1270 more
2147 1241 2328 1280 hospitum.

1318 1291 1400 1321 Item
1417 1292 1550 1330 quando
1567 1291 1669 1321 exibit
1686 1293 1925 1322 monasterium
1940 1293 1978 1322 de
1995 1293 2134 1323 6111131110
2147 1295 2176 1324 61
2191 1302 2332 1325 assensu

1318 1345 1502 1374 conventus
1519 1353 1577 1383 pro
1594 1344 1762 1375 communi
1776 1345 1917 1376 utilitate
1935 1347 2140 1379 monasterii,
2157 1347 2331 1386 providea-

1317 1399 1371 1428 tur
1386 1397 1495 1427 eidem
1516 1398 1549 1427 in
1567 1398 1725 1437 expensis
1743 1398 1943 1428 necessariis
1960 1400 2127 1429 moderate
2148 1400 2330 1430 secundum

1287 1469 1289 1476 .=
1317 1450 1785 1489 possibilitatemmonasterii
1805 1452 1999 1490 supradicti,
2024 1451 2068 1481 ita
2087 1453 2173 1491 quod
2198 1453 2331 1484 cellera-

1318 1504 1389 1534 rius
1404 1504 1458 1533 161
1474 1503 1560 1533 alius
1576 1504 1756 1534 canonicus
1773 1503 1837 1534 sibi
1854 1514 1870 1533 a
1893 1506 2059 1534 conventu
2077 1505 2254 1544 deputatus
2273 1506 2331 1544 qui

1319 1564 1431 1586 secum
1448 1559 1511 1591 eat,
1531 1556 1560 1586 ei
1581 1565 1745 1595 expensas
1762 1557 1955 1596 hujusmodi
1974 1558 2195 1593 administret,
2218 1559 2249 1588 et
2265 1558 2332 1588 hiis

1319 1609 1474 1639 omnibus
1499 1610 1699 1647 supradictis
1727 1610 1956 1640 tantummodo
1981 1610 2150 1649 predictus
2176 1611 2278 1641 abbas
2299 1612 2332 1642 et

1320 1671 1528 1693 successores
1554 1662 1606 1692 sui
1633 1671 1692 1700 pro
1721 1671 1755 1692 se
1782 1664 1813 1693 et
1842 1663 1969 1693 familia
1997 1673 2056 1693 sua
2083 1664 2149 1693 sint
2172 1665 2330 1695 6011161111.

1320 1716 1475 1746 Preterea
1491 1715 1618 1749 statuit,
1635 1716 1740 1745 voluit
1756 1717 1786 1745 et
1802 1716 1970 1745 ordinavit
1984 1716 2140 1746 dominus
2156 1717 2333 1756 episcopus

1321 1769 1532 1807 supradictus
1548 1769 1635 1807 quod
1648 1769 1955 1799 administrationes
1967 1778 2025 1799 seu
2040 1770 2206 1808 prioratus
2222 1772 2254 1801 et
2269 1771 2334 1801 alia.

1320 1821 1481 1852 beneficia
1497 1830 1559 1860 que
1573 1821 1713 1851 inferius
1725 1821 1947 1856 continentur,
1960 1822 1999 1852 de
2012 1823 2180 1853 communi
2193 1831 2334 1854 assensu

1321 1876 1506 1905 conventus
1526 1874 1580 1904 vet
1601 1874 1736 1913 majoris
1759 1874 1863 1912 partis
1884 1883 1943 1913 per
1963 1875 2115 1904 abbatem
2139 1876 2168 1905 et
2190 1876 2335 1907 sanioris

1322 1927 1390 1967 (siv)
1409 1927 1577 1957 canonicis
1593 1927 1739 1967 ejusdem
1759 1927 1955 1958 monasterii
1972 1928 2202 1964 asservata-3
2221 1929 2337 1960 videli-

1323 1983 1372 2011 661
1391 1991 1396 2010 ;
1415 1981 1568 2011 sacristia
1581 1989 1657 2010 cum
1673 1981 1829 2011 omnibus
1842 1982 1976 2020 juribus
1991 1984 2020 2012 et
2038 1983 2248 2021 pertinentiis
2264 1982 2336 2014 :uis

1323 2034 1421 2072 prout
1438 2033 1560 2063 melius
1578 2034 1609 2062 et
1627 2033 1761 2072 plenius
1779 2042 1817 2063 ea
1832 2033 1966 2070 habere,
1986 2035 2098 2065 tenere
2121 2036 2151 2065 et
2168 2035 2338 2074 percipere

1323 2086 1508 2117 consuevit.
1527 2087 1609 2116 Item
1625 2086 1869 2116 administratio
1886 2087 1996 2125 operis
2012 2096 2086 2117 cum
2106 2088 2290 2118 redditibus
2307 2089 2338 2119 et

1325 2139 1584 2170 obventionibus
1601 2139 1672 2169 suis
1689 2141 1720 2169 61
1735 2140 1811 2170 aliis
1828 2140 1935 2170 eidem
1950 2141 2040 2179 operi
2059 2140 2236 2180 deputatis.
2255 2142 2339 2172 Item

1325 2193 1508 2223 cameraria
1529 2201 1604 2222 611111
1629 2193 1779 2222 ecclesiis
1801 2193 1840 2222 (16
1862 2193 2023 2223 Varinola
2045 2194 2075 2224 et
2095 2194 2134 2223 de
2155 2194 2285 2225 Juliaco
2309 2196 2340 2225 et

1325 2246 1402 2276 aliis
1425 2245 1582 2276 omnibus
1603 2245 1738 2284 juribus
1768 2246 1849 2275 suis.
1876 2245 1958 2275 Item
1987 2246 2238 2277 infirmitorium
2264 2255 2339 2277 cum

1326 2299 1468 2329 ecclesia
1485 2299 1524 2329 de
1540 2300 1686 2329 Verneto
1699 2300 1729 2329 et
1746 2299 1963 2337 aliisjuribus
1979 2300 2060 2330 suis.
2076 2300 2159 2330 Item
2173 2301 2338 2339 prioratus

1325 2353 1365 2382 de
1377 2352 1539 2387 Admone,
1558 2352 1725 2390 prioratus
1739 2352 1779 2382 de
1794 2352 1965 2382 Praderiis
1979 2361 2054 2382 611111
2070 2353 2220 2383 ecclesiis
2235 2353 2340 2384 sancti

1325 2405 1474 2435 Baudilii
1492 2406 1522 2435 et
1538 2406 1577 2434 de
1595 2405 1726 2435 Ussato.
1745 2405 1918 2434 Prioratus
1935 2405 1974 2433 de
1992 2405 2133 2443 Pugiolo
2150 2414 2225 2435 611111
2241 2406 2342 2436 eccle·

1327 2519 1403 2541 cum
1418 2511 1558 2541 ecclesia
1576 2511 1615 2540 de
1632 2509 1817 2540 Arvinano.
1835 2510 2008 2540 Prioratus
2023 2511 2061 2540 de
2080 2511 2252 2541 Castlardo
2266 2520 2342 2543 cum

1328 2563 1484 2594 omnibus
1496 2564 1630 2602 juribus
1643 2564 1726 2599 suis,
1742 2563 1827 2593 sicut
1838 2563 1958 2593 melius
1974 2564 2005 2593 et
2019 2563 2153 2602 plenius
2166 2564 2343 2596 Ramundo

1327 2617 1488 2648 Ber-nardi
1506 2617 1666 2647 canonico
1682 2617 1742 2646 fuit
1762 2616 1950 2655 assignatus
1970 2625 2028 2655 per
2045 2617 2270 2648 venerabilem
2285 2626 2342 2657 pa-

1327 2671 1411 2700 trem
1428 2669 1602 2700 dominum
1630 2670 1918 2709 archiepiscopum
1944 2670 2200 2701 Narbonensem
2230 2672 2262 2701 et
2291 2670 2345 2703 do·

1327 2722 1458 2752 minum
1493 2723 1686 2761 episcopum
1715 2722 1956 2754 Tholosanum.
1987 2723 2161 2753 Prioratus
2185 2723 2224 2754 de
2250 2723 2345 2755 Mon-

1327 2776 1439 2810 166116,
1461 2776 1630 2814 prioratus
1652 2776 1691 2806 de
1716 2776 1854 2811 Creone,
1882 2775 2049 2814 prioratus
2073 2776 2114 2806 de
2137 2777 2281 2808 Verneto
2304 2777 2344 2809 de

1330 2828 1542 2863 Cantaiaina,
1563 2837 1638 2858 cum
1660 2828 1828 2859 casalibus
1851 2829 1891 2859 de
1910 2828 2043 2859 Bon-aco
2066 2830 2099 2860 et
2121 2829 2161 2860 de
2182 2829 2345 2866 Frostels,

1330 2882 1360 2911 et
1377 2890 1452 2911 cum
1468 2882 1545 2912 aliis
1559 2882 1693 2920 juribus
1705 2881 1790 2917 suis,
1811 2883 1909 2920 prout
1927 2882 2049 2912 melius
2063 2891 2152 2914 nunc
2167 2884 2257 2914 tenet
2273 2884 2344 2923 Ugo

1330 2935 1369 2964 de
1386 2934 1559 2964 Castlardo
1575 2934 1767 2965 canonicus.
1787 2934 1962 2965 Prioratus
1977 2935 2018 2966 de
2038 2935 2204 2972 Avezaco‚
2219 2936 2344 2977 priora-

1329 2988 1383 3018 tus
1409 2987 1449 3018 de
1475 2988 1588 3018 sancto
1617 2987 1772 3018 Amatore
1801 2995 1878 3017 cum
1903 2987 2045 3018 ecclesia
2068 2988 2108 3019 de
2134 2988 2343 3023 Crivocroso,
