2547 3289
1128 280 1341 311 D'URssAlN
1364 281 1421 311 IV.

2282 286 2320 315 83

249 364 352 399 sistit,
374 363 560 402 cappellam
590 363 642 393 vel
671 363 866 399 oratorium,
896 363 980 401 ipsis
1007 362 1135 397 invitiS,
1161 371 1256 391 cons-
1285 374 1286 403 1
1315 363 1449 394 tissime
1483 373 1543 393 nos
1575 365 1729 395 convenit
1762 366 1914 396 solicitos
1945 366 2101 399 inveniri,
2139 367 2219 405 quia
2250 368 2321 397 sedi

248 418 361 447 truere
376 417 508 453 audeat,
521 417 729 446 attendentes
748 416 836 454 quod
854 417 880 445 si
895 416 1015 445 fratres
1030 415 1109 444 dicti
1127 415 1256 444 ordinis
1285 439 1287 456 y,

248 470 418 500 Miuorum
432 469 623 499 habitarent
641 468 736 505 inibi,
750 470 861 507 posset
882 468 930 497 eis
947 469 977 497 et
995 468 1257 497 dictomonaste-

247 521 298 552 rio
315 530 415 561 grave
441 521 665 560 preJudicium
689 521 852 560 generari,
875 529 976 558 super
1008 519 1068 549 hoc
1094 528 1153 557 pro
1182 519 1256 556 jure

248 583 309 604 suo
326 574 422 604 vobis
441 583 475 604 se
501 583 668 612 opponere
688 575 902 608 curaverunt,
929 574 1066 610 propter
1084 572 1173 609 quod
1190 571 1257 600 sue-

246 628 323 656 runt
338 636 398 665 pro
409 626 506 656 vobis
521 636 623 665 super
632 627 692 656 hoc
703 627 743 656 ad
758 628 864 656 001105
879 627 1076 655 executores
1092 624 1153 653 sub
1167 627 1257 653 certa
1286 661 1287 665 Ἰ

247 679 356 710 forma
378 680 487 718 ipsius
512 679 764 718 predecessoris
783 679 895 708 littere
921 678 1122 715 impetrate,
1145 685 1255 706 coram

247 732 382 771 quibus,
394 732 587 771 hujusmodi
597 732 761 771 pendente
773 731 917 769 negotio,
927 730 1091 768 quasdam
1105 729 1190 759 alias
1204 729 1256 759 lit-

244 785 336 815 teras
346 785 441 815 vobis
453 785 562 815 dictus
580 785 799 823 predecessor
815 783 992 819 concessit,
1013 791 1071 821 per
1086 791 1169 820 quas
1184 791 1256 820 pre-

246 838 402 867 decessor
425 838 498 875 ipse
523 837 684 875 quicquid
700 837 815 865 contra
831 835 975 871 litteras,
995 835 1174 873 privilegia
1196 843 1255 864 5011

245 890 473 928 indulgentias
492 889 588 919 vobis
607 898 708 927 super
733 888 926 926 recipiendo
944 889 975 917 et
999 887 1180 917 obtinendo
1197 887 1256 917 hu-
1285 917 1287 927 ¹

1286 947 1287 968 ὲ
1316 941 1561 971 monasterium
1580 943 1630 972 est
1650 943 1828 979 munitum,
1847 943 2060 982 aliquatenus
2079 945 2248 984 derogare,
2270 947 2321 977 vel

242 943 394 982 jusmodi
411 943 484 972 loco
500 942 535 971 in
553 942 635 971 villa
652 941 804 980 predicta
822 941 862 970 ab
880 941 997 970 eodem
1014 941 1254 979 predecessore

245 1003 416 1032 concessa,
431 1003 492 1033 per
508 1003 739 1033 quascumque
754 994 839 1023 alias
855 993 987 1023 litteras
1005 993 1057 1023 vel
1078 993 1255 1031 indulgen-

243 1047 310 1078 tias
325 1056 384 1078 seu
399 1047 589 1086 privilegia,
602 1056 668 1077 non
686 1047 844 1077 facientia
861 1047 900 1076 de
918 1046 1096 1084 premissis
1114 1046 1255 1076 mentio-

244 1109 321 1131 nem
356 1109 565 1139 expressam,
598 1102 834 1138 attemptatmn
867 1100 936 1130 erat
962 1099 1014 1129 vel
1047 1100 1254 1138 contingeret

245 1154 449 1192 attemptari,
469 1155 592 1184 extunc
610 1154 755 1183 decrevit
770 1153 904 1183 irritum
920 1155 952 1183 et
971 1153 1080 1189 inane,
1102 1154 1254 1182 statuens

244 1207 487 1237 nichilominus
503 1208 539 1236 ut
558 1206 752 1245 hujusmodi
769 1206 881 1236 littere
895 1206 947 1235 vel
966 1205 1174 1244 indulgentie
1194 1213 1254 1235 seu

245 1260 424 1298 privilegia
443 1268 461 1289 a
478 1259 630 1297 predicta
650 1260 728 1289 sede
747 1259 927 1297 impetrata
950 1258 1003 1288 vel
1027 1258 1251 1297 impetranda,

242 1312 347 1342 nullis
365 1312 520 1351 personis
547 1312 718 1351 religiosis
745 1311 796 1341 vel
821 1311 1031 1341 seculariljius
1065 1311 1253 1341 comuniter

241 1365 296 1396 vel
313 1365 462 1402 divisim,
478 1366 593 1395 contra
605 1374 665 1394 vos
680 1366 711 1395 et
726 1364 977 1394 concessionem
995 1364 1118 1402 prefati
1134 1364 1198 1394 loci
1215 1373 1252 1394 ac

243 1419 415 1448 decretum
440 1419 471 1448 et
501 1419 663 1448 statutum
693 1418 803 1456 ipsius
830 1417 1081 1456 predecessoris
1113 1419 1252 1455 possent

242 1471 453 1509 aliquatinus
488 1470 678 1509 suffragari.
710 1470 933 1500 Postmodum
968 1479 1058 1506 vero,
1080 1470 1252 1508 predictus

241 1524 460 1563 predecessor
486 1523 583 1553 vobis
606 1532 685 1553 suas
712 1523 837 1553 direxit
862 1523 1006 1556 litteras,
1034 1523 1121 1552 inter
1144 1524 1253 1553 cetera

241 1577 463 1612 continentes,
482 1576 672 1614 quod,licet
692 1576 912 1614 predecessor
928 1576 999 1614 ipse
1015 1576 1101 1605 circa
1120 1584 1252 1606 conces-

242 1629 373 1659 sionem
399 1629 564 1659 nominati
583 1629 647 1659 loci
676 1629 802 1658 favoris
822 1628 998 1666 apostolici
1026 1628 1138 1657 sinum
1156 1628 1252 1658 vobis

242 1683 397 1712 duxisset
420 1691 522 1712 manu
542 1681 700 1711 munifica
722 1681 970 1719 explicandum,
990 1681 1187 1711 intentionis
1205 1683 1253 1711 ta-

242 1744 319 1766 men
342 1736 411 1765 erat
430 1736 462 1764 et
486 1734 594 1765 fuerat
620 1735 667 1764 sic
695 1735 736 1764 ad
759 1735 909 1764 vestrum
933 1734 1111 1764 comodum
1136 1734 1252 1773 hujtls-

241 1788 333 1818 modi
352 1788 510 1818 exhibere
534 1788 684 1818 favorem
701 1787 790 1826 quod
809 1795 1021 1825 nequaquam
1046 1788 1252 1817 convertere-

240 1843 296 1872 tur
328 1841 363 1870 in
392 1840 616 1879 prejudiCium
645 1840 801 1875 aliorum,
820 1841 851 1869 et
878 1849 936 1878 per
962 1840 1099 1869 easdem
1120 1840 1252 1870 litteras

241 1894 332 1924 idem
345 1894 565 1932 predecessor
576 1902 635 1923 vos
655 1893 787 1923 monuit
798 1892 960 1930 vobisque
974 1893 1145 1922 mandavit
1158 1894 1193 1922 ut
1211 1892 1252 1922 ab

241 1947 351 1985 ipsius
364 1945 741 1976 monasteriimolestiis
755 1945 891 1984 1101111115
911 1945 1131 1980 abstinentes,
1151 1945 1251 1974 nichil

241 2000 357 2030 contra
372 1999 559 2038 privilegia,
584 1999 727 2034 indulta,
754 1998 929 2028 libertates
947 1998 999 2027 vel
1018 1998 1252 2028 immunitates

242 2061 278 2082 ac
292 2052 369 2091 jura
387 2052 585 2082 monasterii
601 2051 848 2090 attemptaretis
868 2051 1030 2089 ejusdem.
1044 2051 1114 2081 Vos
1127 2052 1250 2084 autem,

241 2105 451 2136 attendentes
470 2105 558 2143 quod
583 2105 619 2134 in
641 2104 702 2134 hoc
722 2104 943 2134 intentionem
962 2105 1110 2133 vestram
1134 2112 1252 2134 conse-

239 2158 299 2196 qui
311 2158 450 2188 minime
460 2157 636 2193 valebatis,
650 2157 801 2196 predicto
817 2157 889 2186 loco
904 2157 1059 2193 dimisso,
1074 2157 1108 2186 in
1118 2165 1253 2195 posses-

240 2211 371 2241 sionem
389 2211 565 2250 cujusdam
579 2210 722 2241 alterius·
742 2210 806 2239 loci
828 2210 916 2239 infra
933 2209 1060 2239 limites
1079 2209 1250 2247 supradic-

238 2265 304 2300 tos,
321 2264 390 2302 qui,
409 2264 495 2294 sicut
511 2263 687 2300 dicebatis,
704 2263 801 2293 vobis
822 2272 883 2302 pro
901 2262 1109 2292 habitatione
1125 2264 1249 2296 vestra,

240 2316 351 2346 medio
369 2318 532 2355 tempore,
553 2325 732 2346 concessus
752 2316 860 2345 fuerat
877 2315 986 2354 primo
1004 2324 1063 2353 per
1086 2315 1251 2353 quosdam

240 2368 701 2407 subdelegatosavenerabili
717 2369 819 2399 fratre
840 2370 980 2398 nostro..
999 2367 1250 2406 archiepiscopo

239 2421 475 2452 Cantuariensi
494 2422 525 2451 et
550 2421 674 2451 decano
693 2421 935 2456 Lincolniensi,
956 2421 1013 2459 11111
1030 2429 1065 2450 50
1094 2420 1250 2450 dicebant

238 2473 310 2504 sore
329 2475 525 2504 executores
542 2474 583 2504 ad
596 2474 657 2504 hoc
674 2483 692 2503 a
710 2475 787 2504 sede
806 2473 991 2512 apostolica
1009 2473 1200 2511 deputatos,
1213 2481 1250 2503 ac

237 2527 456 2565 postmodum
472 2535 532 2564 per
552 2527 738 2557 secularem
757 2526 944 2565 potentiam
963 2534 1022 2555 vos
1037 2525 1249 2564 procurastis

237 2579 377 2616 intrudi,
392 2579 583 2618 ipsumque,
596 2579 701 2609 simili
715 2579 792 2609 fulti
808 2579 969 2618 potentia,
986 2578 1145 2608 detinetis
1163 2587 1199 2608 ac
1217 2580 1250 2608 in

238 2641 277 2663 eo
294 2632 474 2671 quamdam
485 2631 663 2662 ecclesiam
677 2632 707 2661 et
720 2631 837 2662 domos
850 2632 1044 2661 construere
1058 2629 1248 2668 incepistis,

237 2685 273 2715 111
287 2686 454 2716 dictorum
474 2685 606 2715 abbatis
635 2686 666 2715 et
684 2686 868 2715 conventus
893 2694 930 2715 ac
948 2685 1099 2724 ejusdem
1118 2693 1250 2714 monas-

236 2739 314 2770 terii
330 2739 558 2778 prejudicium
586 2740 617 2768 et
635 2747 824 2777 gravamen.
845 2739 967 2773 Quare,
987 2738 1068 2768 dicti
1087 2737 1191 2767 abbas
1218 2738 1249 2767 et

238 2794 423 2823 conventus
442 2791 540 2822 nobis
558 2791 733 2822 humiliter
760 2791 995 2830 supplicarunt
1015 2792 1050 2821 ut
1071 2791 1248 2829 providere

238 2854 340 2884 super
359 2845 420 2875 hoc
446 2845 683 2883 indempnitati
715 2844 866 2883 ejusdem
891 2844 1087 2874 monasterii
1109 2845 1249 2882 paterna

238 2898 415 2937 diligentia
445 2906 651 2928 curaremus
677 2898 748 2928 Nos
775 2897 900 2935 itaque,
925 2897 1136 2927 attendentes
1160 2896 1249 2935 quod

237 2950 326 2981 circa
344 2951 575 2982 defensionem
587 2951 717 2990 jurium
735 2950 844 2988 ipsius
859 2949 1056 2980 monasterii
1075 2958 1116 2979 ex
1133 2957 1170 2979 00
1191 2957 1248 2987 110-

1285 865 1287 889 1

1317 416 1498 453 apostolice
1517 417 1609 447 nullo
1631 418 1740 447 medio
1756 420 1805 448 est
1834 419 2033 457 51111100111111,
2055 428 2092 449 ac
2122 420 2190 458 pati
2211 421 2320 450 nolen-

1316 469 1367 497 tes
1380 470 1413 498 ut
1432 469 1463 498 iu
1480 470 1658 507 premissis
1677 471 1729 500 sui
1745 471 1832 509 juris
1847 472 2059 509 dispendium
2074 473 2233 511 patiatur,
2246 482 2319 503 cum

1318 520 1351 549 id
1369 529 1433 549 11011
1453 522 1561 551 50111111
1581 523 1613 551 111
1629 523 1778 560 ejusdcm
1798 525 2007 559 11101111510111,
2023 534 2135 555 verum
2152 526 2252 555 ctiam
2272 534 2320 556 ec-

1317 572 1418 602 clesie
1435 574 1583 603 Romane
1596 575 1819 613 prejudicium
1838 578 2050 612 redumlarot,
2069 578 2321 608 considerantes

1317 624 1456 663 insuper
1480 627 1567 663 1111011
1588 636 1651 656 11011
1671 628 1802 657 videtur
1833 629 1937 659 tuisse
1961 630 2041 659 dicti
2071 631 2320 668 predecessoris

1317 677 1469 712 intentio,
1487 680 1586 716 prout
1610 688 1649 708 cx
1670 682 1783 709 tenore
1809 682 2034 718 111-01110111111111
2058 683 2247 713 litterarum
2266 693 2320 714 vo-

1316 728 1380 765 bis,
1401 730 1441 759 ad
1459 730 1608 768 ipsorum
1628 731 1759 761 abbatis
1783 735 1811 762 et
1840 736 2022 763 conventus
2044 735 2250 771 instantiam,
2275 737 2322 765 di-

1316 784 1483 812 rectarum
1501 784 1683 822 colligitur,
1700 785 1784 814 sicut
1803 794 1861 815 nec
1886 795 1960 815 esse
1983 787 2108 822 debuit,
2132 796 2190 825 per
2208 789 2321 827 aliqua

1316 835 1496 874 privilegia
1507 836 1558 865 vel
1569 833 1695 874 gratias
1709 837 1804 866 vobis
1817 846 1988 872 concessa,
1999 840 2200 878 privilegiis,
2213 841 2320 870 indul—

1315 888 1450 927 gentiis,
1465 888 1679 918 libertatibus
1699 891 1729 919 et
1749 890 2034 927 immunitatibus,
2054 892 2176 930 quibus
2196 893 2322 923 dictum

1316 995 1415 1033 quod,
1428 994 1601 1024 occasione
1611 995 1865 1033 privilegiorum
1879 998 1910 1026 et
1920 997 2103 1035 gratiarum
2114 998 2319 1036 hujusmodi,

1315 1048 1445 1086 aliquid
1464 1049 1556 1077 tieret
1583 1056 1642 1086 per
1669 1049 1758 1086 quod
1775 1049 1999 1087 prejudicium
2018 1050 2085 1088 ipsi
2116 1052 2321 1081 monasterio

1314 1102 1501 1139 pararetur,
1516 1100 1771 1131 universitatem
1788 1103 1937 1132 vestram
1955 1111 2143 1139 monemus,
2165 1113 2322 1142 rogamus

1315 1154 1346 1184 et
1374 1154 1549 1184 hortamur
1577 1155 1712 1189 attente,
1731 1163 1789 1192 per
1808 1155 1993 1193 apostolica
2013 1155 2109 1185 vobis
2135 1157 2260 1194 scripta
2287 1157 2319 1187 iu

1314 1207 1438 1236 virtute
1470 1206 1660 1236 obedientie
1686 1207 1837 1237 districte
1858 1208 2076 1246 precipiendo
2109 1210 2318 1245 mandantes,

1314 1261 1480 1298 quatenus
1497 1260 1585 1289 infra
1605 1268 1755 1290 mensem
1772 1269 1789 1289 a
1804 1261 1994 1299 receptione
2012 1261 2221 1299 presentium
2236 1271 2322 1291 com-

1313 1312 1511 1351 putandum,
1539 1313 1666 1342 dictum
1695 1313 1817 1348 locum,
1844 1321 1905 1351 pro
1932 1315 2047 1343 nostra
2074 1316 2105 1343 et
2137 1315 2320 1352 apostolice

1315 1365 1405 1395 sedis
1428 1366 1628 1401 reverentia,
1645 1366 1781 1404 penitus
1805 1366 2028 1401 dimittentes,
2050 1366 2090 1395 ab
2109 1367 2320 1397 edificatione

1314 1418 1479 1448 dictarum
1500 1419 1676 1448 domorum
1697 1420 1728 1448 et
1756 1419 1896 1448 ecclesie
1918 1419 2094 1449 desistatis
2123 1428 2158 1449 ac
2189 1420 2321 1449 1110111115

1314 1481 1398 1510 opus
1415 1472 1503 1510 quod
1521 1472 1609 1501 circa
1623 1480 1679 1501 eas
1696 1471 1866 1510 inceptum
1884 1472 1954 1502 fore
1975 1473 2172 1508 dinoscitur,
2187 1473 2321 1511 penitus

1314 1525 1509 1557 ammoveri,
1528 1534 1592 1554 11011
1611 1524 1823 1554 obstantibus
1842 1525 2004 1563 predictis
2027 1526 2163 1561 litteris,
2184 1526 2321 1556 statutis

1314 1579 1345 1607 et
1363 1578 1506 1607 decretis
1533 1586 1569 1607 ac
1590 1577 1859 1616 quibuscumque
1884 1578 1960 1607 aliis
1985 1579 2174 1616 privilegiis
2194 1588 2252 1608 seu
2273 1579 2320 1608 111-

1313 1630 1496 1668 dulgentiis
1515 1631 1567 1660 vel
1589 1630 1711 1660 litteris
1740 1630 1836 1659 vobis
1857 1630 1909 1659 vel
1933 1630 2201 1669 111111111501111111110
2229 1631 2317 1667 aliis,

1314 1684 1428 1712 contra
1460 1686 1609 1712 tenorem
1634 1683 1890 1721 privilegiorum
1910 1685 1940 1713 et
1970 1683 2221 1713 immunitatum
2252 1693 2319 1713 mo—

1314 1736 1453 1765 nasterii
1471 1736 1689 1771 1110111011111,11
1703 1736 1832 1773 prefata
1850 1736 1927 1765 sede
1940 1736 2001 1765 sub
2022 1745 2231 1774 (1111101111111110
2249 1745 2320 1766 1·οΓ-

1313 1788 1432 1818 borum
1452 1788 1559 1818 forma
1588 1789 1640 1818 vel
1664 1789 1881 1826 expressione
1902 1789 2083 1823 concessis,
2101 1789 2201 1818 etiam
2232 1789 2260 1818 si
2279 1789 2319 1819 de

1313 1841 1399 1879 ipsis
1417 1842 1448 1871 et
1466 1841 1617 1880 ipsorum
1635 1841 1715 1871 totis
1728 1841 1903 1871 tenoribus
1921 1842 2055 1879 plenam
2073 1843 2103 1871 et
2123 1850 2318 1879 expressam

1314 1903 1349 1923 ac
1368 1894 1549 1932 specialem
1566 1896 1597 1923 et
1617 1894 1655 1923 de
1672 1894 1772 1923 verbo
1790 1894 1829 1923 ad
1844 1894 1983 1923 verbum
2003 1896 2169 1932 oporteret
2186 1895 2219 1923 in
2243 1903 2318 1924 nos-

1314 1947 1376 1976 tris
1407 1946 1528 1976 litteris
1558 1946 1629 1976 lieri
1662 1946 1886 1981 mentionem,
1916 1955 2031 1984 preces
2064 1949 2095 1976 et
2124 1948 2318 1985 preceptum

1314 1999 1592 2029 nostrumtaliter
1609 1999 1781 2037 impleturi
1798 1999 1886 2037 quod
1905 1999 1985 2029 dicti
2004 1999 2106 2029 abbas
2127 2001 2157 2029 et
2179 2008 2318 2029 conven-

1313 2055 1368 2083 tus
1386 2053 1521 2090 assequi
1534 2061 1575 2082 ex
1588 2052 1636 2081 eis
1650 2061 1684 2081 se
1699 2052 1864 2090 gaudeant
1879 2052 1968 2090 quod
1983 2052 2172 2087 intendunt,
2192 2061 2319 2090 1111511110

1313 2106 1524 2136 devotionem
1544 2106 1690 2135 vestram
1709 2105 1830 2135 exinde
1847 2105 2130 2141 connuemlantes,
2143 2105 2318 2143 previdere

1314 2167 1414 2197 super
1433 2159 1493 2188 1100
1521 2159 1618 2188 aliter
1642 2167 1707 2187 non
1727 2167 1895 2196 cogamur.
1924 2158 2048 2188 Datum
2068 2158 2156 2196 11111111
2181 2157 2318 2188 11110111-

1312 2213 1470 2248 veterem,
1490 2221 1508 2241 v
1526 2211 1688 2241 kalendas
1704 2211 1802 2249 junii,
1822 2219 1907 2241 anno
1926 2211 2084 2240 secundo.
2103 2222 2117 2239 »

1900 2394 2023 2425 01111010,-
2043 2396 2075 2420 28
2092 2394 2149 2421 mai
2169 2396 2244 2421 1263.

1401 2398 1472 2429 309

1346 2476 1539 2510 Infrascriptis
1553 2475 1749 2503 executionem
1765 2474 1893 2509 praedicti
1911 2475 2037 2501 mandati
2054 2474 2222 2501 committit.
2240 2475 2316 2509 (iliae.

1310 2526 1354 2555 27,
1373 2525 1423 2552 sol,
1443 2526 1485 2555 84,
1503 2530 1533 2551 n⁰
1557 2526 1594 2560 1.)

1351 2640 1366 2656 «
1388 2627 1561 2658 Venerabili
1577 2627 1674 2666 fratri
1691 2651 1710 2656 ..
1732 2626 1871 2665 episcopo
1890 2623 2081 2654 Karleolensi
2105 2629 2130 2653 cc
2153 2623 2261 2653 dilecto
2279 2623 2316 2660 fi-

1310 2680 1374 2712 lio..
1393 2681 1495 2711 abbati
1515 2681 1611 2710 sancti
1633 2679 1797 2719 Auqztslini
1823 2677 2049 2708 cantuariensi.
2077 2677 2315 2715 Exposuerunt

1309 2735 1407 2766 nobis
1434 2737 1494 2765 etc.
1521 2735 1556 2764 ut
1580 2742 1692 2772 supra,
1724 2740 1841 2770 usque,
1866 2730 2087 2761 Norvicensis
2122 2729 2268 2759 diocesis
2293 2754 2314 2759 ..

1309 2789 1466 2819 ministro
1495 2788 1635 2817 fratrum
1654 2786 1821 2816 Miuorum
1848 2784 1881 2813 in
1899 2783 2021 2822 Anglia
2045 2783 2255 2821 significante
2273 2781 2316 2812 fe-

1309 2842 1385 2872 licis
1399 2839 1641 2871 recordationis
1659 2837 1853 2869 Alexandro
1879 2845 1975 2875 pape,
1993 2835 2224 2874 predecessori
2240 2843 2315 2864 nos-

1308 2896 1371 2930 tro,
1388 2894 1477 2933 quod
1504 2894 1536 2923 in
1560 2892 1642 2922 villa
1662 2890 1766 2921 sancti
1790 2889 1990 2925 Eadmundi,
2012 2890 2073 2918 etc.
2103 2896 2211 2926 usque
2231 2887 2315 2917 obti-

1308 2949 1399 2984 nent,
1429 2947 1513 2976 dicte
1542 2945 1698 2981 diocesis,
1722 2942 1944 2973 consideratis
1973 2941 2040 2971 hiis
2071 2950 2135 2980 que
2170 2940 2314 2970 salutem
