2547 3289
155 290 159 294 ’
202 306 241 334 34

208 384 391 414 violentum
410 379 594 410 moliuntur
610 376 810 414 ingressum,
824 370 1045 401 conflarentur
1059 367 1094 396 in
1107 373 1211 396 unum

211 437 299 467 vires
331 433 444 473 populi
476 429 662 464 christiani,
688 435 762 457 cum
789 426 877 456 tante
902 425 1035 460 tamque
1062 418 1211 458 improbe

209 486 433 519 multitudinis
472 481 715 522 irruptionibus
755 476 948 509 cohibendis
983 474 1086 504 unius
1119 470 1211 510 regni

209 535 662 581 quantumlibetprepotentis
674 541 739 563 non
755 531 930 562 credantur
943 527 1096 558 sufficere
1111 523 1211 555 sacul-

210 596 303 626 tates.
318 593 388 628 Que
407 591 542 629 insuper
558 588 660 627 regio,
671 586 723 616 cui
739 585 903 624 quibusve
919 580 1027 612 modis
1043 577 1212 610 etviribus

206 647 319 677 contra
337 644 470 675 eosdem
488 642 645 673 Tartaros
662 645 853 669 succurrere
875 634 1051 666 teneretur,
1069 639 1133 669 que
1155 630 1210 660 de-

209 707 302 730 mum
321 699 350 727 et
369 696 481 736 qualia
497 691 729 725 subventionis
743 689 871 721 auxilia
903 684 1147 726 particulariter
1170 682 1210 713 ob

205 752 268 783 hoc
294 750 396 781 indici
414 748 571 778 deberent
586 745 684 776 cleris
705 745 735 775 et
752 742 884 782 populis
905 738 1096 770 christianis
1113 738 1143 766 et
1171 736 1210 765 de

204 803 344 843 reliquis
367 800 606 832 nichilominus
625 795 833 838 providentie
856 794 1016 833 opmtune
1043 788 1211 827 suffragiis

204 858 240 888 in
255 858 384 887 tantum
403 853 571 892 negotium
597 850 746 888 illudque
763 845 987 885 contingentia
1001 841 1212 875 conserendis

203 909 387 941 secundum
403 908 513 938 datam
529 905 611 945 ipsis
625 901 848 943 prudentiam,
859 900 967 930 Deum
975 899 1005 928 et
1020 894 1211 927 universale

206 962 392 1004 periculum
407 959 558 990 babendo
574 966 632 997 pre
653 955 771 990 oeulis,
787 953 968 992 cogitantes
991 958 1091 989 super
1109 947 1211 978 omni-

209 1015 286 1051 bu5‚
304 1012 540 1044 deliberatione
561 1009 675 1039 habita
698 1005 861 1045 diligenti,
878 1011 984 1042 usque
1005 1002 1045 1031 ad
1060 1002 1211 1031 octavam

210 1066 434 1107 apostolorum
453 1063 540 1094 Petri
563 1064 594 1092 et
618 1060 715 1091 Pauli
733 1067 821 1090 nunc
838 1057 990 1097 pioximo
1006 1053 1210 1094 preterit-am,

209 1120 341 1159 aliquos
356 1119 586 1158 procuratores
602 1116 632 1144 et
649 1112 796 1146 nuntios,
813 1110 972 1150 providos
993 1111 1021 1138 ct
1038 1107 1209 1141 discretos,

211 1173 415 1205 sufficienter
434 1171 625 1202 instructos,
645 1176 681 1198 ac
701 1166 838 1206 plenum
863 1163 1023 1193 habentes
1039 1170 1056 1190 a
1074 1159 1212 1199 prelatis

209 1226 423 1265 collegiisque
436 1223 629 1254 mandatum
644 1228 744 1259 super
758 1217 932 1258 premissis
946 1226 952 1243 ‹
967 1215 1057 1245 mnia
1068 1212 1211 1243 faciendi

205 1288 270 1320 que
287 1279 348 1318 ipsi
361 1278 508 1317 pessent,
519 1275 547 1305 si
563 1275 734 1314 presentes
755 1272 877 1304 essent,
889 1267 1084 1302 esti‹·ere‚a(l
1099 1266 1211 1296 sedem

207 1331 424 1372 apostolicam
441 1328 656 1361 destinarent,
674 1334 731 1365 ier
747 1332 830 1363 qnos
845 1330 958 1353 eorum
972 1319 1211 1351 communicato

209 1385 362 1418 consilio,
379 1383 466 1412 dieta
481 1381 577 1412 sedes
590 1380 759 1412 statueret,
777 1385 839 1415 que
857 1376 890 1405 in
907 1376 971 1404 tam
991 1373 1094 1403 arduo
1111 1371 1212 1401 chris-
1238 1386 1239 1392 κ

207 1437 370 1469 tianitatis
399 1435 530 1474 negotio
564 1432 696 1472 publice
718 1429 835 1461 salutis
862 1427 988 1457 utilitas
1016 1424 1210 1464 postularet.

204 1490 359 1529 Receptis
369 1489 478 1527 itaque
489 1484 680 1526 hujusmodi
694 1483 812 1513 litteris
822 1479 1023 1520 apostolicis,
1037 1476 1211 1508 christiani

205 1543 374 1584 principes
389 1543 420 1572 et
434 1539 649 1571 eeclesiarum
665 1535 780 1576 prelati
798 1543 834 1565 ae
849 1531 1061 1564 ecclesiastici
1080 1530 1145 1560 viri
1162 1529 1210 1559 di-

211 1604 382 1627 versorum
405 1600 581 1632 regnorum
604 1590 687 1621 desei
697 1591 788 1620 entes
809 1585 980 1626 apostolici
998 1584 1102 1624 patris
1117 1591 1211 1613 man-

212 1649 299 1680 datis
317 1650 347 1678 et
371 1646 520 1680 monitis,
537 1646 573 1675 ut
597 1639 977 1678 decuit,reve1·enter‚a‹l
996 1636 1211 1676 apostolicam

209 1702 321 1733 sedem
336 1701 566 1740 procuratores
581 1698 612 1727 et
626 1695 761 1726 nuntios
773 1683 1040 1724 transmiserunt.
1057 1690 1121 1720 Sed
1131 1688 1211 1727 quia

948 284 1198 317 REGISTRES
1221 282 1434 314 D'URBAlN
1459 283 1516 313 lv.

1273 364 1397 394 summi
1412 363 1617 403 apostolatus
1633 364 1760 402 apicem
1773 364 1980 400 sublimavit,
1997 364 2131 395 eosdem
2145 364 2280 394 nuntios

1273 419 1304 448 et
1322 419 1553 457 procuratores
1577 419 1706 447 vestros
1720 416 1863 456 benigne
1885 426 1922 448 ac
1948 417 2126 448 clementer
2141 417 2275 448 admisi-

1271 479 1358 506 mus,
1377 479 1504 501 necnon
1520 473 1549 500 et
1571 470 1698 500 litteras
1721 479 1804 509 quas
1821 470 1917 501 nobis
1933 479 1975 502 ex
1997 473 2088 510 parte
2105 472 2214 502 vestra
2230 473 2279 500 tu-

1273 523 1530 559 lerunt,attente
1558 523 1761 563 perlegimus
1786 525 1816 554 et
1842 523 2069 555 intelleximus
2091 524 2278 563 diligenter.

1274 577 1338 609 Sed
1355 578 1434 616 quia
1451 586 1546 608 mens
1573 579 1686 608 nostia
1708 577 1741 606 in
1761 579 1874 607 nostro
1892 577 2081 618 hujusmodi
2099 586 2183 608 nove
2205 587 2279 617 pro-

1273 631 1433 662 motionis
1450 631 1742 665 initio‚multarum
1755 630 2020 662 sollicitudinum
2031 634 2061 661 et
2070 632 2279 661 diversarum

1272 693 1426 714 curarum
1436 684 1610 715 obsidione
1625 684 1758 720 vallata,
1770 693 1870 722 super
1886 683 2032 724 predicto
2048 685 2179 723 negotio
2192 684 2280 723 quod

1271 746 1338 768 non
1363 737 1514 767 ultimam
1539 737 1678 776 requirit
1703 737 1922 777 diligentiam,
1942 737 2038 776 plene
2070 737 2177 768 adhuc
2200 737 2280 768 deli-

1279 790 1394 821 berare
1420 791 1582 829 nequivit,
1601 791 1746 830 prefatos
1766 790 1901 821 nuntios
1918 793 1948 821 et
1963 792 2195 829 procuratores
2211 799 2280 820 ves-

1273 845 1342 874 tros
1354 843 1394 873 ad
1412 852 1471 874 vos
1489 853 1565 874 cum
1580 845 1760 874 memorate
1777 844 1866 874 sedis
1882 843 1986 882 gratia
2000 843 2158 873 duximus
2170 843 2280 874 remit-

1273 897 1404 932 tendOS,
1447 896 1687 927 fraternitatem
1718 898 1862 927 vestram
1896 898 2082 930 monentes,
2122 898 2278 935 rogantes

1271 950 1430 980 attentius
1453 951 1484 980 et
1502 949 1671 980 hortantes
1687 958 1722 980 ac
1748 959 1806 989 per
1831 949 2012 988 apostolica
2037 949 2134 979 vobis
2158 949 2281 988 scripta

1270 1003 1418 1033 districtc
1433 1003 1647 1042 precipiendo
1663 1003 1870 1038 mandantes,
1887 1004 2052 1041 quatenus
2072 1002 2280 1033 intendentes

1272 1056 1369 1086 vobis
1387 1056 1470 1095 ipsis
1485 1057 1519 1086 et
1535 1056 1717 1086 christiano
1734 1056 1856 1095 populo
1872 1056 1905 1086 in
1924 1064 1989 1095 quo
2004 1064 2065 1086 vos
2082 1055 2191 1095 posuit
2215 1055 2280 1086 Do-

1271 1117 1384 1138 minus
1398 1109 1566 1148 principes
1584 1110 1614 1138 et
1634 1110 1794 1148 pastores,
1810 1109 1893 1139 circa
1911 1108 2095 1147 predictum
2110 1108 2278 1147 negotium

1270 1163 1384 1192 contra
1400 1162 1556 1192 Tartaros
1570 1162 1850 1201 prosequendum,
1869 1170 1931 1200 que
1956 1161 2145 1192 necessitati
2160 1170 2278 1192 conve·

1274 1215 1368 1245 niunt
1390 1217 1421 1245 et
1444 1215 1579 1245 utilitati
1603 1215 1782 1253 expediunt
1803 1215 2151 1253 generali‚prudenter
2164 1216 2192 1244 et
2216 1215 2279 1245 sol-

1275 1268 1364 1299 licite
1387 1268 1552 1308 cogitetis,
1581 1268 1664 1298 illud
1685 1268 1717 1298 in
1739 1268 1896 1298 omnibus
1918 1270 1946 1298 et
1972 1277 2030 1306 ser
2053 1268 2165 1298 omnia
2184 1268 2280 1306 juxta

1273 1321 1415 1352 formam
1447 1330 1506 1360 per
1539 1322 1667 1352 litteras
1702 1321 1876 1351 memorati
1907 1321 2153 1359 predecessoris
2184 1321 2280 1351 vobis

1275 1374 1671 1414 traditani‚prudentil,us
1691 1374 1853 1408 consiliis,
1874 1374 2000 1404 sedulis
2020 1373 2142 1404 studiis
2157 1375 2189 1403 et
2206 1382 2281 1412 pro-

1272 1427 1461 1458 visionibus
1485 1427 1735 1466 circumspectis
1764 1427 1874 1456 taliter
1893 1426 2056 1465 dirigatis,
2079 1428 2114 1456 ut
2137 1426 2280 1465 prompti

1275 1480 1495 1511 inveniamini
1515 1481 1546 1510 et
1566 1480 1673 1518 parati
1690 1480 1728 1509 ad
1755 1488 1793 1509 ea
1817 1487 1880 1518 que
1907 1487 1966 1518 pro
1985 1479 2132 1518 ejusdem
2159 1479 2282 1518 negotii

1273 1534 1491 1573 promotione,
1517 1535 1585 1563 tam
1601 1532 1689 1563 eirca
1711 1531 1900 1562 subsidium
1915 1532 2004 1571 quod
2017 1534 2152 1571 propter
2164 1532 2226 1562 hoc
2247 1532 2280 1562 in

1273 1596 1374 1626 regno
1398 1587 1570 1626 Norxvegie
1594 1587 1636 1617 ad
1662 1595 1798 1625 presens
1823 1586 2001 1625 colligitur,
2017 1588 2061 1625 ,ut
2087 1585 2282 1624 scripsistis,

1272 1649 1372 1680 quam
1389 1640 1488 1671 etiam
1516 1640 1602 1670 circa
1620 1639 1686 1669 alia
1701 1647 1764 1678 que
1779 1639 1896 1678 nipsius
1914 1639 2007 1678 regni
2029 1641 2060 1669 et
2084 1639 2132 1669 rei
2149 1638 2282 1677 publice

1271 1693 1522 1725 christianitatis
1543 1693 1753 1723 commodum
1770 1692 1951 1731 respiciunt
1968 1694 1999 1722 et
2016 1692 2282 1731 p1·0fectum,vos

207 1755 315 1786 dictus
333 1754 546 1794 predecessor
564 1752 685 1784 ΠΟΞῘΕΓ»
700 1749 816 1788 jUSSUS
829 1755 847 1776 a
861 1745 1005 1776 Domino
1019 1743 1160 1782 migrare
1171 1742 1211 1771 de
1238 1763 1241 1804 ,
1274 1747 1469 1778 duxerimus
1487 1746 1715 1785 requirendos
1736 1746 1860 1776 Datum
1877 1745 2033 1779 Viterbii,
2054 1754 2073 1774 v
2091 1745 2167 1775 idus
2181 1745 2280 1783 junii,

202 1808 314 1839 seculo
347 1807 410 1837 isto
445 1813 599 1844 nequam,
619 1802 760 1842 positam
786 1799 942 1830 omnibus
966 1797 1073 1835 legem
1100 1794 1211 1825 fatalis

207 1861 406 1892 conditionis
428 1858 632 1898 impleverat,
650 1853 858 1886 venerabiles
877 1852 995 1882 fratres
1011 1848 1156 1889 episcopi
1179 1849 1210 1879 et

204 1914 316 1945 dilecti
343 1913 405 1943 filii
429 1911 542 1952 [nostri
576 1908 760 1950 presbyteri
787 1908 817 1937 et
840 1904 969 1936 diaconi
1000 1902 1208 1933 sacrosancte

204 1968 355 1999 Romane
383 1965 520 1996 ecclesie
545 1962 742 1995 cardinales,
770 1959 917 1998 predicta
944 1959 1024 1987 tunc
1050 1955 1127 1985 sede
1151 1962 1207 1983 va-

205 2022 310 2055 cante.
324 2017 516 2058 hujusmodi
550 2015 685 2046 nuntios
715 2010 967 2043 honorificentia
997 2017 1063 2047 qua
1085 2007 1205 2042 decuit,

207 2073 428 2106 admittentes,
446 2078 483 2100 ac
508 2067 698 2099 benivolam
724 2063 924 2104 presentiam
949 2063 980 2092 et
1006 2060 1208 2091 audientiam

203 2125 436 2165 impendentes
449 2122 586 2156 eisdem,
598 2120 725 2150 litteras
741 2119 771 2148 et
786 2116 940 2147 mandata
954 2123 1017 2153 que
1033 2113 1209 2144 attulerant

205 2179 355 2210 fecerunt
372 2176 435 2207 sibi
454 2175 605 2215 protinus
617 2171 778 2205 exhiberi,
796 2169 918 2208 quibus
934 2167 1092 2207 inspectis
1107 2168 1209 2196 atten-

206 2232 274 2263 tius
285 2233 314 2262 et
326 2229 511 2269 perpensis,
525 2227 603 2266 quia
619 2225 684 2264 issi
699 2226 776 2254 tnnc
793 2221 942 2261 occupati
954 2221 1040 2251 circa
1054 2221 1210 2250 tractatus
1238 2226 1239 2262 ᾗ

1238 2266 1239 2301 ζ
1275 2266 1419 2295 vestram
1435 2265 1562 2296 etc.,⁴ut
1578 2263 1610 2293 in
1629 2263 1803 2302 superiori.
1830 2275 1844 2288 ιι

204 2285 260 2324 qui
278 2286 356 2314 tunc
379 2283 428 2313 eis
443 2282 482 2312 de
498 2278 733 2311 substitutione
755 2275 897 2307 Romani
914 2273 1081 2313 pontificis
1104 2271 1211 2301 inuni-

203 2337 336 2371 nebant,
353 2344 428 2366 cum
452 2335 579 2365 eisdem
608 2329 877 2370 procuratoribus
893 2328 927 2357 in
950 2326 1106 2357 remediis
1121 2324 1212 2354 adhi-
1238 2335 1239 2338 ¹

205 2390 326 2422 bendis
347 2390 460 2418 contra
476 2388 601 2426 pestem
620 2382 811 2423 hujusmodi
833 2380 1014 2411 efficaciter
1032 2377 1209 2418 proc-edere

204 2442 442 2482 nequiverunt,
468 2439 697 2479 procuratores
723 2438 753 2466 et
784 2434 918 2465 nuntios
937 2433 1039 2472 ipsos,
1067 2439 1106 2461 ne
1130 2439 1209 2461 suos

202 2497 359 2528 dominos
373 2496 427 2525 aut
439 2502 496 2524 eos
511 2501 604 2523 mora
615 2490 768 2530 gravaret
780 2488 919 2526 longior,
934 2485 1143 2517 dimiserunt,
1153 2492 1207 2514 eo-

201 2550 277 2580 dem
306 2557 372 2579 non
404 2546 605 2579 intermisso,
636 2543 694 2574 sed
728 2543 765 2571 ad
797 2539 956 2580 plenioris
983 2537 1210 2568 instructionis

202 2602 383 2632 consilium
403 2599 541 2630 remisso
567 2596 708 2635 negotio,
725 2595 828 2625 donec
852 2592 1000 2632 predicta
1023 2590 1100 2621 sede
1122 2590 1209 2620 ordi-

203 2657 279 2686 nata
288 2655 326 2684 de
335 2652 547 2693 pontificatus
557 2648 729 2689 apostolici
739 2653 941 2679 successore,
954 2644 1211 2681 consequeretur

202 2716 305 2747 super
331 2715 368 2737 eo
393 2703 615 2736 ecclesiastice
644 2699 880 2731 sollicitudinis
900 2696 1058 2728 instantia
1084 2695 1210 2726 exitum
1238 2717 1239 2726 ,

201 2760 431 2799 concupitum.
449 2758 539 2788 Licet
562 2756 662 2795 igitur
679 2762 739 2784 vos
767 2752 902 2782 nuntios
926 2752 956 2781 et
980 2751 1210 2788 procuratores

205 2816 338 2845 vestros
355 2821 371 2851 1*
379 2814 487 2850 ropter
508 2810 569 2840 hoc
586 2808 626 2839 ad
648 2806 828 2847 predictam
847 2804 958 2835 sedem
973 2802 1065 2833 tarde
1081 2801 1208 2831 miseri-
1237 2833 1239 2841 ‚

202 2867 260 2901 tis,
278 2865 366 2905 quod
391 2864 565 2903 opinamur
584 2870 624 2892 ex
646 2859 751 2890 multa
774 2859 921 2888 locorum
941 2855 1110 2888 distantia,
1133 2862 1207 2884 cum

205 2921 239 2951 in
254 2918 383 2950 ultimis
399 2920 483 2947 terre
505 2915 580 2945 sitis
603 2912 774 2944 constituti
786 2910 921 2946 finibus,
939 2908 1128 2947 contigisse,
1148 2914 1208 2937 nos

202 2975 313 3004 tamen
330 2979 414 3010 quos
439 2959 648 3006 omnipotens
674 2965 839 2996 Dominus
863 2963 939 2993 licet
963 2961 1148 2992 immeritos
1167 2959 1206 2989 ad

1271 1809 1358 1832 anno
1375 1801 1494 1839 primo.
1515 1813 1529 1827 »

1876 1945 2000 1976 Viterbe,
2020 1946 2034 1970 9
2048 1944 2112 1980 juin
2134 1945 2209 1971 ηεξ,

1338 1948 1409 1979 103

1311 2031 1381 2065 Regi
1405 2030 1571 2064 Norwegiae
1595 2029 1715 2064 ejusque
1739 2032 1806 2055 nato
1829 2029 1863 2055 de
1886 2029 1985 2056 eodem
2011 2029 2124 2063 negotio
2143 2037 2176 2056 ae
2195 2037 2282 2064 supra

1274 2079 1385 2106 scribit.
1405 2079 1484 2113 (ileo.
1503 2080 1548 2110 26,
1567 2077 1614 2104 sol.
1633 2079 1678 2110 Ἃ,
1697 2082 1729 2104 n⁰
1751 2079 1820 2105 101.)

1317 2157 1389 2193 «IL,
1408 2157 1524 2186 illustri
1543 2157 1608 2196 reyi
1624 2157 1786 2196 Noru'ayie
1807 2162 1834 2186 el
1854 2155 1947 2186 nobili
1963 2157 2027 2186 viro
2043 2157 2099 2193 M„
2117 2163 2187 2187 nato
2205 2158 2280 2197 ejus.

1277 2211 1406 2244 Solium
1423 2210 1598 2250 apostolici
1623 2210 1780 2240 culminis
1804 2212 1864 2240 etc.
1883 2219 1988 2248 usque.
2018 2211 2281 2249 magnitudinem

1342 2424 1411 2456 104
1898 2422 2023 2454 Viterbe,
2040 2424 2054 2447 3
2067 2421 2130 2457 juin
2151 2422 2227 2449 ¹262.

1313 2507 1391 2539 Quod
1406 2507 1486 2534 nullo
1503 2514 1630 2540 unquam
1653 2508 1783 2540 tempore
1797 2505 1940 2537 nominet,
1956 2505 2043 2540 eligat
2061 2505 2105 2532 vel
2121 2506 2282 2533 consentiat

1270 2557 1346 2591 quod
1374 2556 1522 2583 Conradus
1548 2562 1628 2589 puer,
1645 2557 1728 2581 uatus
1745 2554 1888 2589 quondum
1907 2554 2039 2585 Conradi,
2063 2554 2113 2581 filii
2135 2555 2280 2589 quondam

1270 2605 1427 2638 Frederici,
1439 2604 1508 2631 olim
1526 2603 1900 2638 imperatoris,nominetur
1916 2603 1958 2630 vel
1976 2603 2101 2638 eligatur
2115 2604 2151 2630 ad
2169 2603 2279 2638 regiam

1270 2654 1315 2681 vel
1344 2653 1565 2688 imperatoriam
1592 2652 1776 2687 dignitatem.
1805 2651 1877 2678 ltem
1903 2652 1937 2679 de
1961 2652 2062 2679 eodem
2091 2652 2178 2685 infra,
2202 2652 2279 2687 cepi-

1271 2703 1334 2730 tulo
1348 2709 1402 2729 cvii
1415 2702 1433 2728 ¹.
1453 2702 1531 2732 (Bm.
1550 2702 1595 2732 26,
1611 2701 1659 2728 t’ol.
1676 2702 1721 2733 25,
1738 2705 1771 2727 n⁰
1789 2702 1851 2733 io·2;
1869 2701 2007 2728 Ponant
2027 2702 2134 2735 ¹8:³46.)

1311 2807 1494 2837 «..ῐ11ιιειι·ἰ
1516 2806 1581 2846 reyi
1608 2805 1738 2835 Boemie.
1765 2805 1932 2835 Dilectum
1956 2805 2062 2835 filium
2084 2804 2279 2843 magistrum

1271 2861 1422 2895 Petrum,
1443 2859 1653 2898 capellanum
1672 2860 1702 2888 et
1722 2857 1875 2888 nuntium
1897 2859 2002 2892 tuum,
2024 2865 2152 2887 necnon
2168 2858 2200 2886 et
2225 2855 2278 2886 lit-

1302 2967 1320 2989 t.
1341 2965 1377 2989 Ce
1393 2963 1501 2988 resume
1516 2964 1558 2986 est
1571 2961 1662 2986 donne
1675 2968 1708 2985 en
1724 2967 1817 2991 marge
1833 2960 1867 2984 dn
1886 2961 2011 2992 registi-e.
