2547 3289
230 232 287 261 ¹52

227 313 358 342 diocesis,
375 311 421 346 qui
438 311 526 337 bonae
538 308 694 336 memoriae
710 307 840 340 ilenrico,
856 305 989 333 Osilicnsi
1006 305 1151 339 episcopo,
1165 304 1233 330 dum

227 362 343 391 viveret,
370 359 558 394 quadraginta
574 360 599 383 et
622 356 804 390 septuaginta
820 355 932 389 argenti
955 356 983 380 et
999 353 1151 380 duodecim
1171 353 1233 379 auri

227 417 337 435 marcas
355 408 504 438 debebant,
519 408 549 432 ut
566 405 717 440 pecuniam
734 404 826 438 ipsam
837 402 1010 438 persolvantv
1031 402 1168 429 ecclesiae
1184 402 1235 428 lto-

229 465 329 483 manae
344 456 386 482 vel
400 456 502 481 'l'errae
521 456 640 481 Sanctae
664 452 835 480 utilitatibus
858 451 1070 486 applicandam.
1091 451 1172 485 (Rae.
1189 451 1233 481 27,

226 505 273 532 ¹¹01.
298 506 354 535 ¹47,
370 508 401 530 nv
416 504 456 538 3.)

265 609 280 623 «
299 621 304 626 .
324 621 330 626 .
348 595 508 635 preposito
532 599 560 624 et
583 594 694 624 decano
711 591 1001 622 Hildesemensibus.
1031 592 1081 621 Ex
1112 590 1235 621 litteris

225 649 336 680 dilecti
356 649 417 678 tilii
436 648 551 678 fratris
571 647 721 680 Hem-ici,
743 646 824 676 dicti
838 645 878 675 de
896 645 1083 682 Raceburg,
1105 644 1235 673 ordinis

225 702 479 732 Predicatorum
496 700 708 733 Lubicensis,
730 699 828 729 nobis
846 698 990 728 innotuit
1004 697 1105 736 quod,
1123 705 1198 726 cum
1217 705 1235 726 a

226 755 331 786 nobili
350 756 421 784 viro
445 754 565 784 comite
586 753 732 783 Ludulfo
759 753 799 782 de
817 752 981 782 Eversten
999 750 1233 789 quadraginta,

224 820 245 839 a
261 808 479 842 Wollimaro,
493 808 581 837 dicto
594 807 632 837 de
646 805 855 841 Brunswich,
868 805 1080 844 septuaginta
1092 803 1233 842 argenti,

224 872 245 892 a
263 861 409 892 Rodulso
430 861 555 898 Longo,
572 859 731 897 burgensi
754 860 788 889 in
812 859 977 894 Huxaria,
1001 856 1236 887 Padeburnen-

224 915 275 944 sis
307 914 463 947 diocesis,
496 913 671 943 duodecim
705 912 778 942 auri
811 919 935 945 marce,
955 910 1040 940 bone
1072 909 1236 939 memorie

226 968 372 997 Henrico
404 966 567 997 Osiliensi
597 966 767 1004 episcopo,
798 964 876 994 dum
906 963 1044 997 viveret,
1079 961 1237 992 deberen-

226 1022 279 1050 tur
299 1019 306 1037 ¹
327 1044 332 1049 .
356 1043 363 1049 .

227 1126 302 1155 dem
318 1149 323 1154 .

228 1179 290 1209 fuit
307 1178 481 1208 humiliter
509 1177 737 1215 supplicatum
757 1178 793 1206 ut
814 1175 993 1214 pecuniam
1017 1175 1128 1213 ipsam
1147 1173 1236 1212 exigi

229 1232 467 1261 mandaremus
485 1240 521 1260 ac
537 1230 773 1260 ordinaremus
793 1229 832 1258 de
850 1228 920 1264 illa,
941 1228 1028 1258 sicut
1045 1227 1239 1257 videremus

231 1293 290 1322 pro
310 1285 423 1314 anima
444 1283 596 1322 ejusdem
616 1282 766 1321 episcopi
785 1281 955 1320 expedire.
979 1281 1050 1310 Nos
1072 1280 1174 1318 igitur
1200 1280 1239 1309 de

231 1337 424 1367 sinceritate
451 1338 563 1366 vestra
588 1336 622 1365 in
644 1335 790 1365 Domino
810 1334 1026 1369 confidentes,
1044 1333 1239 1363 discretioni
1272 1340 1273 1344 ¹

232 1392 342 1420 vestre
381 1398 440 1428 per
470 1389 653 1427 apostolica
683 1389 810 1426 scripta
843 1387 1043 1417 mandamus
1074 1388 1241 1425 quatenus
1271 1383 1273 1392 ⁴

232 1443 390 1482 prefatos,
408 1445 439 1473 et
458 1442 486 1471 si
505 1442 562 1480 qui
577 1443 654 1471 sunt
673 1441 731 1471 alii
747 1440 942 1479 hujusmodi
957 1439 1097 1478 pecunie
1115 1438 1241 1468 debito-

232 1505 298 1532 res,
319 1496 407 1534 quod
424 1495 599 1534 pecuniam
616 1495 725 1532 ipsam
743 1493 840 1523 vobis
862 1494 934 1523 sine
951 1492 1150 1522 difficultate
1168 1500 1240 1529 per-

232 1548 375 1582 solvant,
396 1546 536 1576 ecclesie
549 1547 700 1576 Romane
710 1545 763 1574 vel
776 1545 878 1574 Terre
891 1544 1010 1574 Sancte
1020 1542 1241 1578 utilitatibus,

227 1600 325 1638 juxta
361 1599 452 1629 sedis
487 1599 670 1637 apostolice
695 1597 956 1636 providentiam,
992 1595 1240 1634 applicandam,

233 1653 416 1683 monitione
445 1652 623 1690 premissa,
663 1659 722 1689 per
754 1658 931 1680 censuram
964 1648 1240 1681 ecclesiasticam,
1274 1671 1275 1682 ,
1380 1678 1384 1683 ,
1822 1678 1827 1682 ,
2144 1677 2148 1682 ,
2215 1677 2221 1681 ,

1274 1690 1275 1708 i
1305 1682 1420 1705 nuntios
1446 1679 1480 1705 ad
1503 1679 1711 1705 construendas
1732 1678 1882 1705 machmas
1911 1680 2061 1712 ceteraque
2083 1677 2185 1704 bellica
2214 1679 2319 1704 instru-

1274 1754 1275 1757 ,
1305 1730 1413 1754 menta.
1432 1728 1511 1762 (lim.
1529 1728 1574 1758 ⁶27,
1593 1727 1641 1754 sol.
1663 1728 1709 1754 ¹47
1728 1734 1765 1759 νο,
1780 1732 1811 1754 n⁰
1827 1728 1867 1761 2.)

230 1705 457 1745 appellatione
486 1706 626 1739 remota,
647 1704 786 1742 cogatis,
807 1711 912 1741 eaque
931 1704 1077 1740 recepta,
1098 1701 1193 1731 illam
1208 1701 1243 1730 in

231 1759 331 1789 domo
362 1758 504 1788 fratrum
535 1757 789 1787 Predicatorum
819 1755 1145 1790 Hildesemensium,
1181 1753 1243 1783 sul]

233 1812 426 1843 testimonio
448 1811 647 1841 dilectorum
667 1810 814 1840 filiorum
837 1832 857 1838 ..
882 1808 1008 1848 prioris
1029 1807 1150 1838 domus
1170 1815 1243 1845 pre-

233 1865 319 1896 dicte
332 1866 363 1895 et
376 1889 395 1895 ..
406 1864 583 1903 guardiani
597 1863 740 1893 fratrum
750 1863 919 1892 Minorum
931 1860 1245 1891 Hildesemensium

233 1918 400 1956 deponere
418 1917 617 1956 procuretis,
636 1916 677 1946 ad
693 1915 889 1945 mandatum
915 1915 1070 1944 nostrum
1093 1922 1153 1952 pro
1172 1921 1244 1951 pre-

234 1971 401 2001 dictarum
432 1970 573 2000 ecclesie
605 1978 664 1999 seu
690 1970 778 1999 terre
812 1966 1072 1998 necessitatibus
1102 1966 1246 1996 fideliter

234 2023 511 2054 conservandam.
531 2022 619 2057 Quid
649 2023 681 2052 et
709 2023 871 2060 quantum
889 2022 919 2050 et
938 2019 1071 2058 quando
1091 2019 1130 2049 de
1150 2027 1247 2057 pecu-

235 2078 291 2107 nia
308 2078 383 2115 Ipsa
398 2076 595 2115 receperitis
610 2076 642 2105 et
658 2075 827 2105 duxeritis
848 2073 1084 2112 deponendum
1103 2081 1139 2102 ac
1156 2073 1247 2111 quic-

234 2130 411 2170 quidinde
440 2129 600 2165 feceritis
633 2137 692 2167 per
711 2128 864 2166 patentes
883 2126 1027 2162 litteraS,
1059 2125 1185 2155 vestris
1214 2126 1247 2155 et

235 2182 429 2214 eorumdem
443 2182 568 2221 prioris
588 2183 619 2212 et
637 2180 815 2220 guardiani
829 2181 980 2218 signatas
994 2179 1132 2218 sigillis,
1150 2177 1248 2207 nobis

236 2236 444 2275 quamtotius
458 2235 667 2273 rescripturi.
684 2234 780 2270 Quod
798 2234 904 2263 sinon
919 2231 1029 2268 ambo,
1045 2234 1106 2262 etc.
1124 2231 1248 2262 Datum

236 2289 325 2328 apud
343 2288 629 2324 Urbemveterem,
650 2296 680 2317 xi
702 2286 864 2317 kalendas
880 2285 980 2325 junii,
997 2293 1083 2315 anno
1103 2284 1249 2315 tertio.»
1279 2288 1280 2305 ³

823 2451 949 2483 Orvieto,
966 2452 1001 2477 ‘22
1021 2451 1079 2477 mai
1098 2451 1176 2478 1264.

274 2532 366 2560 Fratri
386 2532 515 2562 ilenrico,
529 2532 606 2559 dicto
620 2532 777 2567 ltaceburg,
789 2531 897 2558 ordinis
914 2530 1160 2561 l’raedicatorum,
1172 2538 1252 2557 man-
1282 2556 1283 2560 ,

238 2583 287 2609 dat
305 2584 443 2616 quatenus
461 2580 624 2616 praeposito
639 2583 667 2608 et
683 2581 789 2608 decano
810 2579 1073 2606 Hildesemensibus
1092 2579 1119 2605 in
1136 2578 1251 2613 negotio
1282 2606 1283 2617 ¹

1313 2623 1545 2657 consueverat,
1560 2622 1714 2659 potenter
1733 2620 1920 2659 ingressus,
1941 2620 2064 2659 positis
2079 2620 2113 2650 in
2127 2619 2244 2650 eodem
2263 2621 2327 2650 ter-

239 2630 428 2658 hacreditatis
446 2629 571 2664 episcopi
587 2629 910 2661 osiliensis,*consilium
921 2630 1047 2663 praestet
1063 2630 1091 2654 et
1103 2627 1250 2663 juvamen.

241 2679 321 2714 (Rae⁴
340 2680 384 2711 27,
401 2678 450 2705 sol.
470 2680 518 2706 147
533 2682 574 2708 νῦ,
593 2683 622 2704 n⁰
640 2678 676 2713 l.)

284 2776 299 2792 «
319 2764 425 2794 Fratri
441 2763 574 2793 Henrico
597 2763 677 2793 dicto
694 2762 864 2801 Raceburq,
884 2760 1000 2791 ordinis
1018 2760 1253 2790 predicatorum

244 2818 428 2848 Lubicensis.
445 2818 496 2848 Ex
516 2818 610 2856 parte
629 2818 687 2847 tua
714 2825 775 2855 per
793 2815 953 2846 dilectum
978 2813 1087 2844 filium
1115 2814 1252 2845 fratrem

278 2903 301 2925 ἱ.
322 2901 362 2925 La
382 2907 453 2932 page
471 2900 507 2925 du
525 2900 646 2931 registro
661 2901 703 2924 est
720 2897 930 2929 endommagee.

1026 221 1253 253 REGISTRE
1277 213 1490 251 CAMERAL

1264 332 1265 345 ¹
1294 304 1490 338 Martinam,
1518 303 1794 342 penitentiarium
1817 304 1983 339 nostrum,
2005 303 2067 333 fuit
2086 302 2184 333 nobis
2196 303 2306 333 humi-

1294 356 1373 387 liter
1390 357 1618 396 supplicatum
1655 358 1702 393 ut,
1736 365 1811 386 cum
1828 355 1914 386 hone
1932 356 2096 386 memorie
2123 356 2305 390 Henricus,

1295 410 1479 440 Osiliensis
1497 410 1688 448 episcopus,
1707 409 1871 448 quasdam
1886 409 1959 438 auri
1977 411 2009 439 et
2025 409 2154 447 argenti
2174 409 2308 447 quanti-

1294 463 1393 498 tates,
1409 471 1472 501 que
1492 462 1557 492 sibi
1576 472 1594 492 a
1611 462 1756 491 diversis
1770 461 1939 501 personis,
1953 461 2032 491 dum
2052 461 2191 498 viveret,
2210 460 2308 491 debe-

1294 513 1428 551 bantur,
1437 523 1496 554 per
1506 523 1626 545 manus
1638 517 1714 544 tuas
1724 514 1757 544 in
1766 514 1840 552 pios
1848 513 2150 543 ususmandaverit
2162 513 2306 552 erogari,

1265 576 1266 579 ’
1295 568 1472 606 pecuniam
1501 568 1609 606 ipsam
1627 568 1716 605 exigi
1738 567 1977 597 mandaremus
1993 568 2023 597 et
2048 566 2308 604 disponeremus

1295 620 1335 650 de
1353 620 1423 657 illa,
1443 621 1529 651 sicut
1547 621 1739 651 videremus
1759 629 1820 659 pro
1837 620 1951 649 anima
1980 619 2132 658 ejusdem
2158 618 2308 657 episcopi

1295 673 1466 712 expedire.
1486 674 1569 704 Cum
1597 675 1701 713 igitur
1729 682 1830 712 super
1847 673 2022 702 exactione
2040 672 2150 710 ipsius
2165 672 2307 710 pecunie

1295 726 1427 756 litteras
1444 729 1578 757 nostras
1594 727 1627 757 in
1641 726 1764 765 quibus
1776 728 1807 756 et:
1824 725 2030 764 quantitates
2044 725 2184 764 pecunie
2202 726 2233 754 et
2254 733 2310 754 no-

1296 779 1388 809 mina
1403 780 1615 818 expriminus
1634 779 1836 815 debitorum,
1863 778 1985 808 dilecto
2002 777 2073 807 filio
2090 801 2110 806 ..
2135 777 2309 816 preposito

1296 834 1328 862 et
1349 856 1368 862 ..
1393 833 1519 863 decano
1538 832 1858 863 Hildesemensibus
1881 832 2081 870 dirigamus,
2110 830 2310 861 discretioni

1266 903 1267 913 i
1296 887 1353 915 tue
1377 894 1437 924 per
1457 886 1644 924 apostolica
1673 887 1799 924 scripta
1828 886 2028 915 mandamus
2050 886 2219 923 quatenus
2235 891 2310 922 pre-

1266 950 1267 956 *
1298 938 1385 968 fatos
1402 939 1612 977 prepositum
1623 940 1655 969 et
1669 939 1833 969 decanum
1852 938 2037 968 sollicitare
2047 946 2208 976 procures
2219 936 2311 976 quod

413 1018 608 1057 capellanus
637 1017 745 1048 suerat
771 1016 919 1055 prefatas
941 1016 1013 1046 auri
1045 1017 1076 1045 et
1107 1014 1236 1053 argenti
1266 1000 1267 1006 ¹
1297 991 1493 1021 mandatum
1510 994 1663 1022 nostrum
1681 1001 1782 1030 super
1799 991 1860 1021 hoc
1878 991 2058 1030 diligenter
2077 992 2107 1020 et
2127 990 2311 1020 efficaciter

226 1072 433 1111 quantitates
454 1072 487 1101 in
512 1071 633 1101 ultima
651 1080 711 1100 sua
730 1069 901 1100 voluntate
921 1077 980 1107 per
1006 1076 1127 1098 manns
1149 1067 1236 1106 ejus·
1267 1066 1268 1091 ἶ
1297 1046 1518 1083 exequantur’
1539 1053 1656 1083 ‘nsque
1673 1045 1712 1074 ad
1732 1046 2022 1083 recuperanonem
2041 1051 2150 1082 ¹p⁵¹us
2169 1051 2310 1081 pecuale

346 1149 352 1155 .
374 1150 378 1154 .
397 1124 579 1155 mandavit.
591 1124 686 1154 Unde
701 1123 809 1157 nohis,
826 1124 970 1160 exparte
986 1122 1096 1160 ipsius
1110 1121 1235 1156 fratris,
1268 1140 1269 1143 =

1298 1097 1474 1135 impendas
1493 1106 1590 1128 omne
1612 1097 1702 1136 quod
1724 1097 1852 1136 poteris
1874 1097 2056 1127 consilium
2083 1099 2112 1127 et
2136 1096 2308 1135 juvamen.

1298 1151 1369 1181 Nos
1387 1151 1476 1180 enim
1493 1151 1533 1181 de
1547 1151 1719 1189 expensis,
1739 1151 1767 1180 si
1785 1159 1870 1189 quas
1886 1159 1946 1189 pro
1964 1149 2158 1188 hujusmodl
2177 1149 2311 1188 negotio

1269 1225 1270 1234 ,
1300 1203 1409 1234 facere
1426 1206 1456 1234 te
1475 1205 1656 1242 continget,
1676 1204 1836 1234 satisfieri
1854 1203 1915 1233 tibi
1932 1203 2090 1233 volumus
2111 1202 2151 1231 de
2168 1202 2313 1240 pecunia

1301 1257 1506 1295 supradicta.
1525 1257 1649 1287 Datum
1670 1259 1703 1287 ut
1720 1266 1833 1296 supra.
1854 1267 1868 1285 »

1391 1449 1465 1480 504
1883 1447 2012 1483 [Orvietos
2030 1448 2064 1474 29
2081 1447 2142 1482 juin
2167 1448 2242 1474 ¹264.

1337 1533 1442 1559 Jacobo
1460 1532 1612 1562 Cantelmi,
1632 1532 1738 1559 vicario
1760 1532 1787 1558 in
1805 1532 1879 1559 L'rhe
1896 1531 1991 1559 Caroli
2007 1531 2189 1566 Andegaviae
2206 1534 2234 1558 et
2252 1531 2319 1558 Pro·

1272 1596 1273 1602 κ
1303 1581 1414 1608 vinciae
1429 1581 1555 1613 comitis,
1572 1581 1713 1608 senatoris
1734 1581 1828 1611 Urbis,
1845 1580 2006 1615 gratulatur
2021 1581 2097 1615 quod
2112 1579 2248 1615 populum
2266 1580 2318 1606 Ro-

1303 1638 1423 1656 manum
1449 1629 1560 1656 duxerit
1585 1629 1614 1656 in
1630 1629 1809 1656 territorium
1837 1629 1915 1656 Petri
1932 1630 1966 1656 de
1985 1629 2064 1660 Vico,
2093 1629 2174 1663 eique
2200 1629 2317 1655 mandat

1347 1838 1361 1854 «
1381 1826 1485 1857 Nobili
1510 1827 1575 1856 viro
1597 1826 1710 1856 Jacobo
1739 1825 1900 1863 Cantelmi,
1920 1827 2036 1855 vicario
2057 1826 2087 1855 in
2108 1825 2187 1856 erbe
2211 1824 2320 1856 dilecti

1275 1901 1276 1904 η
1305 1878 1366 1918 filii
1383 1877 1492 1907 nobilis
1501 1879 1562 1907 viri
1575 1877 1694 1914 Caroli,
1715 1878 1738 1907 Α
1746 1877 1892 1918 ndeyarie
1907 1887 1941 1907 ac
1956 1878 2118 1907 Provincie
2134 1878 2263 1914 comitis,
2275 1887 2320 1907 se-

1306 1932 1424 1960 natoris
1443 1930 1544 1960 Urbis.
1557 1931 1637 1966 Fili,
1647 1931 1834 1969 gaudemus
1849 1931 1882 1960 in
1892 1930 2038 1961 Domino
2053 1931 2151 1969 eique
2165 1931 2321 1969 copiosas

1307 1985 1493 2023 gratiarum
1527 1984 1720 2014 exolvimus
1755 1984 1906 2013 actiones
1937 1992 1997 2022 pro
2029 1992 2068 2014 eo
2100 1983 2189 2022 quod
2221 1983 2321 2014 eorda

1308 2038 1453 2068 Romani
1468 2037 1584 2076 populi
1600 2037 1646 2066 sic
1665 2037 1871 2067 unanimiter
1883 2038 1913 2066 et
1933 2036 2141 2067 concorditer
2155 2036 2196 2066 ad
2206 2038 2321 2066 nostra

1309 2092 1340 2121 et
1360 2091 1510 2120 Romane
1535 2089 1656 2119 matris
1672 2089 1813 2119 ecclesie
1830 2090 1908 2119 vota
1923 2089 2100 2125 convertit,
2122 2089 2211 2127 quod
2231 2088 2321 2119 idem

1309 2143 1468 2182 populus,
1483 2142 1545 2172 sub
1557 2144 1614 2172 tuo
1633 2142 1786 2172 studioso
1805 2142 1927 2172 ducatu
1943 2143 1975 2172 et
1991 2142 2133 2172 dominii
2149 2142 2198 2172 tui
2216 2141 2323 2181 signis

1310 2196 1480 2230 felicibus,
1502 2196 1542 2226 ad
1561 2195 1830 2234 prosequendam
1856 2196 1887 2225 ct
1905 2195 2142 2225 vindicandam
2162 2195 2322 2233 injuriam

1310 2250 1421 2289 ipsius
1436 2249 1589 2282 ecclesie,
1602 2251 1716 2279 contra
1727 2249 1824 2278 illum
1839 2248 2004 2287 perfidum
2019 2248 2171 2287 ejusdem
2182 2248 2324 2279 ecclesie

1310 2303 1529 2342 proditorem,
1551 2301 1709 2332 videlicet-
1729 2302 1867 2331 Petrum
1895 2301 1934 2331 de
1960 2301 2055 2335 Vico.
2081 2304 2196 2332 contra
2223 2310 2325 2340 quem

1312 2356 1537 2396 spiritualiter
1554 2356 1585 2385 et
1606 2355 1850 2393 temporaliter,
1869 2354 2023 2393 exigente
2046 2363 2107 2385 sua
2132 2354 2324 2393 iniquitate,

1280 2414 1281 2437 ζ
1311 2410 1554 2449 processimus,
1596 2408 1785 2439 comuniter
1824 2410 1855 2438 et
1895 2407 2136 2438 universaliter
2173 2408 2325 2438 exercitu

1280 2501 1281 2506 1
1312 2464 1524 2502 congregato,
1545 2461 1742 2501 procedens,
1764 2461 1973 2491 territorium
1994 2461 2096 2491 castri
2113 2461 2153 2491 de
2174 2461 2269 2497 Vico,
2290 2461 2326 2490 in

1313 2525 1378 2555 quo
1395 2516 1513 2554 utique
1531 2516 1639 2545 castro
1663 2514 1753 2544 idem
1771 2514 1923 2552 proditor
1940 2513 2170 2553 proditionum
2201 2515 2234 2544 et-
2262 2513 2326 2544 ini-

1313 2569 1482 2608 quitatum
1501 2575 1640 2598 suarum
1659 2567 1745 2597 telas
1763 2569 1878 2597 contra
1897 2567 2075 2597 ecclesiam
2093 2567 2201 2606 ipsam
2221 2566 2327 2597 ordiri

1313 2675 1430 2706 ritorio
1456 2673 1653 2704 victricibus
1686 2674 1807 2703 castris
1841 2674 1925 2708 suis,
1958 2675 2106 2703 castrum
2132 2673 2256 2711 ipsum,
2285 2671 2327 2702 ad

1314 2728 1555 2767 persuasiones
1572 2728 1604 2757 et
1614 2735 1730 2766 preces
1749 2729 1894 2760 nostras,
1906 2725 2012 2756 nobili
2030 2725 2206 2756 obsidione
2223 2724 2327 2755 valla-

1314 2781 1374 2810 vit.
1386 2780 1492 2810 Tuam
1501 2787 1634 2818 quoque
1645 2778 1923 2814 sollicitudinem,
1935 2787 2033 2817 quam
2041 2778 2082 2808 ad
2091 2777 2327 2808 attrahendum

1315 2836 1345 2864 et
1374 2832 1600 2863 inducendum
1624 2832 1812 2871 predictum
1842 2831 2005 2871 populum
2036 2831 2076 2861 ad
2105 2830 2266 2861 honorem
2295 2832 2328 2862 et

1315 2886 1441 2917 bonum
1459 2885 1569 2925 ipsius
1585 2885 1725 2915 ecclesie
1747 2885 1779 2915 in
1798 2884 1992 2924 hujiismodi
2008 2883 2153 2923 negotio,
2169 2883 2259 2923 quod
2276 2885 2328 2914 est
