2547 3289
282 283 343 313 452

283 374 301 395 »
318 366 402 401 dire,
417 364 458 395 ab
476 364 600 394 eisdem
612 362 762 393 Johanne
778 363 809 392 et
824 361 970 391 Henrico
985 361 1019 391 in
1035 369 1114 391 suas
1129 361 1161 391 et
1174 369 1192 390 a
1205 361 1294 390 dieto

284 427 301 448 »
318 418 470 449 Guidone
482 417 699 455 procuratore
713 415 793 445 dicti
807 417 990 444 conventus
1005 414 1038 443 in
1052 414 1205 452 ipsorum
1220 421 1295 444 con-

284 480 300 501 »
318 474 437 501 ventus
446 470 587 503 animas,
599 468 751 507 prestitis
764 467 1196 506 corporaliterJ'uramentis
1206 466 1295 505 quod

283 531 300 553 »
316 523 429 553 omnia
441 523 473 552 et
487 521 623 560 singula
636 521 669 550 in
683 520 844 559 predictis
857 521 889 550 et
903 520 991 550 circa
1006 519 1156 559 predicta
1169 528 1205 549 ac
1222 527 1295 558 per-

283 584 299 605 »
317 575 456 606 tinentia
471 574 511 605 ad
530 582 568 604 ea
583 574 684 604 iidem
703 573 831 603 domini
849 573 1038 603 cardinales
1051 572 1292 606 ordinaverint.

282 637 299 657 »
317 628 507 664 statuerint,
533 627 752 665 providerint,
776 626 1023 662 mandaverint,
1048 625 1203 656 arbitrati
1228 625 1296 655 fue-

282 689 299 709 »
315 681 393 717 rint,
414 679 709 719 pronuntiaverint
728 680 759 710 et
777 678 988 714 diffinierint,
1008 678 1222 709 inviolabiter
1240 677 1295 708 oh—

282 741 300 762 »
316 732 508 766 servabunt,
524 734 556 762 et
567 732 655 771 quod
671 733 786 762 contra
802 740 840 761 ea
853 732 905 761 vel
923 731 1051 770 aliquid
1070 732 1220 770 ipsorum
1236 739 1296 770 per

285 796 299 814 η
318 794 353 816 se
363 786 415 815 vel
427 793 486 824 per
495 785 600 815 alium
610 793 677 814 non
687 785 822 814 venient
837 784 870 813 in
886 784 1049 817 futurum,
1062 784 1295 814 renuntiantes

283 847 300 867 »
318 838 358 868 ad
372 839 516 868 invicem
535 838 567 867 in
585 837 652 867 hiis
668 837 826 868 omnibus
843 838 874 867 et
893 837 1050 876 singulis,
1065 837 1156 867 omni
1178 845 1296 876 excep—

284 900 300 920 »
316 892 399 921 tioni
420 891 487 921 doli
507 892 539 922 et
558 891 699 927 fraudis,
722 890 884 921 beneficio
907 891 1136 921 restitutionis
1159 890 1193 920 in
1212 890 1294 921 inte-

284 954 300 974 »
315 954 423 984 grum,
445 944 679 975 constitutioni
698 944 738 974 de
759 943 890 974 duabus
912 943 1014 974 dietis
1039 943 1175 974 concilii
1198 952 1295 983 gene—

284 1007 301 1027 »
316 998 399 1028 ralis
418 997 643 1036 omnibusque
662 997 860 1035 apostolicis
877 997 1002 1027 litteris
1015 998 1130 1027 contra
1146 997 1297 1035 predicta

284 1059 301 1080 »
319 1051 509 1089 impetratis
522 1052 554 1081 et
568 1050 802 1089 impetrandis,
815 1058 852 1080 ac
864 1050 955 1080 omni
971 1050 1126 1089 aliijuris
1139 1052 1171 1080 et
1183 1050 1296 1089 legum

284 1112 302 1133 »
318 1103 445 1134 auxilio
462 1103 550 1142 quod
563 1105 677 1142 posset
696 1103 783 1133 obici
811 1105 927 1133 contra
948 1103 1009 1133 hoc
1030 1102 1295 1134 instrumentum

285 1165 302 1185 »
319 1156 371 1187 hic
387 1156 522 1187 factum.
538 1156 659 1187 Actum
673 1156 761 1195 apud
776 1156 1066 1193 Urbemveterem,
1079 1155 1296 1195 presentibus

284 1209 385 1239 »hiis
407 1209 564 1243 testibus,
593 1208 751 1239 videlieet
772 1208 1026 1239 venerabilibus
1049 1209 1133 1239 viris
1160 1209 1296 1240 domino

286 1268 302 1289 »
319 1261 479 1291 Durando
499 1261 538 1291 de
555 1260 706 1291 Palvello
722 1262 857 1291 cantore
876 1261 1036 1297 Eduensi,
1055 1261 1217 1300 magistro
1236 1262 1295 1292 Fe-

287 1324 300 1341 »
318 1313 381 1343 lice
401 1314 440 1344 de
461 1314 576 1344 Trecis
596 1313 747 1352 physico,
767 1314 929 1352 magistro
947 1314 1108 1344 Gualtero
1128 1315 1294 1345 Bursaut¹

286 1377 301 1395 i>
319 1367 479 1397 canonis-0
492 1367 664 1402 ΤΙ-8001131,
677 1367 839 1405 magistro
855 1367 994 1397 Nicolao
1008 1367 1047 1397 de
1064 1367 1201 1406 Vignoit
1216 1367 1298 1406 phy-

285 1428 301 1448 »
320 1420 400 1455 sico,
420 1420 604 1458 capellanis
626 1420 810 1458 supradicti
831 1420 959 1450 domini
978 1420 1135 1456 Ancheri,
1159 1421 1296 1450 domino

285 1481 301 1500 »
318 1472 454 1502 Joberto
479 1472 603 1502 decano
630 1473 822 1502 Rosetensi.
853 1474 883 1502 et
909 1473 1071 1511 magistro
1098 1472 1295 1503 Constantio

284 1535 299 1553 u
318 1525 476 1555 canonico
498 1525 773 1563 Catbalaunensi,
791 1526 976 1564 capellanis
1001 1526 1142 1564 predicti
1167 1526 1296 1556 domini

284 1587 300 1607 »
317 1578 503 1612 GuiHelmi,
535 1578 663 1608 vocatis
697 1580 727 1609 et
762 1578 900 1617 rogatis,
940 1579 1002 1609 sub
1038 1588 1124 1609 anno
1156 1580 1295 1609 Domini

285 1642 299 1660 ›)
315 1631 555 1668 MCCLXIII,
576 1631 759 1661 indictione
778 1632 852 1667 VII,
872 1640 988 1662 mense
1015 1632 1215 1668 decembris,
1241 1633 1295 1663 die

284 1695 299 1713 »
317 1684 417 1714 tertia
435 1684 575 1717 decima,
588 1685 804 1723 pontificatus
818 1685 946 1715 domini
964 1685 1091 1716 Urbani
1111 1694 1196 1724 pape
1215 1686 1292 1723 IIII,

284 1747 300 1766 »
318 1745 404 1767 anno
420 1738 531 1768 tertio.
554 1738 595 1768 Et
620 1745 680 1776 ego
700 1737 908 1768 Guillelmus
926 1738 1070 1775 Nicolai,
1096 1739 1294 1770 auctoritate

283 1799 300 1819 »
318 1793 431 1820 sancte
446 1791 598 1821 Romane
614 1791 764 1821 Ecclesie
784 1791 947 1828 notarius,
966 1792 1128 1830 predictis
1146 1801 1295 1831 compro-

284 1844 421 1874 »misso
440 1846 471 1874 et
489 1844 566 1874 aliis
586 1844 724 1874 interfui
742 1846 785 1880 et,
800 1847 836 1874 ut
852 1853 954 1883 supra
970 1845 1048 1884 legi,
1068 1845 1107 1876 de
1123 1846 1295 1877 voluntate

284 1906 301 1926 »
318 1898 465 1936 partium
483 1898 710 1936 predictarum
725 1899 845 1937 scripsi
864 1900 893 1929 et
916 1899 948 1929 in
966 1899 1134 1938 publicam
1153 1900 1294 1931 formam

287 1961 301 1979 υ
319 1950 430 1988 redegi
447 1959 588 1989 meoque.
606 1951 701 1989 signo
719 1952 850 1989 signavi
870 1954 1017 1991 rogatus,
1038 1954 1099 1983 etc.
1121 1963 1135 1982 »

323 2003 416 2032 Nulli
441 2012 531 2041 ergo,
550 2005 612 2033 etc.
644 2004 767 2034 Datum
793 2005 879 2043 apud
905 2005 1194 2042 Urbemveterem,
1226 2016 1293 2036 vini

284 2055 446 2085 kalendas
460 2056 618 2095 januarii,
640 2065 726 2086 anno
746 2057 856 2087 tertio.
880 2069 893 2083 »

373 2202 445 2233 954
782 2201 905 2233 Orvioto,
922 2204 955 2229 20
971 2204 1122 2230 ‹i‹‡·ceiiibre
1146 2204 1221 2230 1203.

321 2271 512 2305 lnfrasuriptis
529 2272 686 2299 committit
711 2272 830 2306 praefati
858 2273 963 2308 negotii
984 2274 1191 2301 executionem.
1212 2276 1290 2309 (nm.

284 2320 329 2354 29,
346 2320 394 2346 sol.
414 2322 430 2347 2
443 2327 482 2351 νῦ,
499 2326 528 2346 11⁰
541 2322 581 2355 2.)

324 2411 336 2425 «
349 2399 372 2427 A
380 2398 462 2428 blmti
475 2409 499 2429 s.
510 2398 746 2439 Prejectiju.rla
760 2409 784 2428 s.
801 2400 989 2437 Οιιὶηιίηιιηι,
1004 2401 1213 2432 noviomensis
1226 2403 1291 2434 dio-

284 2452 366 2487 cesis,
382 2457 407 2480 et
426 2451 528 2481 Gilonz'
550 2452 629 2482 dicto
648 2453 791 2489 Lesiart,
810 2454 954 2483 canonico
970 2454 1175 2486 Laudunensi.
1201 2457 1293 2488 Inter
1323 2466 1324 2490 ζ
1354 2479 1441 2509 infra
1460 2481 1531 2509 tres
1549 2486 1684 2508 menses
1704 2480 1780 2516 post
1804 2478 2000 2508 citationem
2021 2486 2115 2508 <uam
2147 2478 2250 2508 iidem
2274 2479 2368 2517 prior

283 2504 424 2535 dilectos
442 2505 530 2535 lilios
546 2523 594 2534 -.
616 2506 740 2537 Datum
764 2506 850 2544 apud
867 2507 1156 2544 Urbemveterem,
1174 2519 1216 2539 vn
1236 2511 1292 2541 ka-

282 2557 400 2588 lendas
414 2558 573 2595 januarii,
592 2567 679 2589 anno
695 2559 807 2590 tertio.
827 2569 842 2588 »

371 2704 444 2735 955

316 2772 353 2798 De
376 2772 554 2799 ordinatione
580 2781 665 2807 supra
696 2774 724 2800 in
747 2774 872 2808 capitulo
887 2774 941 2802 953
956 2778 1101 2807 contenta,
1116 2776 1289 2809 Jobaunem,

280 2820 423 2854 quondam
441 2820 565 2855 priorem
589 2822 622 2848 dc
639 2821 854 2853 Monte-Aemo,
874 2823 1025 2850 certiorem
1049 2823 1129 2851 facit.
1146 2825 1224 2858 (lino.
1244 2827 1289 2858 29,

282 2869 329 2895 i‘ol.
348 2870 375 2902 3,
394 2874 423 2895 n⁰
441 2870 480 2901 3.)

776 2705 899 2738 Orvieto,
917 2706 951 2732 24
967 2706 1119 2733 decembre
1143 2707 1216 2735 12⁶3.

312 2960 334 2982 l.
353 2958 394 2982 On
415 2961 479 2989 pout
494 2958 546 2983 lire
562 2959 674 2983 lim-sunt
692 2966 727 2983 ou
746 2960 867 2985 Bursam.

1031 276 1275 308 REGISTRES
1309 276 1526 308 D'URBAIN
1556 277 1614 307 IV.

1396 372 1412 387 α
1429 360 1577 396 Johanni,
1603 361 1754 401 quondam
1777 363 1877 402 priori
1899 362 1935 392 de
1963 362 2191 398 Monte-Acuta,
2222 365 2367 394 monacho

1355 412 1473 443 ordinis
1495 415 1594 444 sancti
1620 414 1792 451 Benedicti,
1818 415 2027 445 Laudunensis
2054 416 2190 446 diocesis.
2219 417 2313 447 Licet
2330 426 2368 447 ea

1356 475 1420 505 que
1445 483 1494 497 —.
1524 467 1648 498 Datum
1675 469 1764 507 apud
1788 469 2078 501 Urbemveterern,
2102 479 2174 499 viui
2205 470 2367 500 kalendas

1353 519 1513 558 januarii,
1534 529 1620 550 anno
1637 522 1749 552 tertio.
1775 532 1790 551 »

1849 689 1973 719 Orvieto,
1992 690 2027 716 25
2042 690 2194 716 decembre
2215 690 2292 717 1203.

1445 691 1519 721 956

1392 771 1587 806 infrascriptis
1602 772 1719 798 mandat
1734 774 1876 806 quatenus
1892 772 2070 806 praedi-mun
2087 771 2245 798 iohannem
2265 772 2292 798 in
2305 780 2368 806 pos-

1356 820 1515 847 sessionem
1538 820 1700 855 praedictae
1727 821 1828 847 domus
1844 821 1878 846 de
1904 821 2031 855 Cboogni
2057 820 2202 847 inducant.
2225 821 2304 849 (nm.
2322 821 2368 853 29,

1357 869 1406 896 fol.
1425 869 1453 900 3,
1470 875 1500 896 n⁰
1513 870 1554 901 4.)

1397 981 1412 999 (ι
1435 994 1459 1000 ..
1480 980 1504 1000 s.
1528 969 1679 999 Vincenliz'
1696 974 1723 998 et
1744 980 1766 998 s.
1783 969 1934 999 Johannis
1954 969 2199 1000 Δαμιίιιιινηεὶιιηι
2224 976 2369 1000 monaste·

1355 1025 1471 1053 riorum
1496 1022 1663 1052 abbatibus.
1687 1023 1780 1053 Inter
1795 1023 1939 1053 dilectos
1956 1023 2045 1052 lilios
2059 1042 2106 1051 —.
2135 1023 2259 1054 Datum
2279 1024 2368 1063 apud

1357 1075 1646 1113 Urbemveterem,
1667 1085 1724 1105 v1u
1746 1076 1908 1106 kalendas
1924 1076 2083 1113 januarii,
2109 1085 2195 1106 anno
2215 1077 2326 1106 tertio.
2352 1086 2369 1106 »

1445 1245 1517 1276 957
1853 1243 1978 1273 orvieto,
1997 1244 2031 1269 20
2045 1243 2196 1269 ‹i·‘··-e1nbre
2218 1244 2294 1271 1263.

1391 1329 1527 1363 Gregorio
1541 1329 1574 1355 de
1591 1328 1745 1355 Londoniis
1760 1328 1954 1362 provisionem
1971 1337 2095 1355 annuam
2112 1329 2274 1363 quindecim
2294 1338 2370 1356 mar·

1357 1386 1455 1405 carum
1476 1377 1683 1412 sterlingorum
1698 1377 1839 1412 assignat²
1856 1386 1871 1404 a
1892 1377 1978 1412 priori
1998 1382 2022 1404 ei
2041 1382 2182 1405 conventu
2201 1378 2370 1405 monasterii

1356 1428 1390 1454 de
1409 1427 1666 1461 Beremundeseya,
1695 1426 1892 1452 Cluuius-ensis
1909 1426 2028 1453 ordinis.
2056 1427 2263 1453 Wintoniensis
2278 1427 2370 1454 dioce-

1357 1475 1407 1506 sis,
1426 1484 1482 1502 non
1504 1475 1636 1502 obstante
1649 1475 1779 1511 ejusdem
1797 1476 1899 1509 prioris
1918 1476 2110 1502 contumacia.
2136 1477 2369 1509 permira-udam.

1357 1525 1435 1559 (Res.
1456 1525 1499 1555 29,
1518 1524 1568 1551 sol.
1585 1526 1613 1557 3,
1630 1530 1660 1551 n⁰
1679 1526 1717 1554 5.)

1398 1640 1413 1655 «
1431 1628 1578 1668 Gregorio
1601 1627 1637 1657 de
1655 1627 1818 1657 Londom'is
1842 1627 1931 1663 laico,
1946 1628 2105 1665 familiari
2124 1633 2238 1658 nostro.
2259 1629 2370 1659 Justis

1355 1682 1543 1722 petentium
1556 1681 1737 1712 desideriis
1755 1683 1817 1712 etc.
1836 1681 1995 1711 Exhibita
2014 1681 2183 1719 siquidem
2201 1680 2299 1711 nobis
2312 1683 2370 1712 tua

1355 1736 1474 1775 petitio
1494 1735 1685 1766 continebat
1708 1735 1797 1774 quod
1819 1734 1929 1765 felicis
1956 1735 2200 1765 reeordationis
2223 1735 2371 1765 Alexan—

1356 1789 1522 1828 derpapa,
1537 1789 1756 1827 predecessor
1771 1790 1896 1823 noster,
1918 1813 1940 1819 ..
1961 1789 2086 1819 decano
2103 1789 2244 1819 ecclesie
2262 1788 2371 1819 sancti

1356 1841 1454 1871 Pauli
1472 1840 1733 1875 Londoniensis,
1746 1841 1818 1871 suis
1832 1840 1894 1870 sub
1913 1843 2002 1870 certa
2019 1840 2125 1871 forma
2139 1841 2229 1871 dedit
2246 1840 2371 1871 litteris

1357 1895 1390 1924 in
1411 1895 1579 1925 mandatis
1596 1896 1632 1924 ut
1646 1893 1718 1930 tibi,
1733 1894 1843 1933 quoad
1858 1896 2000 1927 viveres,
2024 1904 2040 1924 a
2063 1918 2082 1924 ..
2104 1895 2226 1933 priore.
2247 1896 2278 1924 et
2295 1902 2372 1924 con-

1356 1948 1456 1976 ventu
1486 1946 1684 1975 monasterii
1722 1945 1762 1975 de
1799 1946 2104 1984 Beremundeseya.
2134 1946 2371 1976 Cluniacensis

1357 2000 1499 2035 ordinis,
1524 1999 1776 2029 wintoniensis
1800 1999 1958 2035 diocesis,
1978 2000 2010 2029 in
2034 1999 2226 2037 quindecim
2245 2000 2370 2029 marcis

1326 2047 1327 2051 ¹
1357 2053 1597 2091 sterlingorum
1625 2053 1758 2085 faceret,
1785 2052 1882 2081 annis
1906 2052 2063 2091 singulis.
2089 2053 2269 2090 provideri.
2293 2061 2370 2082 con-

1355 2106 1556 2136 tradictores
1581 2107 1642 2135 etc.
1672 2104 1835 2138 Tandem,
1857 2106 1935 2143 quia
1954 2105 2056 2134 iidem
2075 2128 2095 2135 ..
2123 2106 2215 2144 prior
2239 2108 2270 2136 et
2296 2114 2371 2136 con-

1325 2174 1327 2179 .
1355 2161 1476 2189 ventus
1496 2158 1537 2188 ab
1555 2158 1672 2188 eodem
1689 2158 1814 2188 decano
1832 2158 1964 2190 moniti.
1985 2158 2165 2197 diligenter
2180 2158 2239 2188 tibi
2259 2159 2371 2198 provi—

1355 2213 1444 2248 dere,
1463 2213 1559 2250 Juxta
1573 2213 1723 2241 tenorem
1742 2211 1889 2241 mandati
1907 2211 2096 2250 apostolici.
2114 2220 2177 2241 non
2193 2215 2368 2249 curarunt,

1354 2267 1464 2296 dictus
1483 2265 1629 2295 dec-auus
1649 2265 1681 2294 in
1700 2265 1842 2294 eundem
1860 2265 2007 2303 priorem
2025 2267 2055 2294 et
2077 2265 2221 2303 majores
2238 2265 2278 2295 de
2294 2266 2369 2304 ipso

1323 2322 1325 2346 :¹
1354 2320 1520 2349 conventu
1539 2318 1901 2348 excommunicationis
1920 2317 1999 2348 etin
2018 2318 2206 2356 predictum
2226 2327 2367 2349 conven-

1353 2374 1425 2402 tum
1445 2371 1616 2402 interdicti
1637 2371 1822 2401 sententias
1841 2370 2082 2410 pronmlgavit,
2102 2371 2211 2401 citans
2229 2371 2367 2402 eosdem

1353 2425 1592 2465 peremptorie,
1622 2425 1718 2463 Juxta
1749 2427 1900 2454 tenorem
1926 2424 2115 2454 litterarum
2140 2425 2307 2463 ipsarum,
2330 2427 2368 2455 ut

1353 2534 1385 2563 et
1403 2532 1550 2571 majores
1567 2531 1805 2570 personaliter,
1825 2533 2010 2561 conventus
2031 2540 2109 2561 vero
2132 2540 2190 2570 per
2208 2540 2367 2570 procura-

1352 2587 1459 2616 torem
1475 2585 1644 2625 ydoneum
1658 2584 1844 2623 apostolico
1859 2593 1894 2615 se
1910 2585 2104 2623 conspectui
2117 2586 2364 2623 presentarent.

1352 2639 1410 2669 Eis
1428 2639 1541 2678 itaque
1556 2647 1621 2668 non
1639 2637 1837 2668 curantibus
1855 2638 1887 2668 in
1907 2638 2100 2677 hujusmodi
2118 2638 2263 2668 termino
2277 2646 2366 2668 eom-

1351 2701 1480 2731 parere,
1521 2691 1674 2730 prefatus
1715 2691 1872 2722 decanus,
1915 2691 2114 2721 auctoritaie
2154 2691 2365 2730 quarundam

1352 2745 1497 2775 aliarum
1518 2745 1709 2775 litterarum
1727 2744 1880 2782 ejusdem
1904 2744 2155 2782 predecessoris
2177 2743 2242 2774 sibi
2263 2752 2366 2783 super

1351 2798 1412 2829 hoc
1432 2799 1648 2830 directarum,
1671 2821 1689 2827 ..
1709 2798 1869 2836 priorem,
1892 2821 1910 2826 ..
1937 2798 2162 2836 suppriorem.
2187 2821 2204 2827 ..
2224 2797 2364 2828 cellara-

1352 2852 1451 2887 rium,
1467 2875 1487 2882 ..
1508 2852 1699 2881 sacristam.
1715 2860 1751 2881 ac
1768 2850 1918 2889 ejusdem
1938 2851 2136 2881 monasterii
2149 2853 2365 2886 conventum,

1351 2904 1429 2943 quia
1441 2904 1561 2935 moniti
1576 2904 1770 2943 diligenter,
1787 2903 1862 2939 tibi,
1876 2903 1973 2942 juxta
1992 2904 2187 2934 mandatum
2203 2903 2365 2942 apostoli—

1320 2964 1321 2973 *
1351 2966 1443 2994 cum,
1477 2957 1654 2996 providere
1685 2965 1750 2986 non
1781 2958 1958 2986 curarunt.
1991 2957 2302 2987 excommunicatos
2331 2958 2364 2987 et
