2547 3289
1158 268 1371 301 D'URBAIN
1395 272 1452 302 IV.
2307 282 2345 310 67

275 347 492 386 probationes
509 349 660 388 ejusdem
675 351 705 380 et
718 350 854 380 tandem
871 350 1071 380 sententiam
1090 350 1280 380 auditurus.
1311 371 1314 391 χ

275 399 371 437 Sane,
388 401 476 431 dicto
494 404 710 440 procuratore
724 403 845 441 prefati
864 403 955 432 Petri
968 402 1002 432 111
1019 404 1134 432 nostra
1147 412 1282 441 presen-

274 453 321 483 tia
349 456 574 492 comparente,
602 464 639 485 ac
667 457 883 494 procuratore
913 464 931 485 a
958 455 1056 485 nobis
1089 456 1282 493 specialiter
1312 470 1314 497 ς

274 506 456 537 constituto
468 509 613 545 petente,
628 509 761 538 nomine
772 508 912 538 ecclesie
926 509 1087 544 Romane,
1102 508 1135 537 111
1148 508 1281 546 negotio
1311 527 1312 535 1

272 558 346 596 ipso
364 559 512 597 procedi,
526 569 587 598 pro
598 562 690 599 parte
704 561 855 599 ejusdem
874 560 998 590 nobilis
1013 561 1156 598 petitum
1167 561 1280 590 extitit

272 612 361 649 quod
385 620 487 650 super
511 613 578 643 hiis
595 614 725 652 prefato
744 613 953 652 procuratori
972 622 1032 642 3110
1051 613 1280 651 porrigeretur

270 663 408 694 libellus
427 666 458 695 et
478 665 511 695 in
529 675 630 696 causa
654 666 729 705 ipsa
748 666 953 704 judiciorum
976 666 1056 695 ordo
1078 665 1279 704 sollempnis
1308 709 1309 712 Ἰ

270 717 301 746 et
319 717 442 747 solitus
470 720 672 749 servaretur.
702 719 771 748 Nos
800 718 915 757 igItur,
949 718 1161 748 attendentes
1190 719 1279 756 quod

269 770 380 799 castra
398 772 430 800 et
454 770 542 801 bona
558 771 688 810 prefata
705 772 739 800 in
765 770 969 809 patrimonio
991 771 1131 800 ecclesie
1149 771 1278 809 prefate

269 823 471 859 consistunt,
486 825 518 854 et
536 824 789 854 considerantes
804 823 904 862 quod,
919 823 975 862 qui
989 832 1107 853 sumus
1120 823 1277 854 omnibus

267 874 302 904 in
322 875 456 913 justitia
483 875 664 912 debitores,
689 876 738 905 sic
763 875 819 914 jus
839 884 938 905 suum
967 876 1087 914 cuique
1114 876 1277 906 debemus

267 928 406 958 reddere
429 928 518 967 quod
542 929 658 959 eadem
675 929 817 959 ecclesia
839 929 874 958 111
892 929 965 958 suis
987 929 1122 967 juribus
1148 938 1210 959 nos
1232 930 1278 960 le-

267 980 375 1017 datur,
395 981 550 1020 quodque
576 981 624 1012 sic
643 982 702 1012 illa
729 983 946 1012 manutenere
974 990 1010 1012 ac
1035 990 1168 1012 servare
1186 983 1276 1013 tene-

266 1041 342 1063 mur
358 1034 447 1072 quod
462 1033 621 1073 injuriam
640 1035 767 1065 nemini
787 1035 963 1072 faciamus,
977 1036 1159 1074 pensantes
1174 1035 1276 1066 etiam

264 1085 470 1116 laudabilem
499 1087 639 1118 ecclesie
668 1089 819 1119 Romane
849 1088 1140 1124 consuetudinem,
1161 1097 1224 1127 que
1259 1097 1277 1118 a

264 1139 563 1178 predecessoribus
584 1140 723 1175 nostris,
740 1141 904 1171 Romanis
926 1140 1155 1180 pontificibus,
1174 1142 1225 1171 est
1241 1141 1276 1171 in

263 1191 400 1228 talibus,
418 1193 591 1231 preteritis
603 1193 825 1232 temporibus,
845 1193 1032 1228 observata,
1050 1194 1272 1231 decrevimus,

262 1244 376 1275 habito
397 1246 539 1276 fratrum
558 1247 752 1277 nostrorum
771 1247 926 1281 consilio,
958 1247 1028 1277 sore
1051 1256 1110 1285 per
1136 1248 1275 1277 modum

261 1297 496 1336 inquisitionis
514 1308 555 1329 ex
573 1300 684 1330 officio
704 1301 830 1336 nostro,
847 1299 1016 1330 oblatione
1037 1299 1145 1330 libelli
1163 1301 1194 1330 et
1211 1300 1276 1330 301-

262 1350 459 1390 lempnitate
490 1352 696 1391 judiciorum
734 1353 928 1392 hujusmodi
960 1353 1202 1392 pretermissis,
1239 1353 1274 1384 in

262 1404 336 1442 ipso
354 1405 487 1443 negotio
504 1406 764 1444 procedendum,
791 1407 822 1436 et
836 1407 906 1436 tam
924 1406 964 1436 de
995 1407 1104 1445 ipsius
1132 1407 1273 1437 ecclesie

261 1465 362 1496 quam
387 1457 509 1496 prefati
532 1457 658 1488 nobilis
679 1458 815 1497 ,iuribus
842 1467 917 1489 esse
944 1459 1089 1489 sollicite
1111 1459 1272 1498 indagan-

260 1509 352 1539 dum.
370 1510 553 1549 Postquam
569 1520 648 1541 vero
669 1512 785 1541 eadem
799 1511 875 1549 jura
892 1512 1066 1550 inquisita,
1084 1512 1157 1541 visa
1172 1513 1203 1542 et
1224 1512 1272 1542 in-

260 1562 394 1592 tellecta
413 1563 538 1593 fuerint
556 1572 592 1594 ac
611 1564 709 1602 plene
727 1564 892 1598 discussa,
915 1574 976 1595 nos
995 1565 1035 1594 ad
1052 1565 1270 1603 pronuntian-

260 1615 340 1645 dum
358 1616 411 1645 vel
431 1617 705 1646 sententiandum
723 1625 825 1655 super
849 1617 926 1653 hiis,
947 1619 1045 1655 prout
1069 1620 1136 1647 tam
1162 1618 1270 1655 ipsius

260 1668 400 1698 ecclesie
419 1677 519 1707 quam
547 1669 670 1707 prefati
699 1669 837 1705 nobilis,
861 1670 996 1708 juribus
1024 1671 1055 1700 et
1081 1670 1270 1700 rationibus

258 1721 393 1759 plenius
411 1721 604 1757 intellectis,
632 1722 946 1761 suzulentejustitia,
969 1723 1128 1761 expedire
1147 1723 1269 1753 videri-

259 1782 347 1809 mus,
374 1776 508 1805 auctore
520 1775 676 1811 Domino,
696 1775 927 1813 procedemus
945 1777 1068 1806 Datum
1094 1776 1183 1814 apud
1209 1777 1269 1807 Ur-

257 1825 495 1863 bemveterem,
522 1837 581 1857 vm
606 1827 768 1858 kalendas
794 1828 887 1863 maii,
913 1828 1129 1867 pontificatus
1161 1829 1269 1859 nostri

259 1888 344 1910 auno
365 1881 523 1911 secundo.
545 1892 559 1907 »

853 2029 978 2063 Orvieto,
993 2030 1026 2056 27
1044 2029 1100 2056 mai
1120 2031 1193 2057 1263.

346 2032 419 2062 238

291 2110 495 2138 Com-essiones
520 2110 661 2144 quasdam
682 2109 815 2136 Gratiano
842 2109 1033 2141 Bellimontis,
1054 2110 1109 2137 civi
1126 2111 1265 2144 Romano,

253 2167 338 2193 super
351 2159 459 2185 duabus
477 2158 604 2193 partibus
622 2160 811 2192 proventuum
828 2159 856 2184 et
882 2158 1048 2185 hominibus
1074 2159 1160 2186 castri
1185 2160 1266 2187 War-

254 2207 321 2238 cini,
340 2207 475 2234 Alatrinae
491 2206 623 2238 diocesis,
642 2206 732 2234 factas
752 2209 867 2234 revocat
884 2207 1015 2242 idemque
1031 2210 1158 2235 castrum
1172 2209 1265 2244 adjus

252 2259 279 2283 et
295 2256 500 2291 proprietatem
515 2255 644 2283 0001031ιο
661 2256 796 2283 Romame
813 2255 957 2290 integrum
976 2259 1100 2283 revocat.
1123 2257 1200 2291 (lieo.
1220 2259 1264 2292 27,

254 2304 301 2332 fol.
325 2306 357 2332 63
375 2310 410 2336 v0,
427 2311 456 2331 11ο
474 2307 494 2331 1.
512 2305 668 2332 Pommsr.
694 2304 803 2339 18512.)

295 2404 310 2420 «
327 2392 378 2422 Ad
401 2392 612 2422 certitudinem
627 2392 815 2432 presenlium
832 2396 858 2421 el
880 2393 1056 2422 memoriam
1071 2393 1261 2432 futurorum.

253 2446 401 2482 Dudum,
416 2446 586 2477 intellecto
605 2447 695 2485 quod
709 2447 749 2477 ad
769 2446 966 2476 mandatum
987 2447 1095 2477 felicis
1114 2448 1265 2477 recorda-

251 2499 355 2529 tionis
370 2499 555 2529 Alexandri
570 2507 667 2538 pape,
683 2499 935 2538 predecessoris
954 2499 1072 2536 nostri,
1091 2500 1175 2529 duas
1191 2509 1263 2539 par-

252 2553 303 2582 tes
328 2552 479 2582 omnium
504 2553 729 2590 proventuum
746 2553 777 2582 et
794 2552 999 2589 reddituum,
1021 2561 1105 2591 quos
1124 2553 1264 2583 ecclesia

252 2605 406 2636 Romana
428 2605 594 2641 XVarcini,
614 2604 766 2635 Alatrine
792 2605 948 2642 diocesis,
973 2605 1112 2644 obtinet,
1138 2605 1263 2637 nobilis

250 2658 303 2688 vir
329 2658 512 2689 Gratianus
531 2657 758 2694 Benimontis,
777 2658 861 2688 civis
887 2659 1072 2695 Romanus,
1089 2658 1262 2698 colligens,

251 2711 286 2741 in
311 2720 393 2740 usus
419 2710 574 2749 proprios
592 2710 817 2747 convertebat,
851 2719 912 2740 nos
942 2711 1154 2742 attendentes
1174 2712 1263 2750 quod

252 2764 378 2794 dictum
406 2764 555 2794 castrum
573 2763 614 2793 ad
632 2771 694 2792 1103
721 2764 752 2793 et
779 2763 902 2793 dictam
922 2764 1099 2794 ecclesiam
1117 2765 1263 2802 pertinet

249 2817 349 2856 pleno
365 2817 451 2855 jure,
469 2826 505 2847 ac
531 2816 602 2855 pati
621 2816 784 2852 nolentes,
804 2817 841 2846 ut
859 2816 972 2854 aliqua
989 2817 1098 2855 ipsius
1121 2818 1261 2848 ecclesie

247 2870 325 2909 jura
353 2870 405 2900 vel
425 2870 577 2900 redditus
602 2868 700 2898 nobis
722 2870 753 2898 et
772 2869 880 2898 eidem
904 2869 1044 2899 ecclesie
1062 2869 1259 2900 suturahan-

249 2924 315 2957 tur,
343 2932 418 2953 cum
449 2922 562 2953 omnia
586 2921 673 2952 bona
694 2921 815 2960 ipsius,
835 2930 1045 2960 quocumque
1073 2923 1172 2953 modo
1195 2923 1259 2953 dis·
1290 2951 1293 2962 ⁴

1344 354 1458 389 tracta,
1478 355 1691 386 intendamus
1718 358 1756 387 ad
1775 357 1830 396 jus
1846 361 1877 389 ct
1905 360 2143 398 pr‹1›prietatcm
2175 362 2280 400 ipsius
2297 372 2346 394 ec-

1343 405 1455 442 clesie,
1476 407 1589 437 divina
1616 410 1711 439 nobis
1732 410 1861 441 favente
1883 412 2001 450 gratia,
2035 422 2200 451 revocare,
2220 416 2344 454 populo

1342 458 1421 487 dicti
1439 460 1538 489 castri
1558 462 1682 491 uostris
1704 463 1765 492 sub
1789 468 1876 493 certa
1895 474 1979 503 pena
1995 466 2149 497 dedimus
2169 468 2291 498 litteris
2312 470 2345 500 in

1343 512 1509 541 mandalis
1528 514 1562 542 ut
1581 513 1688 543 eidem
1707 516 1810 545 nobili
1838 526 1895 545 uec
1920 518 2111 555 hujusmodi
2130 520 2212 550 duas
2232 524 2345 559 partes

1341 563 1567 599 predictorum
1583 567 1773 597 reddituum
1793 570 1824 598 et
1845 572 2064 607 proventuum
2084 573 2263 610 solverent,
2285 583 2344 604 nec

1341 623 1442 653 super
1470 616 1534 646 biis
1552 618 1603 647 vel
1633 619 1709 648 aliis
1731 620 1939 651 intemlerent
1968 624 2017 652 vel
2042 628 2207 662 parerent.
2226 627 2343 656 Dictus

1340 676 1417 697 vero
1442 668 1565 699 nobilis
1589 671 1629 700 ad
1656 674 1805 702 nostram
1823 675 1982 704 3000110113
2008 678 2223 716 pr‹.›sentiam,
2244 680 2342 709 nobis

1339 728 1414 749 cum
1434 720 1597 751 instantia
1615 724 1820 762 supplicavst
1844 728 1878 755 ut
1902 736 2055 758 revocare
2075 731 2267 761 mamtatum
2287 732 2343 762 bu-

1335 772 1484 810 ι11131110111
1506 783 1712 812 curaremus,
1738 778 1900 815 quasdam
1920 779 2050 809 litteras
2069 781 2175 811 felicis·
2194 785 2343 814 recorda—

1338 824 1441 855 tionis
1472 826 1613 857 Adriani
1643 837 1738 866 pape,
1760 830 2008 867 predecessoris
2041 834 2158 865 nostri.
2185 844 2242 872 per
2260 845 2343 874 quas

1334 877 1390 915 jus
1409 878 1473 908 sibi
1493 880 1669 911 vendicare
1696 881 1728 911 in
1747 884 1856 912 castro
1875 883 2066 915 intendebat
2085 887 2213 918 eodem.
2232 897 2342 918 coram

1338 929 1433 959 nobis
1453 932 1484 961 et
1503 933 1629 962 nostris
1656 933 1818 964 fratribus
1847 936 2071 973 producendo.
2099 939 2343 970 Continebatur

1338 983 1461 1013 etenim
1481 985 1514 1014 111
1535 985 1664 1016 eisdem
1690 987 1813 1017 litteris
1833 989 1921 1026 quod
1944 989 2053 1020 dictus
2077 991 2246 1022 Adrianus
2271 1002 2343 1031 pre-

1337 1036 1493 1067 decessor
1509 1038 1835 1078 quibusdamipsius
1850 1041 1973 1071 nobilis
1990 1044 2260 1081 progenitoribus
2273 1055 2341 1076 me-

1337 1088 1496 1120 dietatem
1514 1091 1592 1121 dieti
1625 1093 1725 1122 castri
1748 1093 1781 1123 in
1813 1094 1948 1124 feudum
1976 1099 2197 1133 concesserat,
2216 1100 2247 1128 et
2264 1099 2341 1129 reli-

1336 1151 1437 1180 quam
1452 1144 1500 1173 eis
1522 1153 1581 1182 pro
1600 1146 1743 1183 quadam
1767 1155 1899 1177 summa
1914 1149 2053 1186 pecunie
2070 1149 2168 1179 titulo
2190 1151 2340 1189 pignoris

1336 1194 1512 1234 obligarat.
1544 1198 1615 1227 Nos
1649 1198 1763 1237 igitur,
1795 1200 1990 1239 diligentius
2016 1203 2226 1233 attendentes
2252 1206 2339 1243 quod

1336 1249 1489 1278 nonnulli
1506 1250 1650 1280 Romani
1666 1252 1853 1289 pontifices,
1866 1253 2120 1291 predecessores
2136 1257 2340 1293 0031111100-

1335 1309 1399 1330 non
1418 1303 1449 1331 et
1472 1302 1588 1340 plures
1610 1305 1768 1341 rectores,
1797 1305 1854 1343 qui
1884 1314 1942 1343 pro
1961 1307 2076 1336 eadem
2101 1308 2243 1338 ecclesia
2267 1319 2340 1348 pro-

1334 1353 1443 1384 vincie
1468 1355 1649 1393 Campanie
1676 1366 1712 1386 ac
1739 1357 1908 1388 Maritime
1934 1359 2090 1397 regimini
2110 1360 2172 1390 sul)
2200 1362 2340 1393 diversi-

1333 1407 1400 1437 tate
1418 1408 1609 1446 temporum
1622 1410 1834 1447 prefuerunt,
1850 1411 2043 1450 hujusmodi
2060 1413 2141 1443 duas
2159 1416 2272 1452 partes
2289 1424 2340 1446 eo-

1333 1460 1487 1490 rumdem
1508 1461 1701 1492 reddituum
1731 1464 1762 1493 et
1782 1466 2005 1502 proventuum
2022 1465 2151 1504 plurIes
2180 1468 2289 1506 adjus
2307 1470 2339 1499 et

1332 1513 1573 1551 proprietatem
1590 1515 1676 1545 dicte
1694 1516 1834 1546 ecclesie
1852 1520 2062 1555 revocarunt,
2081 1519 2155 1549 iicet
2174 1520 2278 1559 aliqui
2297 1530 2338 1552 ex

1332 1566 1460 1596 eisdem
1478 1568 1776 1605 predecessorilnis
1794 1570 1936 1608 gratiam
1963 1579 2064 1609 super
2084 1572 2143 1601 hoc
2162 1573 2269 1603 cidem
2286 1583 2338 1604 no-

1331 1617 1391 1647 bili
1407 1627 1648 1658 nonnunquam
1666 1621 1787 1651 fecisse
1805 1624 2040 1658 noscantur,ac
2055 1625 2246 1655 nullatenus
2265 1636 2336 1657 sus-

1331 1671 1437 1701 tinere
1455 1672 1606 1702 volentes
1624 1675 1711 1712 quod
1728 1674 1854 1704 dictum
1873 1677 2019 1705 castrum
2037 1677 2140 1706 alium
2155 1687 2255 1716 quam
2274 1680 2338 1710 Ro-

1331 1733 1468 1754 manum
1485 1726 1683 1756 Pontificem
1701 1727 1874 1757 dominum
1889 1730 1918 1758 et
1938 1729 2146 1767 superiorem
2167 1734 2335 1769 agnoscat,

1330 1777 1515 1815 premissas
1539 1779 1622 1809 duas
1641 1782 1754 1818 partes
1778 1781 1972 1811 eorumdem
1991 1782 2182 1813 reddituum
2212 1786 2244 1814 et
2260 1794 2334 1823 pro-

1331 1831 1491 1860 ventuum
1523 1832 1564 1861 ad
1581 1832 1776 1862 domanium
1805 1834 1952 1872 predicte
1979 1835 2119 1874 eccle-sie
2136 1838 2333 1868 auctoritate

1330 1884 1526 1921 apostolica,
1548 1893 1613 1914 non
1632 1885 1844 1916 obstantibus
1872 1887 2032 1924 predictis
2049 1888 2199 1926 ejusdem
2219 1891 2335 1920 Adria—

1330 1936 1363 1966 ni
1386 1937 1635 1975 predecessoris
1654 1938 1789 1974 litteris,
1809 1948 1892 1977 quas
1910 1939 2040 1970 viribus
2056 1942 2191 1971 omnino
2222 1951 2333 1974 carere

1329 1989 1552 2023 decernimus,
1582 1999 1798 2025 revocamus3
1831 1992 2024 2022 bominibus
2059 1994 2199 2031 predicti
2218 1996 2330 2030 castri,

1329 2042 1391 2072 sub
1419 2042 1528 2073 debito
1548 2043 1723 2074 fidelitatis
1744 2053 1808 2083 11110
1827 2045 1967 2075 ecclesie
1999 2046 2145 2084 predicte
2164 2049 2330 2085 tenentur,

1328 2095 1470 2125 firmiter
1486 2096 1676 2133 inhibendo,
1706 2105 1746 2126 ne
1777 2097 1858 2127 ullis
1890 2107 2038 2136 unquam
2062 2099 2184 2129 suturis
2203 2102 2331 2139 tempo-

1327 2147 1434 2184 ribus,
1454 2149 1541 2178 dicto
1556 2149 1662 2179 nobili
1679 2152 1791 2180 suisve
1811 2151 1990 2180 heredibus
2008 2152 2059 2181 vel
2077 2154 2331 2184 successoribus

1327 2201 1366 2230 de
1386 2202 1564 2239 premissis
1587 2202 1775 2232 redditibus
1796 2205 1827 2233 et
1843 2204 2062 2241 proventibus
2080 2205 2114 2234 in
2144 2207 2250 2235 totum
2279 2207 2331 2237 vel

1327 2253 1360 2283 in
1378 2255 1508 2292 partem
1525 2256 1727 2294 respondere
1746 2256 1798 2285 vel
1815 2256 1900 2285 alias
1913 2256 1962 2286 eis
1977 2258 2032 2286 aut
2052 2257 2129 2286 aliis
2144 2257 2328 2296 intendere,

1326 2307 1392 2336 nisi
1412 2307 1587 2338 dumtaxat
1604 2308 1701 2338 nobis
1730 2310 1761 2338 et
1793 2309 2045 2338 successoribus
2062 2310 2187 2340 nostris
2212 2312 2331 2341 Roma-

1326 2360 1380 2389 nis
1391 2361 1620 2398 pontificibus,
1635 2361 1692 2399 qui
1710 2370 1769 2399 pro
1782 2362 1930 2399 tempore
1946 2361 2079 2398 fuerint,
2094 2364 2330 2401 quoquomodo

1326 2415 1534 2451 presumant,
1555 2415 1586 2444 et
1611 2416 1638 2443 si
1663 2422 1761 2444 secus
1784 2415 2017 2452 presumptum
2042 2414 2154 2451 fuerit,
2181 2416 2330 2446 decerni-

1326 2474 1401 2495 mus
1430 2466 1562 2496 irritum
1580 2468 1611 2496 et
1642 2467 1751 2497 inane,
1772 2467 1865 2497 Nulli
1883 2475 1959 2505 ergo
1977 2469 2038 2497 etc.
2067 2470 2179 2498 nostre
2198 2477 2329 2499 revoca-

1326 2518 1440 2555 tionis,
1455 2519 1664 2549 inhibitionis
1681 2521 1712 2549 et
1731 2519 1982 2549 constitutionis
1999 2521 2059 2550 etc.
2071 2520 2105 2550 Si
2122 2521 2198 2559 quis
2218 2523 2329 2552 autem

1325 2572 1386 2602 etc.
1411 2572 1536 2602 Datum
1565 2573 1654 2611 apud
1685 2572 1969 2609 Urbemveterem,
1998 2582 2027 2602 Vl
2050 2573 2211 2603 kalendas
2240 2574 2328 2612 junii

1324 2633 1410 2655 anno
1431 2626 1589 2656 secundo.
1605 2638 1619 2652 »

1412 2802 1483 2833 23ss
1802 2800 1924 2831 Orviuto,
1944 2801 1974 2826 19
1994 2801 2154 2834 septembre
2176 2802 2250 2828 ¹263.

1358 2880 1495 2914 Magistro
1514 2880 1634 2906 norm-do
1659 2879 1692 2905 de
1715 2879 1832 2913 Neapoli
1855 2880 1969 2905 mundat
1987 2881 2125 2913 quatenus
2147 2889 2163 2906 a
2186 2880 2324 2915 magistro

1322 2927 1402 2954 Helia
1417 2929 1450 2954 de
1469 2928 1590 2955 rectoria
1605 2927 1741 2954 ecclesiae
1764 2928 1790 2953 S.
1814 2927 1974 2954 Salomonis
1994 2928 2026 2954 de
2044 2928 2176 2960 l'ereriis,
2199 2929 2324 2956 Aurelia-
