2547 3289
1079 223 1318 261 TROISIEME
1339 224 1501 262 ANNEE.
2276 238 2331 267 197

241 321 317 342 rum
334 312 609 343 Florentinorum
635 312 812 350 prudentie
842 311 1122 341 meditationibus
1142 312 1256 341 adver-

240 367 328 401 tens,
356 374 395 396 ea
422 374 504 396 sano
539 365 687 395 decrevit
711 365 852 395 consilio
880 365 1048 394 declinare
1081 373 1117 394 ac
1148 365 1256 395 eidem

241 419 383 449 ecclesie
400 419 433 449 in
450 419 507 449 illo
523 420 716 448 constanter
732 418 892 448 adherere
906 418 1091 456 proposito,
1103 427 1168 456 quo
1185 419 1256 456 ipse

240 481 300 511 pro
316 472 512 502 defensione
529 471 698 502 libertatis
714 471 942 501 ecclesiastice
962 471 1150 509 ηομ-(11111110
1166 473 1256 501 statu

240 526 393 556 tidelium
408 526 513 561 illius,
536 524 778 564 pervasoribus
794 526 825 554 et
840 524 1033 563 hujusmodi
1051 525 1257 562 perversori-

240 579 304 609 bus
323 587 358 609 se
377 579 528 617 opponit,
553 580 585 608 et
608 579 681 616 post
700 578 827 607 dictum
853 577 975 607 festum
1001 577 1255 615 Assuinptionis

241 631 336 661 beate
352 632 517 670 Virginis,
545 631 695 669 prestitit
722 631 761 660 de
788 630 934 668 parendo
964 638 1065 667 super
1094 631 1255 668 predictis

240 684 411 714 mandatis
436 685 563 714 nostris
583 685 613 713 et
644 683 753 721 ipsius
778 683 919 713 ecclesie
939 683 1181 721 juramentum,
1207 692 1255 713 se-

240 746 305 776 que
321 738 361 767 de
389 737 610 767 observandis
635 735 1013 773 mandatishujusmodi
1034 737 1063 765 et
1088 736 1189 765 certis
1207 745 1256 766 ar-

239 790 367 826 ticulis,
383 790 445 819 sul)
464 790 564 820 certis
583 798 668 827 pena
687 791 718 819 et
740 789 847 818 forma
866 788 1059 825 specialiter
1078 788 1252 827 obligavit,

239 843 453 882 promittens,
475 842 538 872 suh
568 851 653 880 pena
678 841 940 880 quingentarum
973 841 1182 870 marcharum
1206 851 1255 871 ar-

239 896 342 935 genti,
364 904 400 925 se
429 896 595 925 facturum
623 896 654 924 et
674 895 870 924 curaturum
900 893 989 931 quod
1008 893 1174 927 Matheus,
1197 895 1257 924 La-

238 958 300 988 pus
316 950 346 979 et
368 949 496 983 Coltus,
520 948 643 978 fratres
663 947 727 983 sui,
748 947 810 976 filii
833 947 1038 985 lflonaguide³
1065 956 1102 977 ac
1132 947 1255 977 Ricrus

238 1002 412 1037 Beltranli,
449 1001 658 1032 Guarnerius
692 999 815 1030 Mathei
856 1001 887 1029 et
927 1000 1131 1036 Antoninus,
1163 1000 1254 1030 tilius

237 1054 341 1089 Gerii,
361 1055 500 1093 nepotes
520 1054 572 1084 sui
596 1054 736 1092 ejusque
763 1053 847 1083 socii
871 1054 902 1082 et
929 1053 1096 1088 concives,
1117 1053 1253 1083 Floren

237 1108 299 1138 tini
318 1109 535 1143 mercatores,
552 1107 593 1137 ad
612 1106 752 1137 ecclesie
770 1107 929 1136 mandata
943 1106 1100 1136 redibunt
1113 1107 1143 1135 et
1162 1115 1253 1145 pres-

237 1161 355 1191 tabunt
372 1161 500 1191 similia
518 1161 723 1200 Juramenta‚
747 1168 781 1189 se
800 1160 840 1189 ad
865 1159 1137 1190 observationem
1163 1169 1254 1190 man-

238 1214 393 1244 datorum
413 1216 607 1244 nostrorum
636 1216 668 1243 et
700 1213 922 1243 articulorum
951 1213 1157 1251 hujusmodi,
1190 1213 1252 1243 sub

237 1276 323 1306 pena
343 1267 604 1306 quingentarum
628 1266 841 1296 marcharum
858 1266 1001 1305 argenti,
1028 1266 1127 1296 nobis
1153 1269 1185 1297 et
1208 1267 1252 1297 ei-

237 1321 313 1351 dem
331 1321 472 1351 ecclesie
483 1321 643 1350 similiter
656 1320 847 1359 obligando,
868 1322 967 1357 prout
980 1321 1012 1348 in
1026 1319 1252 1350 instrumento

236 1373 371 1412 publico
390 1373 467 1404 inde
486 1374 649 1408 confecto,
669 1373 805 1412 plenius
824 1373 1025 1407 continetur,
1043 1373 1139 1412 cujus
1159 1375 1252 1404 telio<

237 1436 307 1457 rem
325 1426 421 1457 vobis
449 1426 512 1456 sub
542 1426 636 1457 bulla
670 1428 786 1456 nostra
815 1426 984 1456 mittimus
1015 1426 1250 1458 interclusum.

235 1480 307 1510 Nos
326 1482 450 1515 autem,
468 1480 526 1519 qui
540 1489 633 1510 more
651 1482 789 1518 paterno
812 1480 845 1509 in
863 1479 973 1509 reditu
988 1479 1149 1514 filiorum,
1167 1489 1252 1518 qnos

236 1542 329 1564 error
353 1542 371 1563 a
405 1533 582 1563 devotione
615 1532 842 1569 subtraxerat,
876 1532 1096 1569 delectamur,
1120 1534 1252 1571 aperui-

235 1595 311 1616 mus
325 1587 375 1616 eis
390 1588 459 1616 tam
482 1588 620 1625 paterne
637 1586 742 1625 gratie
762 1594 862 1625 quam
879 1587 1030 1616 materne
1058 1588 1251 1617 mansuetu-

234 1640 324 1670 dinis
356 1639 507 1678 amplum
539 1640 663 1673 sinum,
691 1648 727 1669 ac
753 1639 902 1677 predicto
932 1639 1068 1675 (1111111111,
1092 1640 1149 1678 qui
1172 1641 1251 1670 tunc

234 1702 375 1731 presens
406 1693 531 1727 aderat,
557 1692 598 1723 ab
615 1692 810 1731 hujusmodi
839 1693 871 1722 et
899 1692 1070 1722 universis
1095 1701 1250 1723 excomu-

234 1747 442 1776 nicatIOnum
471 1748 503 1776 et
526 1745 697 1776 interdicti
726 1745 917 1779 sententiis,
952 1755 1036 1784 quas
1063 1746 1251 1784 apostolica

234 1800 332 1830 sedes
352 1799 385 1829 in
403 1799 493 1829 cives
522 1799 738 1829 Florentinos
756 1801 787 1829 et
819 1808 935 1829 eorum
962 1801 1088 1829 terrain
1112 1801 1251 1838 propter

234 1853 404 1892 premissa
420 1852 624 1892 generaliter
642 1852 881 1891 promulgavit,
898 1852 1053 1887 fecimus,
1070 1852 1167 1890 juxta
1186 1852 1249 1883 for-

235 1915 325 1936 mam
344 1906 497 1940 ecclesie,
515 1905 717 1935 beneficium
735 1905 959 1935 absolutionis
977 1905 1138 1943 impendi.
1157 1905 1251 1936 Ideo—

233 1969 296 1998 que
308 1959 505 1989 discretioni
515 1961 625 1989 vestre
639 1967 698 1997 per
714 1958 901 1996 apostolica
911 1959 1037 1996 scripta
1049 1958 1251 1989 mandamus

231 2013 392 2052 quatinus
418 2021 477 2042 vos
500 2013 551 2042 vel
575 2012 659 2042 alter
683 2015 835 2042 vestrum
854 2011 1028 2049 recipiatis
1049 2021 1066 2041 a
1086 2012 1250 2050 predictis

230 2065 376 2101 Matheo,
396 2066 502 2104 Lapo,
526 2065 635 2100 Colto,
663 2065 777 2100 Ricco,
797 2065 986 2095 Guarnerio
1010 2067 1041 2094 et
1065 2065 1248 2099 Antonino,

229 2119 263 2148 in
291 2118 446 2158 partibus
475 2118 586 2149 Gallie
611 2118 913 2152 commorantibus,
931 2118 970 2148 de
1001 2118 1120 2148 stando
1149 2127 1250 2157 super

217 2163 410 2211 premissis
430 2172 600 2202 mandatis
617 2171 744 2201 nostris
757 2173 789 2201 et
805 2171 1201 2210 ecclesiejuramentum,
1219 2175 1250 2202 et

229 2225 486 2261 nichilominus,
499 2227 615 2255 nostro
628 2225 776 2261 nomine,
790 2225 940 2254 similem
956 2224 1197 2263 obligationem
1210 2225 1249 2255 de

231 2279 404 2308 mandatis
428 2278 555 2308 nostris
571 2280 602 2308 et
619 2278 774 2308 articulis
792 2277 988 2315 hujusmodi
1005 2277 1250 2309 inviolabiliter

232 2331 467 2368 observandis,
487 2340 612 2370 eosque
644 2331 777 2367 deinde,
804 2331 902 2370 juxta
928 2331 1071 2361 formam
1094 2332 1246 2366 ecclesie,

231 2385 432 2415 auctoritate
451 2387 565 2415 nostra
584 2387 624 2415 al)
637 2385 832 2424 hujusmodi
851 2385 1030 2415 sententiis
1049 2384 1247 2421 absolvatis,

230 2439 395 2469 facientes
414 2438 454 2468 de
482 2438 550 2468 hiis
576 2438 693 2468 confici
712 2438 884 2476 publicum
906 2439 1176 2468 instrumentum
1196 2439 1249 2468 vel

229 2493 385 2530 patentes
408 2491 541 2521 litteras
562 2491 743 2521 autenticis
768 2491 893 2530 sigillis
916 2491 1076 2527 munitas,
1095 2491 1181 2521 illud
1197 2492 1249 2522 vel

230 2545 307 2574 illas
328 2543 423 2573 nobis
441 2543 588 2573 fideliter
601 2543 993 2579 transmissuri.Quibus
1010 2544 1072 2574 rite
1088 2545 1246 2582 peractis,

229 2599 299 2628 tam
332 2597 469 2627 eosdem
502 2596 690 2631 Matheum,
725 2597 872 2635 Lapum,
904 2597 1055 2633 Cottum,
1089 2598 1247 2632 Riccnm,

229 2650 455 2682 Guarnerium
478 2651 509 2680 et
527 2650 750 2686 Antoninum,
771 2658 871 2688 quani
890 2650 1017 2680 dictuni
1034 2650 1170 2687 Gianni,
1189 2659 1249 2689 per

231 2704 345 2734 omnia
365 2703 449 2738 loca,
474 2703 506 2732 in
524 2702 648 2742 quibus
670 2702 736 2740 ipsi
755 2702 936 2739 voluerint,
968 2711 1027 2741 per
1051 2712 1110 2733 vos
1133 2705 1165 2733 et
1189 2712 1249 2742 per
1279 2729 1280 2740 ,

231 2757 317 2787 alios
334 2756 541 2786 denuntietis
559 2765 577 2785 a
592 2755 754 2794 predictis
773 2755 951 2786 sententiis
965 2755 1140 2786 absolutos
1159 2758 1190 2786 et
1208 2756 1249 2786 ad

230 2810 444 2840 devotionem
458 2809 567 2847 ipsius
583 2808 725 2839 ecclesie
749 2808 904 2838 rediisse.
930 2808 1109 2839 Universis
1126 2811 1157 2839 et
1181 2809 1247 2839 sin-

229 2863 318 2902 gulis
340 2863 492 2901 ipsorum
509 2861 720 2892 debitoribus
735 2863 766 2892 et
785 2861 943 2891 omnibus
961 2861 1000 2891 de
1016 2861 1115 2891 bonis
1130 2871 1245 2892 eorum
1277 2850 1278 2869 ³

229 2915 444 2951 habentibus,
460 2916 694 2954 undecumque
713 2916 744 2944 et
770 2914 1012 2953 cujuscumque
1032 2916 1154 2950 status,
1171 2923 1246 2944 con-

1320 312 1462 342 dicionis
1491 315 1519 342 et
1553 313 1728 352 dignitatis
1761 314 1920 350 existant,
1952 316 2099 354 predicta
2132 318 2329 347 auctoritate

1320 366 1509 395 mandando
1521 366 1711 396 districtius
1725 369 1770 403 nt,
1786 367 1978 406 hujusmodi
1995 369 2193 399 inhibitione
2208 380 2243 399 ac
2258 379 2329 409 pro-

1319 427 1415 448 cessu
1437 421 1563 453 nostro,
1585 421 1747 457 (plantum
1777 421 1817 450 ad
1843 430 1912 455 cos,
1933 430 2142 461 nequaquam
2167 423 2329 453 obstanti-

1318 470 1392 507 bus,
1412 471 1523 501 debita
1550 474 1581 502 et
1608 472 1695 502 bona
1721 474 1871 512 ipsorum
1890 475 2040 504 totaliter
2071 475 2120 505 eis
2150 477 2327 506 restituant

1319 533 1377 553 1161·
1403 525 1459 554 illa
1483 525 1643 563 deinceps
1659 528 1833 565 tamquam
1862 529 2038 564 arrestata,
2065 531 2237 559 oceasisnie
2258 539 2329 567 pre-

1318 577 1416 612 dicta,
1429 578 1579 607 detinere
1599 581 1805 616 presumant,
1821 580 1853 609 Si
1868 580 1924 618 qui
1939 583 2049 610 autem
2068 581 2259 619 hujusmodi
2274 583 2325 612 dc·

1319 630 1521 660 nuntiationi
1538 633 1567 660 et
1587 632 1743 661 mamiato
1759 633 1883 662 nostris
1900 634 2177 670 c‹‘›nti·adixe1·int‚
2195 644 2253 665 vos
2271 645 2328 665 eos

1318 685 1351 711 ut
1378 692 1395 712 a
1419 684 1475 712 tali
1500 693 1639 722 prorsus
1661 686 1926 715 contradit-tione
1945 687 2120 717 desistant.
2143 689 2328 719 monitione.

1318 736 1496 772 premissa.
1520 745 1774 774 percensuram
1799 739 2076 774 eevlesiastivzun,
2102 741 2327 779 appellatione

1317 789 1517 826 postposita,
1535 790 1757 827 compellatis.
1780 792 1900 821 Datum
1930 793 2016 830 apud
2039 793 2326 830 [ereinveterem‚

1320 850 1336 868 v
1357 841 1518 871 Kalendas
1536 842 1693 879 octobris,
1716 852 1801 872 anno
1819 845 1929 874 tertio.
1951 858 1963 870 υ

1408 1031 1474 1061 411

1787 1032 1912 1058 01111310,
1934 1034 1967 1058 213
1988 1035 2152 1066 svpteinbrt·
2178 1036 2252 1063 1:433.

1353 1112 1547 1148 Insrnsvriptis
1578 1116 1693 1141 inundat
1712 1116 1859 1141 absolutos
1889 1117 1999 1143 11unti==t
2028 1121 2121 1143 vei-tos
2141 1119 2325 1148 F1··10·=1ni1.0s

1316 1163 1349 1188 ad
1375 1163 1514 1189 ‹uu-lostam
1532 1165 1666 1189 inundata
1690 1165 1852 1191 rvdvuntvs.
1872 1165 1964 1191 ‹Re‹;..
1982 1166 2079 1193 281111.
2101 1169 2116 1193 :3
2132 1174 2168 1194 W.
2186 1178 2260 1195 :inno
2280 1170 2327 1204 ΙΙΙ,

1315 1212 1419 1238 mli.»

1356 1328 1370 1343 «
1394 1342 1399 1347 ,
1417 1341 1421 1345 Δ
1441 1316 1543 1345 abbati
1561 1317 1595 1346 S.
1619 1316 1766 1355 Genovefe
1786 1317 1968 1347 P(17·i3iensis
1985 1324 2012 1347 el
2031 1319 2203 1349 Pereivalln
2220 1323 2256 1351 {le
2273 1324 2327 1353 La-

1315 1370 1418 1406 vanin,
1452 1370 1632 1410 cappellano
1661 1376 1774 1405 nostro,
1806 1372 1949 1401 canonico
1985 1373 2156 1412 Bajoecnsi,
2190 1375 2328 1406 Pm'isius

1315 1424 1526 1453 commoranti.
1545 1424 1635 1455 Olim
1654 1424 1687 1453 in
1707 1425 1760 1454 die
1780 1425 1867 1455 Cene
1884 1426 2020 1456 Domini
2042 1428 2198 1465 proximo
2220 1432 2327 1467 prete-

1315 1477 1379 1507 rito
1406 1479 1482 1511 etc,
1502 1479 1537 1507 ut
1564 1477 1597 1507 in
1615 1478 1771 1516 proxima
1798 1478 1977 1517 superiori,
1996 1488 2103 1519 usque
2122 1484 2325 1521 constanter,

1315 1532 1450 1560 auctore
1466 1531 1622 1566 Domino,
1640 1531 1820 1569 procedere
1837 1541 2043 1562 curaremus.
2055 1534 2324 1574 SaneCauibiuS,

1314 1584 1406 1613 tilius
1422 1584 1565 1614 Manerii
1584 1584 1756 1621 Bellicozi,
1777 1585 1862 1614 civis
1878 1587 1909 1615 et
1928 1588 2094 1617 mercator
2114 1588 2324 1626 florentinus,

1315 1637 1447 1676 reprobi
1474 1646 1595 1667 sensus
1612 1638 1792 1676 dampnata
1815 1639 1928 1669 studia
1956 1641 2030 1676 etc,
2057 1650 2164 1679 usque
2188 1644 2326 1680 promit-

1313 1693 1388 1720 tens
1405 1690 1467 1720 snb
1484 1700 1569 1729 pena
1591 1692 1733 1721 duorum
1755 1692 1888 1721 milium
1912 1693 2125 1723 marcharum
2146 1696 2325 1735 sterlingo-

1314 1753 1400 1780 rum,
1415 1753 1450 1774 se
1467 1744 1633 1774 facturum
1651 1746 1681 1774 et
1701 1746 1895 1775 curaturum
1911 1747 1998 1784 quod
2014 1747 2140 1777 Persus
2154 1757 2190 1778 ac
2204 1749 2323 1784 Perus,

1314 1798 1436 1827 fratres
1467 1798 1532 1834 sui,
1558 1798 1621 1828 filii
1648 1798 1803 1833 Manerii,
1832 1799 2041 1829 Giannianus
2067 1802 2099 1830 et
2123 1801 2235 1837 Zione‚
2262 1803 2324 1833 filii

1313 1850 1465 1887 Tebaldi,
1489 1853 1562 1888 ejus
1586 1852 1682 1887 socii,
1715 1851 1801 1881 Loth
1827 1852 1939 1882 (Iaczii
1958 1854 1988 1882 et
2017 1854 2106 1883 Bene
2133 1855 2264 1885 Cambii
2294 1859 2325 1887 et

1313 1905 1456 1943 Cingus,
1492 1904 1584 1934 tilius
1618 1905 1775 1939 Gerardi,
1807 1905 1966 1944 discipuli
2003 1907 2054 1936 sui
2089 1908 2119 1937 et
2152 1909 2326 1939 societatis

1313 1958 1464 1996 ejusdem
1493 1959 1524 1987 et
1554 1958 1724 1993 concives⁷
1750 1958 1937 1989 Florentini
1961 1962 2180 1998 mercatores,
2211 1963 2252 1992 ad
2275 1972 2326 1993 ec-

1313 2011 1414 2041 clesie
1434 2012 1591 2041 mandata
1605 2011 1762 2042 redibunt
1778 2013 1854 2045 etc.,
1875 2021 1982 2051 usque
2000 2013 2061 2043 sub
2076 2022 2162 2052 pena
2181 2014 2325 2046 duorum

1313 2065 1446 2094 milium
1467 2065 1680 2095 marcharum
1698 2065 1939 2104 sterlingorum
1952 2068 2027 2099 etc„
2048 2075 2155 2106 usque
2174 2069 2325 2107 amplum

1312 2119 1438 2153 sinum,
1458 2128 1495 2148 ac
1511 2119 1662 2157 predicto
1679 2118 1833 2155 Cambio,
1855 2119 1911 2158 qui
1928 2121 2006 2150 tunc
2030 2129 2170 2159 presens
2198 2122 2324 2159 aderat,

1312 2174 1386 2208 etc,
1406 2181 1512 2211 usque
1529 2172 1905 2211 1·e‹·ipiatisapredictis
1920 2173 2037 2208 Perse,
2054 2174 2168 2211 Zione,
2183 2175 2323 2211 Loctho,

1311 2226 1399 2256 Bene
1419 2228 1450 2256 et
1471 2226 1588 2265 Cingo,
1607 2226 1640 2256 in
1656 2225 1811 2264 partibus
1834 2226 1943 2256 Gallie
1963 2228 2264 2265 commorantibus,
2284 2229 2323 2259 de

1312 2279 1431 2310 stando
1450 2288 1551 2318 super
1566 2279 1747 2318 premissis
1765 2281 1839 2313 etc,
1858 2288 1965 2318 usque
1982 2280 2112 2315 Quibus
2130 2281 2192 2311 rite
2214 2291 2325 2320 perac-

1311 2333 1366 2368 tis,
1388 2336 1455 2362 tam
1477 2333 1613 2362 eosdem
1635 2333 1791 2370 Persum,
1813 2333 1968 2366 Zionenn
1989 2334 2165 2369 Locthum,
2184 2336 2272 2365 Bene
2292 2337 2325 2366 et

1310 2385 1453 2425 Cingum
1479 2395 1577 2424 quam
1603 2386 1729 2416 dictum
1758 2386 1936 2416 (filanibium
1957 2396 2016 2425 per
2044 2387 2156 2417 omnia
2181 2388 2264 2423 loca,
2289 2388 2323 2418 in

1311 2439 1435 2478 quibus
1460 2439 1526 2478 ipsi
1545 2439 1712 2469 voluerint
1734 2441 1810 2474 etc.,
1830 2448 1936 2478 usque
1951 2440 2175 2478 compellatis
2198 2441 2322 2471 Datum

1311 2492 1399 2531 apud
1444 2492 1735 2526 Urbemveterem,
1771 2502 1798 2521 v1
1836 2492 1998 2522 kalendas
2033 2493 2193 2530 octobris,
2234 2502 2322 2524 anno

1310 2546 1383 2576 1110.
1403 2555 1420 2575 »

1400 2737 1471 2767 ‚412
1856 2734 1981 2766 Orviuto,
1995 2736 2012 2761 8
2029 2736 2145 2762 octobre
2168 2737 2245 2764 1203.

1343 2820 1475 2847 johanni.
1492 2819 1655 2853 praeposito
1674 2818 1813 2845 ecclesian¹
1831 2819 1971 2849 Artemis,
1989 2819 2160 2847 florinensis
2181 2822 2316 2849 diocesis.

1309 2870 1434 2903 indulget
1456 2871 1482 2894 ut
1503 2868 1529 2894 in
1548 2868 1649 2893 cadem
1667 2867 1789 2894 ccclesia
1812 2876 1900 2893 unuin
1917 2875 1932 2894 e
1949 2868 2062 2895 clericis
2079 2869 2137 2895 suis
2155 2870 2182 2896 in
2201 2871 2319 2897 611110111-

1308 2926 1372 2944 cuni
1393 2917 1478 2951 recipi
1500 2916 1595 2942 sas-iat.
1616 2916 1695 2949 [REG.
1716 2916 1759 2943 28.
1779 2915 1826 2942 fol.
1845 2917 1860 2943 ἴ)
1880 2922 1917 2949 v⁰,
1935 2925 2010 2944 anno
2028 2917 2074 2944 ΙΙΙ,
2095 2922 2127 2944 11⁰
2149 2918 2202 2948 15.)
