2547 3289
1107 248 1339 286 1³R13M1ERE
1363 250 1528 288 ANNJJJE.
2306 269 2340 297 11

262 341 409 370 tenorem
431 339 623 379 hujusmodi
652 340 847 374 litterarum,
862 340 901 369 de
920 340 1059 370 rectoria
1084 340 1167 378 ipsa,
1185 341 1273 379 post·
1299 347 1301 350 ·

261 401 361 431 quam
377 392 485 422 dictus
502 392 602 422 frater
615 392 845 431 Rpredictnm
860 393 1040 432 assumpsit
1050 393 1211 427 habitum,
1227 393 1272 422 at-

261 446 456 483 temptatum
476 446 562 475 esset
580 445 633 475 vel
649 445 854 484 contingeret
879 446 1074 484 attemptari.
1100 446 1164 475 Per
1190 445 1272 475 alias

261 506 392 536 quoque
409 498 533 528 litteras
549 506 627 528 suas
639 498 785 537 prefatus
797 499 1010 537 predecessor
1024 499 1128 529 voluit
1144 500 1174 529 et
1187 499 1272 529 dicto

262 551 417 589 episcopo
435 551 530 581 duxit
547 551 970 585 districtiusinhibendum,
989 561 1040 586 ne,
1060 553 1088 582 si
1105 553 1272 590 continge-

262 605 310 633 ret
330 603 495 642 predictos
511 604 690 634 canonicos
709 613 766 642 per
782 604 977 635 electionem
996 614 1165 635 assumere
1186 605 1272 635 nolle

261 657 421 687 rectorem
440 657 473 687 in
490 657 629 687 ecclesia
641 658 842 696 supradicta,
856 659 900 688 ita
913 659 1001 696 quod
1013 667 1054 688 ex
1066 658 1125 689 hoc
1140 659 1178 688 ad
1196 667 1272 688 eun-

262 709 337 740 dem
347 710 541 749 episcopum
555 711 700 749 predicte
713 711 850 741 ecclesie
865 711 1098 741 devolveretur
1111 711 1269 750 provisio,

261 763 302 792 ad
314 763 558 802 providendum
573 764 680 794 eidem
696 763 832 794 ecclesie
843 764 914 794 sine
931 764 1071 794 consilio
1087 765 1117 793 et
1133 772 1272 794 assensu

260 816 398 855 predicti
422 817 535 847 fratris
555 817 597 847 R.
620 817 797 854 procedere
816 817 1049 855 quoquomodo
1067 818 1274 855 presumeret

261 870 303 903 et,
326 869 355 899 si
378 878 475 899 secus
500 870 732 908 presumptum
756 869 850 903 foret,
874 868 1020 899 decrevit
1037 870 1068 898 et
1091 869 1201 898 inane.
1232 868 1275 899 Et

260 921 514 961 licetpredictus
528 922 629 952 frater
638 922 678 952 R.
691 929 749 960 per
757 922 1006 960 procuratorem
1017 921 1192 959 resignans
1209 930 1273 951 rec-

261 975 379 1004 toriam
395 975 544 1010 eandem,
564 974 723 1013 predictis
744 974 900 1012 episcopo
917 974 948 1003 et
968 975 1139 1004 canonicis
1156 983 1274 1004 consu-

259 1240 494 1279 pervenerunt,
512 1238 589 1277 ipsi,
607 1239 753 1276 predicto
781 1239 891 1277 spreto
907 1238 1059 1273 consilio,
1077 1239 1274 1277 magistrum

261 1292 488 1327 Ganteimum,
501 1291 679 1321 officialem
695 1292 927 1326 Vasatensem,
944 1292 985 1321 ad
1001 1291 1122 1322 dictam
1144 1292 1274 1322 rectori-

261 1354 315 1376 am
331 1346 445 1376 contra
461 1345 653 1384 hujusmodi
679 1344 874 1375 mandatum
891 1345 921 1374 et
935 1344 1103 1375 decretum
1119 1345 1273 1384 apostoli-

262 1408 337 1430 cum
352 1399 521 1437 elegerunt
535 1408 593 1437 pro
608 1407 666 1428 sue
678 1399 771 1428 libito
786 1399 1045 1437 voluntatis,qui
1056 1400 1132 1430 talis
1147 1400 1275 1431 electio·
1304 1416 1306 1421 v

262 1452 315 1483 nis
338 1453 490 1491 pretextu
510 1460 583 1482 eam
602 1452 726 1482 detinet
749 1453 954 1490 occupatam.
976 1452 1084 1487 Quare
1107 1454 1275 1492 predictus

262 1505 382 1535 Petrus
408 1505 505 1535 nobis
531 1504 703 1534 humiliter
732 1504 933 1543 supplicavit
955 1506 1000 1540 ut,
1024 1513 1100 1535 cum
1120 1508 1276 1545 appareat

262 1557 437 1588 manifeste
454 1557 542 1595 quod
558 1557 645 1587 idem
658 1557 759 1587 frater
775 1557 943 1587 consuluit
963 1558 1051 1596 quod
1066 1559 1137 1597 ipse
1156 1559 1275 1590 Petrus

263 1611 489 1641 assumeretur
511 1610 551 1640 ad
572 1611 720 1649 regimen
745 1610 882 1641 ecclesie
901 1611 1100 1650 supradicte,
1121 1612 1275 1651 quodque

262 1664 379 1703 prefati
406 1663 582 1703 episcopus
605 1665 635 1694 et
654 1663 805 1693 canonici
830 1665 904 1702 post
931 1664 1135 1694 intellectum
1162 1665 1275 1704 11111113-

263 1717 353 1747 modi
369 1717 548 1747 consilium
563 1717 705 1746 eundem
715 1716 912 1755 magistrum
927 1717 1151 1754 Gantelmum,
1165 1720 1275 1758 spreto

262 1770 408 1809 predicto
425 1770 580 1800 mandato
597 1771 627 1800 et
645 1770 774 1800 decreto
791 1770 983 1808 apostolico,
1000 1771 1041 1800 ad
1056 1771 1195 1801 eandem
1212 1781 1276 1802 rec-

262 1822 383 1853 toriam
395 1822 516 1861 eligere
528 1823 815 1862 presumpserunt,
826 1823 1001 1861 providere
1020 1823 1084 1853 sibi
1100 1832 1200 1863 super
1217 1825 1276 1855 hoc

263 1876 401 1914 paterna
424 1875 648 1905 sollicituline
671 1875 1058 1919 curaremusQuocirca,
1077 1877 1276 1908 mandamus

265 1930 428 1968 quatenus
451 1929 479 1959 si
504 1928 601 1959 vobis
621 1928 659 1958 de
686 1929 784 1967 plano
803 1930 834 1959 et
851 1928 976 1967 absque
997 1929 1118 1968 judicii
1137 1931 1276 1970 strepitu

264 1982 447 2012 constiterit
463 1982 507 2012 ita
517 1990 600 2017 esse,
613 1982 653 2011 ab
670 1982 785 2011 eadem
803 1982 942 2012 rectoria
959 1982 1144 2021 predictum
1158 1984 1277 2022 magis-

263 2036 351 2065 trum
387 2035 601 2066 Gantelmum
622 2043 683 2074 per
705 2043 766 2065 vos
790 2035 842 2065 vel
870 2035 974 2065 alium
1000 2036 1056 2065 aut
1080 2035 1162 2066 alios
1186 2045 1275 2067 amo-

264 2089 391 2123 ventes,
403 2096 475 2118 eam
488 2087 635 2126 predicto
649 2088 758 2123 Petro,
773 2088 951 2118 dummodo
963 2088 1029 2118 vita
1044 2089 1074 2118 et
1092 2089 1277 2120 litteratura

264 2142 385 2172 existat
396 2142 586 2177 idoneus,et
600 2141 679 2171 velit
694 2141 826 2171 indicta
842 2141 982 2172 ecclesia
994 2143 1214 2180 personaliter
1229 2152 1277 2174 re-

264 2195 384 2231 sidere,
397 2204 433 2225 ac
459 2195 498 2224 ad
522 2195 656 2225 ordines
673 2203 757 2233 quos
778 2194 885 2233 ipsius
905 2195 1042 2225 rectorie
1061 2204 1147 2226 onus
1163 2196 1276 2235 exigit,

264 2256 299 2279 se
316 2248 422 2278 facere
435 2247 567 2277 statutis
578 2247 782 2286 temporibus
791 2248 1190 2287 promoveri,auct0ritate
1201 2258 1276 2280 nos-
1306 2272 1308 2279 .

264 2302 314 2331 tra
332 2301 479 2331 conferre
490 2300 624 2336 curetis,
636 2301 747 2340 ipsum
765 2301 799 2331 in
813 2301 906 2331 illius
925 2301 1130 2340 corporalem
1147 2311 1275 2341 posses-

265 2353 393 2384 sionem
409 2353 603 2383 inducentes
619 2354 650 2383 et
666 2353 880 2384 defendentes
898 2353 1083 2384 inductum.
1105 2355 1180 2385 Non
1206 2355 1279 2385 obs-
1307 2377 1308 2382 ,

263 2407 352 2436 tante
363 2423 410 2436 —.
423 2406 690 2436 Contradictores
704 2422 751 2435 —.
763 2406 887 2436 Datum
903 2406 1099 2442 Viterbii,111
1119 2408 1278 2438 kalendas

266 2458 468 2495 novembris,
487 2467 573 2489 anno
584 2459 612 2488 1⁰
628 2470 654 2488 ».

335 2620 384 2651 2ss
768 2619 893 2651 Viterbe,
910 2622 939 2647 13
955 2621 1110 2648 novembre
1132 2623 1208 2648 ¹261.

303 2703 432 2730 Ministro
449 2704 477 2729 et
493 2702 629 2729 fratribus
644 2702 747 2729 domus
763 2702 915 2737 hospitalis
933 2705 961 2731 S.
978 2705 1106 2732 Tnomae
1124 2705 1151 2732 in
1167 2705 1280 2732 Formis

266 2752 300 2779 de
317 2751 390 2778 Urbe
407 2751 537 2786 indulget
546 2753 576 2777 ut
589 2751 622 2778 de
640 2751 682 2778 his
694 2758 765 2786 quae
782 2751 850 2785 ipsis
859 2752 964 2780 Christi
982 2753 1079 2780 fideles
1098 2754 1279 2788 reliquerint,

267 2800 400 2835 cuiquam
429 2800 600 2827 canonicam
625 2799 771 2835 justitiam
800 2800 934 2828 exhibere
965 2801 1088 2829 minime
1116 2804 1280 2830 teneantur.

268 2849 346 2881 (Rae.
368 2849 401 2876 26
418 2848 467 2875 fol.
484 2851 510 2880 7,
528 2853 560 2874 n⁰
576 2848 634 2878 24.)

1333 340 1450 370 Formis
1465 342 1500 371 (le
1522 342 1610 379 L'rbe,
1629 343 1669 373 ad
1684 344 1849 375 Romanam
1865 345 2021 376 ecclesiam
2039 348 2120 377 nullo
2138 349 2233 379 medio
2248 351 2342 390 perli-

1334 395 1443 431 nmztis,
1460 395 1575 425 ordinis
1584 406 1608 426 s.
1631 396 1788 427 Trinitatis
1809 404 1835 428 et
1848 399 2052 439 captivorwn.
2068 401 2254 433 Desideriis
2272 412 2343 434 ves-

1332 447 1391 477 tris
1411 448 1444 478 in
1458 450 1728 480 —Allendentes
1747 452 1856 490 itaque
1873 453 1959 491 quod
1974 453 2113 484 libenter
2128 456 2251 486 vacatis
2268 465 2343 495 ope-

1332 500 1424 530 ribus
1436 502 1562 540 pietati,
1575 505 1606 532 et
1619 511 1677 542 per
1690 504 1748 534 lioc
1765 513 1801 534 ac
1813 505 1950 536 obtentu
1969 507 2080 537 dilecti
2098 508 2273 539 siliinostri
2286 509 2341 545 R„

1331 554 1434 583 sancti
1458 554 1578 592 Angeli
1594 556 1724 586 diaconi
1750 557 1941 593 cardinalis,
1962 560 2015 589 cui
2032 568 2144 590 curam
2161 562 2267 600 ipsius
2282 562 2342 592 do-

1331 614 1405 635 mus
1427 607 1584 637 duximus
1609 609 1892 645 committendam,
1923 620 1981 649 pro
2009 612 2103 642 vobis
2128 614 2342 652 apostolicam

1331 658 1469 695 gratiam
1486 659 1867 697 implorantis,volentes
1886 671 1944 692 vos
1962 665 2119 702 prosequi
2135 666 2289 703 gratioso,
2307 667 2342 696 ut

1330 710 1368 739 de
1385 710 1448 740 biis
1460 720 1522 749 que
1537 712 1659 742 Christi
1684 714 1798 744 fideles
1815 715 1911 744 vobis
1928 717 1958 745 et
1984 717 2091 746 cidem
2111 717 2223 748 domui
2242 719 2342 757 picta·

1330 763 1374 792 tis
1396 763 1517 793 intuitu
1541 764 1574 794 in
1597 765 1713 795 ultima
1738 767 1906 797 voluntate
1924 769 2130 808 reliquerint,
2152 779 2217 800 non
2233 772 2342 801 tenea-

1302 852 1303 856 *
1330 815 1413 845 mini
1425 816 1580 854 cuiquam
1590 818 1953 857 canonicamjustitiam
1969 822 2124 852 exhibere
2144 832 2203 853 nec
2212 824 2252 853 ad
2269 833 2343 855 eam

1302 908 1304 913 Ι
1332 868 1554 898 exhibendam
1571 871 1883 910 compcllipossitis,
1900 873 1994 903 vobis
2008 876 2200 906 auctoritate
2210 886 2344 915 presen—

1331 921 1415 951 tium
1430 921 1652 960 indulgemus.
1671 923 1764 953 Nulli
1783 934 1859 964 crgo
1876 927 1935 956 etc.
1956 927 2079 957 Datum
2099 929 2245 964 Viterbii,
2266 930 2342 960 idus

1302 971 1303 1010 j
1334 975 1536 1009 novembris,
1554 984 1640 1006 anno
1650 977 1678 1006 l0
1696 990 1723 1007 ›>.

260 1027 369 1061 luerit,
395 1028 431 1056 ut
451 1027 491 1056 ad
521 1026 613 1056 illam
639 1026 772 1056 Petrum
797 1026 956 1065 eligerent
976 1027 1273 1064 supradictmn,ta-
1302 1035 1304 1039 ·

260 1088 348 1116 men,
365 1079 443 1118 qnia
462 1079 607 1118 predicte
624 1079 804 1117 apostolice
818 1088 853 1109 ac
881 1087 981 1118 super
1007 1079 1231 1118 resignatione
1243 1080 1274 1110 et
1303 1091 1304 1098 ¹

259 1133 399 1164 consilio
428 1132 619 1171 hujusmodi
643 1132 790 1162 confecte
821 1132 927 1162 littere
955 1134 1030 1171 post
1062 1133 1188 1163 obitum
1204 1141 1275 1171 pre·
1303 1146 1305 1171 ;

259 1186 338 1217 dicti
363 1185 475 1216 fratris
490 1186 544 1221 R.‚
572 1185 614 1215 ad
645 1185 778 1215 eosdem
808 1185 1001 1224 episcopum
1035 1186 1067 1215 et
1096 1186 1274 1216 canonicos
1304 1174 1305 1215 f

1401 1167 1446 1197 27
1834 1167 1957 1201 Viterbe,
1978 1170 2007 1194 13
2023 1170 2177 1196 novembre
2196 1172 2272 1197 1261.

1369 1250 1412 1281 R„
1437 1258 1460 1277 s.
1479 1249 1579 1284 Angeli
1594 1249 1713 1276 diacono
1732 1249 1995 1282 cardinali‚curam
2023 1252 2124 1278 domus
2152 1253 2302 1287 hospitalis
2320 1263 2343 1281 s.

1334 1299 1459 1325 Thomne
1476 1298 1503 1325 in
1524 1298 1637 1324 Formis
1652 1299 1684 1324 de
1701 1297 1773 1325 L'rbe
1790 1299 1959 1327 committit⁴
1979 1301 2109 1334 (nacae,
2128 1301 2176 1327 ful.
2195 1305 2220 1333 7,
2240 1309 2270 1328 110
2289 1304 2344 1335 25.)

1376 1392 1454 1427 «R,
1478 1392 1574 1421 sancii
1597 1392 1708 1431 .›lnqeli
1737 1392 1863 1421 dekzcono
1893 1392 2056 1422 cardinali.
2076 1394 2263 1424 Interalias
2279 1395 2344 1425 sol-

1334 1445 1525 1476 licitudines
1540 1445 1813 1475 ——.Attendentes
1834 1445 1943 1483 itaque
1960 1447 2047 1484 quod
2065 1447 2184 1476 (lomus
2198 1447 2345 1485 hospita-

1334 1499 1377 1529 lis
1395 1507 1421 1528 s.
1441 1499 1567 1528 Thome
1583 1498 1617 1528 in
1639 1498 1768 1528 Formis
1784 1498 1822 1528 de
1839 1498 1940 1533 Urbe,
1953 1499 2079 1529 ordinis
2094 1500 2302 1530 s.Trinitatis
2316 1502 2347 1531 et

1335 1551 1553 1590 captivorum,
1585 1560 1684 1589 quam
1716 1551 1823 1581 felicis
1860 1552 2097 1582 recordationis
2132 1553 2346 1583 Innocentius

1334 1613 1420 1643 papa
1436 1605 1496 1638 III,
1512 1604 1727 1642 predecessor
1744 1605 1865 1641 noster,
1885 1605 2071 1635 avunculus
2088 1606 2174 1639 tuns,
2192 1607 2230 1635 «le
2247 1606 2345 1636 bonis

1335 1657 1473 1688 ecclesie
1494 1657 1644 1687 Romane
1667 1657 1897 1695 fundavit,per
1921 1658 2012 1687 tuam
2036 1658 2233 1688 industrinn
2258 1660 2345 1689 circa

1335 1710 1521 1749 spiritualia
1532 1711 1563 1740 et
1574 1710 1780 1748 temporalia,
1797 1710 1867 1740 Deo
1883 1711 2036 1750 propitio.
2054 1711 2210 1741 salutaria
2224 1712 2344 1751 poterit

1336 1763 1504 1802 suscipere
1524 1763 1736 1797 incrementa,
1754 1763 1861 1801 ipsius
1879 1771 1991 1793 curam
2006 1765 2198 1794 auctoritate
2214 1773 2344 1803 presen-

1333 1817 1417 1848 tium
1428 1816 1488 1846 tibi
1498 1816 1593 1854 plene
1607 1816 1647 1845 ad
1660 1816 1761 1845 vitam
1774 1817 1863 1846 tuam
1872 1816 2080 1847 solummodo
2092 1818 2249 1847 duximus
2260 1827 2347 1848 com-

1336 1870 1543 1904 mittendam,
1562 1869 1605 1898 ita
1630 1869 1719 1906 quod
1742 1869 1776 1898 in
1801 1877 1839 1898 ea
1856 1869 2046 1899 ministrum
2065 1872 2095 1900 et
2114 1870 2244 1905 fratres,
2263 1872 2289 1900 si
2305 1880 2347 1901 ex

1336 1923 1433 1961 culpa
1444 1922 1628 1961 corrigendi
1644 1921 1779 1957 fuerint,
1797 1923 1906 1960 possis
1922 1923 2096 1961 corrigere,
2116 1924 2281 1957 ordinare,
2298 1933 2343 1954 re-

1336 1976 1479 2006 formare
1500 1976 1531 2005 et
1554 1975 1619 2004 alia
1638 1975 1745 2004 facere
1771 1983 1835 2013 que
1861 1975 1959 2005 saluti
1985 1976 2173 2006 animarum
2195 1978 2224 2006 et
2241 1977 2348 2015 ipsius

1336 2030 1455 2059 domus
1477 2027 1678 2058 utilitatibus
1704 2027 1825 2057 melius
1847 2028 1971 2058 videris
1997 2029 2164 2068 expedire,
2183 2030 2347 2060 0011111113-

1336 2083 1423 2112 trum
1434 2082 1464 2112 et
1479 2081 1596 2111 fratres
1608 2080 1699 2119 ipsos
1714 2080 1988 2120 absolverejuxta
2006 2081 2146 2112 formam
2158 2083 2296 2113 ecclesie
2309 2083 2349 2113 ab

1336 2134 1718 2166 excommunicationum
1732 2134 1918 2169 sententiiS,
1935 2134 1963 2164 si
1981 2143 2063 2173 quas
2079 2144 2137 2174 pro
2151 2136 2351 2166 violentain-

1333 2187 1476 2228 jectione
1492 2195 1653 2217 manuum
1671 2187 1704 2216 in
1721 2195 1756 2217 se
1774 2188 1863 2226 ipsos
1879 2188 2037 2217 hacteuus
2055 2188 2278 2223 incurrerunt,
2297 2189 2351 2219 vel

1337 2241 1508 2272 incurrent
1525 2240 1559 2270 in
1577 2241 1760 2279 posterum,
1780 2240 1927 2279 injuncto
1944 2241 1992 2271 eis
2009 2241 2096 2279 qnod
2109 2242 2148 2271 de
2160 2243 2234 2279 ¹iure
2251 2243 2350 2272 fuerit

1338 2294 1593 2333 injungendum,
1613 2293 1678 2323 nisi
1702 2301 1817 2323 eorum
1838 2301 1995 2323 excessus
2013 2294 2093 2324 adeo
2109 2295 2220 2332 gravis
2235 2295 2350 2325 extite-

1338 2348 1381 2378 rit
1399 2348 1429 2377 et
1446 2346 1607 2380 enormis,
1624 2346 1711 2385 quod
1728 2346 1861 2385 propter
1877 2346 1938 2376 hoc
1948 2347 1988 2376 ad
2007 2347 2117 2377 sedem
2135 2348 2352 2386 apostolicam

1338 2401 1454 2431 merito
1471 2400 1537 2430 sint
1553 2399 1759 2432 mittendi,ac
1771 2399 1987 2438 dispensandi
2005 2408 2081 2429 cum
2093 2400 2141 2429 eis
2157 2401 2213 2439 qui
2229 2401 2355 2431 fuerint

1339 2453 1484 2484 clericali
1499 2454 1661 2483 caractere
1678 2452 1828 2491 insigniti
1845 2461 1944 2491 super
1956 2453 2197 2491 irregularitate
2213 2454 2241 2483 si
2253 2462 2353 2492 quam

1309 2524 1310 2538 ³
1339 2506 1575 2535 contraxerunt
1593 2504 1646 2535 vel
1663 2505 1858 2535 contrahent
1874 2505 1906 2534 in
1924 2505 2083 2539 futurum,
2104 2505 2297 2544 hujusmodi
2314 2505 2353 2535 li—

1340 2558 1406 2597 gati
1417 2557 1604 2594 sententiis,
1616 2566 1650 2588 se
1665 2558 1790 2588 divinis
1802 2558 1922 2588 officiis
1936 2558 2165 2593 immiscendo,
2186 2560 2283 2597 prout
2299 2560 2356 2588 tua

1340 2611 1581 2649 circumspecta
1605 2611 1759 2641 discretio
1782 2611 1966 2641 secundnm
1988 2611 2096 2641 Deum
2113 2611 2233 2641 viderit
2257 2619 2356 2650 expe-

1341 2665 1422 2694 dire.
1445 2664 1587 2694 Proviso
1605 2664 1692 2702 quod
1710 2664 1802 2694 nulla
1815 2664 1854 2693 de
1868 2663 1964 2694 bonis
1978 2664 2087 2703 ipsius
2105 2665 2224 2694 domus
2241 2664 2357 2695 immo-

1342 2716 1467 2747 bilibus
1479 2717 1617 2753 alienes,
1641 2717 1700 2747 sed
1717 2716 1829 2747 omnia
1842 2717 1908 2746 tam
1924 2726 1987 2755 que
2004 2717 2295 2756 impresentiarum
2312 2726 2363 2747 ra-

1342 2770 1546 2801 tionabiliter
1560 2770 1719 2809 possidet,
1730 2779 1829 2809 quam
1841 2779 1904 2809 que
1921 2770 1954 2800 in
1964 2770 2113 2801 futurum
2123 2771 2225 2809 justis
2241 2771 2361 2805 modis,

1314 2830 1315 2834 ¹
1343 2824 1508 2862 prestante
1518 2823 1674 2858 Domino,
1687 2824 1892 2862 assequetur,
1905 2824 1935 2854 et
1950 2824 2047 2855 etiam
2060 2832 2123 2863 que
2139 2833 2195 2863 per
2208 2826 2297 2854 tuam
2313 2824 2364 2854 in-

1345 2876 1509 2907 dustriam
1536 2876 1591 2907 vel
1615 2876 1778 2907 beneficio
1805 2878 1857 2907 tue
1882 2876 2105 2912 liberalitatis,
2127 2877 2314 2916 largitionis
2334 2876 2366 2907 et

310 2939 357 2958 «..
379 2927 515 2956 ministro
541 2930 569 2956 et
595 2926 746 2966 fratribus
771 2925 874 2956 domus
893 2926 1048 2967 hospitalis
1067 2938 1090 2958 s.
1116 2928 1225 2958 leome
1254 2928 1286 2958 in
1315 2944 1317 2961 1
1346 2929 1537 2960 donationis
1551 2929 1743 2969 acquiretin
1761 2929 1828 2960 vita
1844 2931 1899 2960 tua
1917 2930 1948 2961 et
1961 2930 2174 2970 postmodum
2188 2931 2288 2961 etiam
2298 2929 2369 2960 usi-
