2547 3289
271 327 328 355 102

267 405 424 445 prebeant
439 403 489 432 vel
501 401 711 434 conductum,
725 401 822 439 prout
840 399 994 438 superius
1008 400 1270 437 estexpressum.

267 457 363 493 Quod
388 456 416 486 si
440 454 581 494 predicti
604 455 759 492 potestas,
784 452 961 482 eonsilium
980 453 1008 481 et
1025 459 1201 481 commune
1224 459 1270 480 re·

267 509 380 548 quisiti
411 518 429 538 a
450 510 481 537 te
504 507 564 537 hoc
587 506 753 536 voluerint
767 505 945 535 efficaciter
960 504 1153 543 adimplere,
1167 505 1198 534 et
1214 512 1273 542 pro

266 561 331 591 hiis
352 559 574 599 adimplendis
599 559 671 589 sine
698 558 875 596 cujuslibet
891 566 982 587 more
998 556 1171 595 dispendio
1187 556 1273 586 bona

265 614 328 644 ilde
343 622 378 643 se
396 622 506 643 coram
524 614 553 642 te
569 611 990 649 astrinxerintjuramento,
1004 612 1036 640 et
1054 609 1274 647 obligaverint

265 675 300 696 se
316 666 374 696 tibi
392 665 565 704 recipienti
584 665 654 694 vice
673 667 783 694 nostra
801 663 862 693 sub
882 663 1018 701 ydoneis
1033 664 1064 693 et
1079 662 1273 692 sufficienti-

263 713 326 744 bus
343 713 546 752 pecuniariis
562 712 657 751 penis
671 712 711 742 de
726 711 848 750 quibus
863 711 988 741 videris
1000 711 1168 750 expedire,
1184 719 1221 740 ac
1238 718 1273 740 se

262 764 294 792 et
316 762 483 792 civitatem
501 769 617 791 eorum
642 760 737 799 penis
759 760 957 799 privationis
978 758 1273 798 archiepiscopalis

260 813 432 853 dignitatis
462 822 499 844 ac
523 813 778 852 privilegiorum
805 820 1038 842 concessorum
1077 812 1126 841 eis
1148 820 1166 840 a
1196 811 1272 841 sede

263 867 419 905 predicta,
436 867 652 905 omniumque
668 866 831 895 honorum
847 874 983 895 suorum
997 866 1113 903 sponte
1129 864 1273 903 subjece-

264 919 342 955 rint,
359 922 405 955 tu,
423 921 597 959 postquam
618 918 680 957 ipsi
699 918 1121 957 hujusmodijuramentum
1138 919 1169 947 et
1191 916 1272 946 obli-

262 972 429 1010 gationem
460 971 556 1010 plene
581 971 797 1010 prostiterint,
822 979 924 1009 seque
948 969 1139 1008 hujusmodi
1163 969 1272 1008 priva-

264 1024 347 1054 tioni
378 1024 596 1054 submiserint
612 1026 642 1054 et
655 1023 801 1053 confecta
815 1023 937 1053 suerint
949 1022 1125 1061 superbiis
1141 1022 1274 1061 publica

267 1077 497 1112 instrumenta,
514 1077 711 1107 sententiam
731 1076 897 1106 interdicti
917 1076 949 1105 in
965 1075 1145 1115 predictam
1160 1075 1273 1105 eivita-

265 1131 331 1160 tem
347 1130 520 1160 occasione
535 1129 659 1159 favoris
669 1128 875 1168 exhibitiper
890 1137 947 1159 eos
962 1127 1151 1158 scismatico
1160 1137 1274 1167 snpra-

263 1182 353 1213 dicto
382 1183 466 1213 dicte
484 1183 573 1213 sedis
590 1182 781 1212 auctoritate
797 1181 970 1220 prolatam,
983 1181 1112 1211 sublata
1128 1181 1276 1219 qualibet

267 1235 473 1269 difficultate,
500 1235 696 1274 suspendas.
733 1234 925 1264 Mandatum
953 1251 1002 1264 —.
1032 1234 1156 1264 Datum
1187 1233 1274 1272 apud

267 1287 552 1325 Urbemveterem,
569 1287 666 1317 nonis
682 1286 773 1322 maii,
787 1295 873 1316 anno
886 1291 935 1316 11⁰.
957 1298 971 1313 υ

871 1499 997 1530 Orvieto,
1014 1502 1029 1526 7
1047 1499 1105 1526 mai
1123 1500 1199 1526 ¹263.

333 1503 405 1533 230

299 1585 398 1611 Cei-tas
414 1584 498 1611 edicit
516 1590 621 1618 poenas
643 1582 670 1609 in
687 1582 847 1609 Januenses
863 1582 887 1610 si
909 1582 1078 1617 l‘alacologo
1093 1577 1279 1615 scismaticO,⁴

265 1634 398 1660 indurato
419 1632 501 1659 corde
523 1631 664 1658 auxilium
688 1634 834 1666 praestare
872 1639 927 1658 non
954 1631 1098 1658 desinant.
1124 1632 1202 1665 (linc.
1227 1633 1272 1664 26,

263 1683 331 1709 nuni
348 1682 383 1713 ll,
402 1686 432 1707 u⁰
450 1680 610 1712 93,s01.80
627 1685 656 1706 ν’
669 1680 701 1714 ¹.)

303 1818 317 1833 u
337 1804 455 1839 Eidem,
486 1804 567 1834 Post
602 1803 791 1842 frequentes
821 1805 895 1838 etc.,
925 1805 961 1834 ut
976 1804 1009 1834 in
1029 1805 1149 1843 prima,
1168 1814 1273 1844 usque

264 1858 359 1888 filiali
383 1857 545 1887 curabunt
573 1857 834 1896 promptitudine
861 1857 1054 1895 adimplere.
1078 1857 1149 1888 Nos
1175 1859 1275 1896 igitur

262 1911 303 1941 de
324 1910 618 1948 circumspectione
652 1911 708 1939 tua
726 1909 859 1948 plenam
882 1910 915 1939 in
943 1910 1085 1941 Domino
1118 1910 1274 1941 fiduciam

264 1963 465 1994 obtinentes.
504 1962 702 1992 mandamus
732 1963 889 2001 quatinus
906 1962 947 1992 ad
964 1963 1102 1993 eandem
1119 1965 1149 1994 te
1165 1964 1274 1995 conse—

266 2024 340 2046 rens
357 2015 538 2050 civitatem‚
552 2016 759 2053 potestatem,
777 2015 954 2044 consilium
969 2017 1000 2045 et
1012 2024 1187 2046 commune
1202 2025 1275 2055 pre—

264 2069 370 2098 dictos
392 2069 538 2106 exparte
564 2069 675 2097 nostra
700 2067 850 2105 requiras
870 2067 1012 2097 sollicite
1038 2077 1075 2098 ac
1091 2077 1166 2098 cum
1184 2069 1275 2099 omni

265 2121 438 2158 diligentia
456 2128 604 2154 moneas,
621 2122 667 2155 ut,
687 2120 772 2149 infra
789 2120 934 2158 spatium
947 2129 1005 2150 sex
1020 2122 1186 2152 mensium
1203 2124 1276 2160 post

268 2174 483 2204 monitionem
511 2175 614 2208 tuam,
631 2181 748 2202 omnes
768 2181 871 2203 naves
897 2174 929 2203 et
957 2173 1068 2211 galeas
1093 2176 1276 2213 cunctaque

267 2235 344 2256 vasa
364 2226 511 2264 ipsorum
529 2225 569 2255 de
588 2225 759 2264 prelibatis
778 2225 874 2255 terris
891 2227 922 2256 et
941 2226 1062 2255 insulis
1081 2229 1110 2256 et
1126 2228 1277 2266 speciali-

266 2281 313 2309 ter
327 2279 367 2309 de
384 2278 495 2308 insula
507 2277 757 2316 Nigripontensi
774 2278 925 2316 protinus
942 2281 1096 2309 revocent
1109 2281 1141 2309 et.
1155 2280 1277 2310 saciant

265 2333 296 2362 et
312 2332 488 2370 procurent
504 2330 592 2369 quod
608 2330 774 2360 ammirati
789 2332 863 2365 etc..
882 2340 988 2369 usque
1011 2332 1225 2363 conductum.
1245 2335 1275 2364 et

267 2384 506 2414 nichilominus
529 2383 569 2413 ad
592 2383 741 2420 ejusdem
764 2383 901 2413 ecclesie
920 2384 1085 2421 gremium
1108 2384 1279 2414 humiliter
1308 2402 1309 2406 =

267 2437 454 2471 redeuntes,
481 2445 499 2466 a
525 2436 792 2466 confederatione
808 2436 915 2475 ipsius
936 2437 1116 2466 scismatici
1132 2439 1208 2472 etc.,
1223 2446 1277 2467 us-

267 2498 330 2529 que
360 2489 598 2519 subtrahendo.
633 2489 704 2519 Nos
736 2489 837 2524 enim,
864 2489 927 2519 nisi
951 2489 1088 2528 predicti
1118 2492 1276 2528 potestas.

267 2542 446 2572 consilium
480 2545 511 2572 et
537 2550 713 2572 commune
729 2542 866 2572 monitis
887 2542 954 2572 tuis
977 2542 1064 2572 infra
1087 2542 1278 2581 hujusmodi

269 2595 447 2624 terminum
461 2594 643 2633 paruerint,
662 2603 776 2629 naves,
797 2594 908 2633 galeas
924 2596 954 2624 et
979 2602 1061 2624 vasa
1087 2595 1278 2633 hujusmodi

269 2647 308 2677 de.
339 2647 496 2685 predictis
525 2646 674 2685 partibus
697 2647 894 2681 revocando,
909 2647 1076 2677 redeundo
1102 2648 1143 2677 ad
1173 2648 1280 2686 ipsius

269 2700 408 2730 ecclesie
438 2700 602 2739 gremium
631 2701 663 2730 et
681 2708 700 2729 a
722 2699 988 2730 confederatione
1003 2699 1082 2730 dicti
1098 2700 1278 2731 scismatici

270 2752 402 2791 penitus
416 2752 609 2787 recedendo,
627 2761 702 2783 cum
717 2752 758 2782 ad
783 2753 932 2783 nostrum
957 2753 1145 2791 specialiter
1158 2755 1280 2792 spectet

307 2860 329 2884 ¹.
347 2859 384 2884 Le
398 2859 523 2890 Reginum
538 2862 616 2890 porte.
631 2867 663 2885 en
679 2867 774 2889 marne
790 2868 795 2885 ε
811 2860 884 2891 Quod
897 2860 1040 2886 Jarmenses
1051 2861 1174 2886 recedant
1188 2869 1204 2886 a
1219 2869 1279 2886 con-

271 2902 434 2934 federatione
455 2904 584 2935 Pan-oloqf
603 2907 627 2928 e!
644 2904 752 2929 redeant
771 2905 807 2929 ad
825 2905 977 2929 mandatum
993 2906 1104 2930 ecclesie.
1122 2906 1183 2930 Item
1199 2913 1279 2937 supra

273 2947 306 2972 dc
321 2948 417 2972 eodem.
433 2948 549 2979 capitulo
569 2948 655 2974 XLIV.
672 2949 733 2973 Item
754 2949 870 2980 capilulo
887 2949 914 2973 L.
934 2950 997 2974 Item
1010 2949 1126 2981 capitulo
1148 2949 1277 2976 Lxxxxl.

276 2992 339 3016 Item
352 2992 468 3024 capitulo
482 2991 622 3016 Lxxxxn.

1023 317 1273 348 REGISTRES
1296 316 1509 348 D'URBAIN
1532 317 1590 347 IV.

1337 397 1484 428 officium
1514 398 1706 438 hujusmodi
1724 399 1837 438 pravis
1860 401 1891 430 et
1908 399 2075 438 perversis
2091 400 2273 430 eorundem
2289 408 2348 439 po-

1335 451 1476 485 testatis,
1495 451 1627 482 consilii
1645 453 1677 481 et
1693 452 1879 482 communis
1895 452 2107 491 processibus
2123 452 2348 487 obviare‚non

1337 503 1485 533 valentes
1508 504 1647 534 ulterius
1673 503 1798 543 absque
1817 505 1910 543 gravi
1926 505 2050 535 Christi
2069 505 2196 535 offensa
2210 506 2277 534 tam
2294 505 2347 535 de-

1335 556 1501 586 testabilia
1529 558 1660 595 tamque
1684 565 1841 596 perversa
1866 557 2015 595 ipsorum
2033 566 2132 597 opera
2151 566 2215 596 que
2232 557 2264 587 in
2280 557 2348 588 dis-

1335 608 1495 647 pendiosa
1513 609 1614 639 totius
1630 609 1891 640 Christianitatis
1906 610 2051 648 pericula
2067 610 2252 640 redundare
2272 618 2345 640 nos-

1335 663 1466 697 cuntur,
1486 661 1548 692 sub
1563 661 1830 692 dissimulatione
1851 662 1993 692 transire
2013 671 2049 692 ac
2065 662 2204 701 dignum
2216 663 2348 693 differre

1332 714 1496 753 judicium
1520 715 1607 745 circa
1632 715 1735 754 ipsos,
1761 715 1842 753 quin
1859 715 1962 745 immo
1976 715 2125 745 volentes
2142 724 2256 745 eorum
2272 723 2346 754 pre-

1336 769 1566 806 sumptuosam
1610 767 1840 806 pertinaciam,
1873 767 1995 802 debita,
2020 767 2160 798 faciente
2189 768 2349 802 Domino,

1336 820 1623 850 animadversione
1664 820 1795 859 punire,
1827 819 1991 859 prefatum
2008 821 2203 859 potestatem
2219 829 2348 851 necnon

1336 873 1546 902 consiliarios
1579 874 1610 903 et
1641 873 1732 903 cives
1756 873 1944 903 Januenses
1967 881 2099 903 exnunc
2119 882 2160 903 ex
2177 874 2268 912 parte
2283 871 2347 903 Dei

1336 926 1757 964 omnipotentis.Patris‚et
1773 925 1903 960 Filii,et
1919 926 2064 965 Spiritus
2079 925 2351 960 Sancti‚auctori-

1336 979 1399 1008 tate
1418 987 1549 1016 qnoque
1582 978 1753 1008 beatorum
1766 978 1992 1016 apostolorum
2020 978 2110 1008 Petri
2129 980 2159 1009 et
2187 977 2286 1008 Pauli
2311 986 2349 1009 ac

1339 1033 1450 1061 nostra
1470 1031 1825 1061 excommunicationis
1847 1031 2050 1061 innodamus
2075 1031 2210 1061 viuculo
2228 1033 2259 1061 et
2278 1032 2347 1061 tam

1338 1084 1427 1122 ipsos
1445 1092 1543 1122 quam
1560 1084 1682 1113 dictam
1700 1084 1868 1113 civitatem
1895 1084 2169 1122 archiepiscopali
2187 1083 2348 1122 dignitate

1338 1137 1558 1175 omnibusque
1587 1136 1773 1175 privilegiis
1798 1137 1846 1166 eis
1862 1137 1903 1166 ab
1920 1137 2101 1175 apostolica
2119 1137 2197 1167 sede
2215 1144 2348 1166 conces-

1338 1191 1382 1219 sis
1409 1192 1440 1220 et
1465 1190 1592 1220 cunctis
1615 1198 1730 1219 eorum
1746 1189 1930 1219 honoribus
1944 1189 1983 1219 de
2001 1189 2138 1220 fratrum
2159 1191 2347 1220 nostrorum

1337 1243 1477 1274 consilio
1502 1242 1684 1281 apostolica
1708 1242 1843 1281 penitus
1869 1243 2061 1273 auctoritate
2085 1243 2269 1281 privamus,
2293 1241 2348 1272 de·

1336 1297 1509 1326 cernentes
1540 1304 1596 1325 eos
1621 1297 1788 1334 tamquam
1815 1295 2054 1324 cMhrdicorum
2078 1295 2347 1324 Christianorum

1336 1349 1564 1387 persecutores
1579 1348 1609 1376 et
1626 1347 1737 1376 hostes
1752 1355 1769 1376 a
1791 1349 1908 1376 cuncto
1922 1347 2104 1376 christiano
2122 1347 2244 1385 populo
2261 1346 2347 1376 disfi-

1336 1401 1441 1431 datos.
1452 1400 1618 1429 Volumus
1643 1399 1743 1437 igitur
1764 1399 1891 1438 tibique
1906 1399 2053 1429 districte
2068 1399 2284 1438 precipimus,
2300 1399 2348 1435 ut,

1337 1453 1363 1483 si
1395 1453 1559 1492 premissa
1591 1461 1649 1491 per
1676 1452 1840 1490 predictos
1868 1453 2076 1490 potestatem,
2105 1452 2284 1482 consilium
2316 1453 2349 1482 et

1337 1514 1512 1536 commune
1532 1505 1618 1535 infra
1630 1505 1796 1543 prefatum
1814 1505 1993 1535 terminum
2011 1513 2077 1535 non
2094 1505 2217 1535 suerint
2236 1505 2348 1535 effica-

1336 1559 1416 1589 citer
1429 1558 1618 1597 adimpleta,
1632 1559 1667 1588 tu
1677 1559 1795 1588 extunc
1814 1558 1904 1596 ipsos
1919 1559 2127 1597 potestatem,
2139 1557 2350 1588 consiltarios

1336 1612 1401 1650 (sic)
1421 1612 1453 1641 et
1474 1611 1565 1641 cives
1590 1611 1906 1646 excommunicatos,
1921 1612 1951 1640 et
1968 1613 2035 1640 tam
2054 1611 2145 1650 ipsos
2160 1619 2261 1649 quam
2281 1610 2348 1641 dic-

1336 1666 1403 1695 tam
1418 1664 1585 1694 civitatem
1598 1664 1747 1702 privatos
1760 1663 1918 1702 predictis
1933 1663 2104 1702 dignitate,
2121 1663 2307 1703 privilegiis
2319 1664 2350 1694 et

1336 1717 1520 1748 honoribus
1540 1717 1571 1747 et
1592 1725 1611 1746 a
1637 1716 1759 1755 populo
1779 1716 1949 1746 diffidatos
1981 1716 2109 1751 eodem,
2127 1725 2185 1754 per
2199 1718 2228 1747 te
2244 1718 2276 1747 et
2290 1724 2351 1755 per

1337 1771 1433 1805 alios,
1463 1770 1586 1809 quibus
1606 1769 1668 1800 hoc
1690 1769 1911 1803 commiseris,
1934 1769 1991 1799 ubi
2018 1772 2047 1800 et
2069 1769 2202 1808 quando
2225 1769 2351 1800 videris

1337 1824 1505 1862 expedire,
1517 1822 1746 1862 sollempniter
1761 1822 1957 1853 denuntiare
1973 1831 2142 1861 procures.
2159 1821 2350 1852 Contradic-

1338 1879 1426 1907 tores
1452 1878 1512 1906 etc.
1537 1893 1575 1898 —
1599 1876 1639 1905 Et
1652 1875 1891 1906 nichilominus
1908 1884 2030 1914 pravos
2049 1876 2081 1905 et
2102 1883 2278 1914 perversos
2293 1874 2352 1905 Ja—

1340 1937 1494 1963 nuenses,
1507 1929 1655 1966 ipsorum
1674 1937 1851 1967 processus
1867 1930 1897 1958 et
1919 1928 2062 1967 qualiter
2076 1929 2191 1958 contra
2205 1935 2262 1958 eos
2277 1935 2352 1966 pro·

1337 1982 1537 2012 cesserimus
1577 1981 1772 2011 memoratis
1803 1981 1988 2019 ceterisque
2019 1980 2192 2011 catholicis
2217 1979 2353 2020 regibus

1339 2043 1375 2064 ac
1401 2033 1548 2072 predicto
1569 2033 1682 2063 comiti
1708 2033 1885 2063 Provincie
1912 2034 1943 2063 et
1968 2032 2044 2062 aliis
2067 2032 2277 2071 principibus
2301 2039 2352 2062 ec·

1339 2086 1534 2117 clesiasticis
1567 2087 1598 2116 et
1633 2085 1813 2116 mumlanis
1851 2085 1986 2116 studeas
2017 2085 2158 2115 fideliter
2182 2085 2350 2122 intimare,

1339 2139 1512 2178 requirens
1539 2138 1630 2176 ipsos
1652 2140 1686 2167 ut
1709 2139 1741 2167 in
1755 2137 1814 2167 hac
1830 2139 1922 2176 parte
1937 2138 2145 2176 provideant,
2163 2139 2259 2176 prout
2273 2146 2351 2176 aug·

1339 2194 1448 2222 mento
1459 2191 1618 2221 catholice
1632 2190 1708 2220 fidei
1722 2192 1751 2221 et
1769 2190 1816 2220 rei
1832 2190 1966 2229 publice
1986 2190 2248 2221 Christianitatis
2258 2190 2351 2221 vide-

1339 2245 1403 2274 rint
1419 2243 1587 2282 expedire,
1607 2243 1651 2274 ita
1666 2243 1755 2281 quod
1770 2242 1896 2273 eisdem
1915 2242 2143 2272 Januensibus
2166 2243 2223 2282 qui
2238 2243 2352 2273 nolue-

1340 2299 1415 2328 runt
1431 2296 1614 2335 intelligere
1624 2298 1659 2326 ut
1673 2295 1757 2326 bene
1770 2297 1914 2335 agerent,
1926 2294 2042 2325 saltem
2055 2296 2245 2326 continuata
2255 2303 2353 2327 vexa-

1339 2351 1384 2380 tio
1408 2349 1541 2389 prebeat
1566 2348 1781 2382 intellectum,
1798 2350 1923 2388 etquos
1937 2357 1954 2378 a
1971 2348 2058 2378 malo
2078 2348 2164 2378 lenis
2179 2349 2352 2388 persuasio

1339 2411 1494 2433 revocare
1520 2410 1585 2432 non
1606 2401 1724 2441 potuit,
1745 2401 1846 2440 digua
1869 2403 1899 2431 et
1917 2401 2008 2440 justa
2025 2403 2172 2431 coerceat
2193 2401 2354 2432 severitas

1340 2455 1487 2485 ultionis.
1525 2454 1644 2484 Datum
1684 2454 1772 2492 apud
1802 2454 2092 2489 Urhe111vete1·e1n,
2125 2453 2224 2484 nouis
2257 2454 2351 2490 maii.

1340 2516 1427 2538 anno
1443 2511 1490 2537 11⁰.
1510 2519 1524 2534 n

1409 2713 1478 2745 231

1920 2712 2047 2744 Orvieto,
2061 2713 2095 2739 ‘27
2108 2711 2183 2739 avril
2200 2712 2279 2739 ⁴2⁶³.

1377 2796 1414 2823 De
1437 2796 1624 2823 subventione
1650 2795 1780 2823 facienda
1805 2795 1895 2822 nobili
1921 2796 1981 2823 viro
2004 2795 2156 2823 Willelmo
2178 2796 2213 2823 de
2234 2795 2354 2823 winu-

1341 2844 1440 2876 duiuo,
1462 2844 1584 2879 principi
1606 2844 1749 2876 Achaica
1769 2844 1887 2879 prelatis
1909 2844 1998 2879 ipsius
2020 2847 2108 2872 terre.
2132 2844 2203 2871 item
2223 2843 2300 2871 intra
2318 2843 2354 2871 de

1341 2893 1453 2924 eodem.
1469 2893 1595 2928 capitulo
1610 2901 1715 2920 cxxxxv
1727 2895 1745 2920 ¹.
1761 2893 1840 2929 (Rsc.
1855 2893 1900 2924 26,
1917 2893 1986 2920 anni
2003 2892 2040 2926 11,
2056 2897 2089 2920 n·
2103 2893 2149 2926 ⁹⁸,
2164 2892 2215 2920 tol.
2231 2892 2292 2927 81.)

1374 2995 1395 3018 t.
1413 2994 1450 3019 Ce
1463 2994 1574 3019 resume
1586 2996 1629 3019 est
1640 2993 1730 3019 donne
1742 3000 1775 3018 en
1792 3000 1885 3025 margo
1899 2993 1937 3018 du
1950 2993 2091 3025 Registre.
