2547 3289
289 262 347 290 342
1047 258 1289 288 1’.E‹÷1s'i·1{1‹;s
1311 257 1522 288 D'URBAIN
1549 257 1604 286 iv.

290 352 348 372 nes
381 344 618 372 ‹conventiorws
655 344 685 371 et
720 341 953 379 colligationes
987 350 1061 371 cum
1096 349 1134 370 eo
1173 340 1291 376 initas,

289 396 388 425 etiam
409 396 434 424 si
454 395 576 424 suerint
593 395 784 432 juramento
802 394 936 429 vallate,
954 403 972 423 a
996 403 1061 432 quo
1086 402 1143 423 eos
1164 394 1293 431 aposto-

288 449 351 477 lica
373 448 567 476 auctoritate
590 447 798 476 absolvimus
821 448 851 476 et
873 447 1086 476 decernimus
1107 446 1292 481 absolutos,

288 501 435 529 omnium
458 498 590 527 navium
610 500 637 527 ot
661 498 832 535 galearum
854 499 1118 535 cunctorumque
1137 506 1292 526 vasorum

287 562 323 581 ar·
339 552 538 581 bellatorum
556 559 693 580 suorum
713 550 865 579 subsidia
884 549 924 579 ab
941 550 1091 587 ejusdem
1109 549 1291 579 scismatici

287 604 434 633 servitiis
453 604 492 633 de
513 602 722 641 quibuslibet
749 603 832 632 locis
856 603 993 632 omnino
1014 603 1053 632 de
1077 603 1144 640 (sit-⁴)
1163 602 1292 632 subtra-

286 657 404 686 hendo.
427 656 513 694 Ipsis
532 665 664 694 quoquc
678 664 838 694 expresse
856 656 1009 694 predicas
1027 657 1058 685 et
1075 655 1292 685 commineris

284 712 408 747 aperte,
423 709 522 747 quod,
541 709 568 738 si
588 709 674 738 int'ra
696 709 886 746 hujusmodi
909 708 1089 738 terminum
1108 708 1175 738 tuis
1191 717 1292 746 super

284 763 354 798 boc,
370 763 472 792 inuno
488 762 599 800 potius
614 762 822 800 apostolicis,
838 770 900 791 non
917 762 1089 800 paruerint
1108 762 1245 791 monitis
1261 763 1291 792 ct

284 815 462 853 preceptis,
483 824 542 845 nos
562 816 683 845 extunc
700 815 870 845 civitatem
887 816 1093 844 januensem
1110 815 1291 853 archiepis—

283 869 390 907 copali
409 868 572 907 dignitate
591 867 815 907 omnibusque
828 867 1028 906 privilegiis,
1046 868 1094 897 eis
1109 867 1292 906 3111190511,-

284 921 345 949 lica
360 920 438 950 sede
451 920 632 953 concessis,
647 921 677 949 et
690 920 819 949 cunctis
832 929 946 949 eorum
960 919 1143 949 honoribus
1158 921 1290 958 privare

282 973 486 1008 (astabimus,
515 982 551 1002 ae
579 973 755 1002 decernere
792 982 860 1008 eos,
894 974 1052 1011 tanquam
1079 973 1290 1003 scismaticos

282 1028 313 1056 ctv
330 1026 566 1056 catholicorum
588 1025 847 1055 christianorum
864 1028 1096 1063 persecutores
1114 1029 1145 1055 et
1163 1026 1288 1062 hostes,

282 1090 299 1109 a
316 1081 434 1109 cuncto
452 1079 636 1109 christiano
654 1079 778 1117 populo
796 1079 977 1115 dit'tidatos,
1000 1081 1032 1109 et
1051 1079 1289 1109 nichilominus

282 1142 403 1172 pravos
427 1135 459 1162 et
484 1141 660 1171 perversos
679 1141 793 1162 eorum
812 1141 984 1168 excessus,
1005 1134 1036 1162 et
1053 1133 1198 1170 qualiter
1218 1142 1291 1162 eon-

281 1188 330 1216 tra
357 1194 414 1216 eos
432 1194 626 1224 processum
653 1185 764 1219 suerit,
785 1185 975 1215 carissimis
1001 1186 1032 1215 in
1054 1186 1188 1215 Christo
1208 1186 1289 1215 tiliis

280 1239 405 1269 nostris
432 1262 463 1267 ..
493 1239 709 1272 l‹‘rancm·11111‚
742 1261 767 1268 ..
802 1239 1000 1276 Anglorum,
1027 1263 1054 1268 ..
1088 1239 1286 1274 Caste110‚..

280 1293 484 1331 Aragtmum,
510 1315 536 1321 ..
566 1291 783 1329 I'ortugallie,
811 1300 893 1321 ac..
921 1292 1068 1321 Navarre
1096 1292 1288 1322 illustribus

280 1344 426 1383 regibus,
447 1346 477 1375 et
496 1345 617 1374 dilecto
634 1345 701 1373 tilio
724 1344 828 1374 nobili
849 1345 920 1375 viro
940 1344 1074 1379 Karolo,
1095 1345 1287 1383 Andegavie

279 1407 314 1427 ac
332 1398 506 1427 Provincie
527 1398 652 1431 comui,
673 1397 861 1435 ceterisque
878 1397 1089 1435 principibus
1109 1399 1139 1427 et
1156 1397 1286 1427 1111111111-

278 1449 340 1479 bus
353 1451 592 1480 ecclesiasticis
606 1452 635 1479 et
651 1450 841 1483 mundanis,
853 1451 918 1479 tam
932 1450 964 1479 iu
977 1450 1171 1479 cismarinis
1186 1459 1286 1488 quam

280 1504 311 1532 in
336 1503 567 1533 ultramarinis
596 1503 749 1541 partibus
770 1503 976 1539 constitutis,
997 1503 1284 1540 dtmuiitiabimus,

277 1566 314 1585 ae
331 1565 492 1594 personas
509 1558 540 1585 et
559 1555 644 1585 bona
659 1556 852 1585 emunidem
867 1556 1004 1589 civium,
1017 1556 1220 1594 ubicumque
1240 1556 1288 1585 in-

278 1610 375 1638 venta
394 1609 527 1645 fuerint,
545 1617 752 1647 exponemus
771 1608 876 1638 libere
897 1609 981 1646 ipsis
996 1609 1140 1647 aliisque
1160 1609 1286 1639 Christi

278 1662 433 1692 tidelibus
452 1662 653 1700 occupanda.
673 1663 794 1692 Datum
808 1662 896 1700 apud
916 1662 1204 1697 Urbemvetereni,
1226 1672 1284 1691 xm

278 1715 438 1745 kalendas
458 1715 660 1750 novembris,
676 1724 763 1745 anno
783 1715 893 1745 tertio.
911 1726 924 1742 η

811 1901 936 1934 (lrvieto,
952 1902 986 1928 20
1005 1901 1120 1927 octobr-v
1139 1902 1213 1928 1203.

366 1904 437 1933 720

313 1984 409 2009 Eidem
434 1985 547 2009 mandat
570 1983 671 2009 iterum
689 1983 817 2010 hortetur
834 1984 991 2009 Januenses
1007 1986 1036 2010 ut
1055 1984 1150 2017 galeas
1170 1992 1184 2010 e
1201 1985 1287 2018 parti·
1317 1997 1318 2002 =

277 2033 327 2058 bus
354 2032 505 2058 ltomaniae
533 2034 558 2058 et
588 2032 752 2065 specialiter
774 2031 866 2057 insula
898 2031 1110 2066 Nigripontensi
1139 2036 1284 2059 revocent.

277 2082 355 2115 [111111.
378 2083 421 2107 28,
440 2080 489 2108 l'ol.
507 2082 550 2108 81,
569 2089 627 2106 cur.
644 2089 711 2107 ann.
728 2080 774 2114 tu,
790 2085 821 2106 11ο
837 2082 877 2112 (5.)

316 2199 332 2217 «
363 2188 479 2219 Eidem.
508 2190 640 2219 Dudum
673 2190 854 2220 intellectis
883 2192 1189 2229 persecutionibus,
1221 2202 1284 2232 que

279 2242 310 2271 iu
337 2242 483 2271 savorem
504 2242 672 2281 Paleologi
696 2243 879 2273 scismatici
909 2253 967 2283 per
989 2253 1104 2279 naves,
1123 2245 1236 2284 galeas
1255 2249 1283 2276 et

277 2295 342 2324 alia
366 2304 445 2324 vasa
463 2295 587 2324 civium
602 2295 825 2325 Janucnsium
845 2297 967 2327 dilecto
988 2298 1056 2327 lilio
1077 2298 1181 2328 nobili
1200 2299 1283 2335 viro,

275 2347 459 2377 (luillelmo
483 2348 522 2377 de
553 2348 777 2385 Villardubm,
804 2349 947 2388 principi
973 2350 1119 2389 Acbaye,
1142 2352 1286 2382 devotis-

276 2401 362 2430 simo
378 2401 492 2439 utiquc
504 2401 622 2431 matris
636 2401 775 2431 ecclesie
788 2402 867 2437 lilio,
881 2413 917 2433 ac
930 2403 1002 2433 suis
1015 2406 1047 2434 et
1061 2405 1284 2434 vassallorum

277 2456 375 2492 atque
401 2454 549 2484 tidolium
572 2463 710 2484 suorum
729 2455 830 2485 terris
849 2456 1081 2487 inserebantur
1099 2460 1130 2487 et
1149 2458 1284 2494 insulis,

278 2516 337 2537 nos
365 2531 394 2537 ..
428 2508 626 2545 potestatem
656 2508 837 2538 consilium
869 2513 900 2539 et
931 2519 1108 2541 commuue
1139 2511 1286 2542 civitatis

275 2560 458 2589 Januensis
486 2561 680 2597 monendos,
707 2562 882 2600 rogandos,
911 2564 1035 2593 attente
1067 2564 1228 2594 duximus
1255 2567 1287 2595 et

277 2613 471 2648 hortandos,
491 2613 616 2643 nostris
630 2614 679 2643 eis
697 2614 759 2643 sub
772 2616 862 2645 certa
876 2616 983 2645 forma
999 2616 1152 2647 districte
1168 2618 1286 2648 dantes

277 2667 401 2696 litteris
416 2666 447 2695 iu
461 2667 628 2704 preceptis
646 2668 691 2702 ut,
710 2668 825 2697 statim
841 2669 986 2707 receptis
1004 2670 1131 2699 eisdem
1149 2671 1286 2707 litteris,

278 2728 394 2749 omues
417 2728 517 2749 navos
537 2720 568 2749 et
593 2720 706 2756 galeas
730 2722 917 2760 cunctaque
934 2730 1015 2752 vasa
1032 2732 1146 2753 eorum
1165 2733 1229 2762 que
1246 2724 1285 2754 ad

278 2775 389 2810 partes
405 2772 580 2808 ltomanie,
597 2773 668 2802 sive
690 2773 752 2803 sub
771 2773 934 2812 ipsorum,
951 2775 1022 2805 sive
1047 2776 1108 2806 sub
1135 2777 1284 2815 ejusdem

278 2825 460 2854 scismatici
489 2825 667 2863 stipendiis
694 2826 914 2861 destinarant,
936 2828 975 2858 de
992 2829 1093 2858 terris
1116 2832 1145 2859 et
1164 2830 1286 2860 insulis

279 2877 503 2916 predictorum
537 2879 712 2917 principis,
743 2880 968 2910 vassallorum
1003 2883 1101 2920 atque
1135 2883 1284 2922 tidelium

278 2933 305 2960 et
327 2930 517 2968 specialiter
535 2931 574 2961 de
595 2932 705 2962 insula
722 2932 975 2971 Nigripontensi
998 2935 1132 2973 penitus
1155 2945 1287 2966 revoca-

1356 342 1440 373 rent,
1458 350 1493 369 ac
1516 340 1661 370 facerent
1685 342 1715 370 et
1739 342 1894 370 curarent
1911 341 2000 379 quod
2024 342 2170 378 amirati,
2202 345 2363 382 prepositi

1356 393 1524 431 ceterique
1554 395 1652 423 naute
1683 395 1715 423 et
1748 392 1930 424 bellatores
1960 394 2110 430 navium,
2135 395 2308 433 galearum
2334 399 2365 428 et

1356 454 1511 475 vasormu
1541 446 1692 484 ipsorum
1723 446 1842 476 exinde
1869 455 1943 476 cum
1971 446 2056 485 ipsis
2078 446 2232 483 navibus,
2258 449 2365 487 galeis

1355 501 1385 527 et
1406 498 1506 532 vasis,
1527 497 1660 528 sublata
1675 498 1825 536 qualibet
1843 507 1934 528 mora
1952 500 1983 528 et
2001 499 2212 536 difficultate,
2234 501 2366 531 recede-

1355 553 1438 586 rent,
1455 551 1590 581 eosdem
1607 551 1806 589 principem,
1824 551 1990 581 vassallos
2012 554 2043 582 et
2066 552 2183 582 fideles
2199 553 2366 591 ipsorum-

1354 613 1417 642 que
1439 606 1544 634 terras
1564 606 1595 633 et
1613 604 1743 633 insulas
1771 606 1802 634 et
1828 605 2007 642 presertim
2030 605 2170 635 eandem
2189 606 2367 645 Nigripon-

1352 657 1483 686 teusem
1511 657 1656 686 insulam
1675 666 1739 686 nou
1765 657 1980 693 offenderent,
2003 667 2061 688 nec
2081 660 2244 696 quantum
2265 659 2297 688 in
2315 660 2366 689 eis

1355 709 1450 745 soret,
1479 712 1673 748 paterentur
1697 709 1831 744 offendi,
1860 710 2058 749 nullumque
2084 711 2150 749 ipsi
2171 711 2365 741 scismatico

1353 762 1492 801 suisque
1525 762 1672 792 subditis
1702 765 1731 792 et
1766 762 1990 793 bellatoribus
2025 765 2055 793 et
2091 764 2193 793 etiam
2228 765 2363 803 guarni-

1354 815 1490 852 mentis,
1510 815 1597 845 sicut
1614 815 1699 845 alias
1717 816 1875 851 fecerant,
1891 816 1929 845 ad
1950 816 2085 846 easdem
2102 818 2211 846 terras
2227 819 2257 847 et
2276 817 2365 847 insu-

1353 867 1402 897 las
1425 868 1601 906 preberent
1620 869 1800 899 transitum
1820 869 1870 898 vel
1895 869 2107 903 conductum,
2127 872 2157 899 et
2176 870 2364 900 nichilomi-

1353 930 1416 951 nus
1436 921 1494 951 tibi
1518 930 1576 960 per
1596 922 1680 952 alias
1708 924 1841 952 nostras
1864 922 2075 960 injunximus
2096 922 2240 959 litteras,
2261 925 2295 953 ut
2323 923 2364 953 ad

1353 974 1537 1012 predictam
1552 975 1720 1005 civitatem
1737 977 1767 1005 te
1782 975 2008 1014 personaliter
2023 976 2210 1012 conserens,
2227 976 2363 1006 eosdem

1352 1029 1565 1065 potestatem,
1582 1029 1807 1058 consiliumet
1821 1037 1999 1058 commune
2012 1037 2114 1067 super
2130 1028 2197 1058 hiis
2212 1037 2253 1059 ex
2270 1030 2364 1068 parte

1353 1083 1465 1110 nostra
1487 1081 1679 1119 requireres
1697 1081 1887 1118 diligenter,
1907 1085 1937 1112 et
1963 1082 1990 1111 si
2018 1082 2080 1120 ipsi
2101 1082 2258 1121 requisiti
2277 1091 2295 1112 a
2318 1085 2362 1117 te,

1353 1133 1474 1163 vellent
1504 1134 1561 1164 bec
1590 1134 1771 1164 efficaciter
1794 1134 1990 1172 adimplere,
2023 1136 2052 1163 et
2080 1143 2139 1172 pro
2168 1134 2235 1164 biis
2259 1135 2364 1164 adim—

1353 1187 1495 1224 plendis,
1518 1187 1590 1216 sine
1608 1187 1789 1225 cujuslibet
1809 1196 1900 1216 more
1921 1187 2110 1225 dispendio,
2139 1186 2224 1217 bona
2246 1187 2309 1218 tide
2327 1196 2363 1218 se

1351 1248 1462 1269 coram
1482 1242 1511 1269 te
1531 1240 1755 1278 astringerent
1769 1240 1973 1277 juramento,
1990 1243 2018 1269 et
2039 1240 2227 1278 obligarent
2240 1249 2274 1270 se
2288 1240 2362 1276 tibi,

1351 1291 1590 1331 obligationem
1619 1292 1794 1331 recipienti
1821 1293 1891 1322 vice
1916 1294 2041 1325 nostra,
2072 1292 2134 1322 sub
2165 1293 2306 1332 ydoneis
2331 1295 2365 1324 et

1351 1345 1597 1375 sufficientibus
1622 1346 1828 1383 pecuniariis
1857 1346 1966 1384 penis,
1992 1346 2031 1375 de
2052 1345 2175 1384 quibus
2204 1346 2364 1385 expedire

1351 1398 1494 1434 videres,
1523 1407 1558 1427 ac
1587 1408 1622 1428 se
1647 1400 1678 1428 et
1701 1399 1874 1428 civitatem
1900 1408 2016 1428 eorum
2043 1399 2138 1437 penis
2162 1399 2365 1437 privationis

1350 1451 1650 1489 archiepiscopalis
1675 1451 1849 1489 dignitatis
1878 1460 1912 1480 ac
1944 1452 2200 1489 privilegiorum
2230 1461 2364 1483 conces-

1349 1514 1464 1534 sorum
1494 1505 1543 1534 eis
1567 1514 1584 1534 a
1613 1504 1690 1534 sede
1721 1505 1916 1543 apostolica.
1947 1505 2166 1544 omniumque
2196 1505 2362 1536 honorum

1349 1566 1487 1587 suorum
1514 1560 1632 1596 sponte
1655 1557 1872 1595 subjicerent,
1895 1560 1940 1593 tu,
1959 1561 2139 1597 postquam
2160 1559 2225 1597 ipsi
2248 1559 2363 1598 hujus-

1350 1611 1439 1640 modi
1455 1610 1684 1649 juramentum
1710 1612 1741 1640 et
1771 1610 2009 1649 obligationem
2038 1611 2135 1649 plene
2158 1614 2361 1650 prestarent,

1349 1673 1452 1702 seque
1475 1664 1669 1702 hujusmodi
1687 1664 1869 1702 privationi
1886 1665 2137 1695 summitterent
2158 1667 2189 1695 et
2213 1665 2362 1695 confecta

1350 1718 1458 1747 forent
1487 1726 1589 1756 super
1617 1717 1684 1747 hiis
1716 1717 1851 1755 publica
1880 1718 2121 1753 iustrumenta,
2158 1718 2362 1748 sententiam

1351 1770 1517 1800 interdicti
1547 1771 1581 1800 in
1610 1770 1796 1808 predictam
1826 1770 2010 1806 civitatem,
2028 1771 2204 1801 occasione
2236 1771 2362 1801 favoris

1348 1822 1489 1853 exhibiti
1519 1832 1578 1862 per
1608 1832 1664 1853 eos
1693 1823 1886 1853 svis-manco
1919 1823 2122 1862 supradicto,
2152 1823 2239 1854 dicte
2271 1823 2362 1854 sedis

1349 1876 1547 1906 auctoritate
1577 1877 1756 1915 prolatam,
1792 1876 2010 1914 suspendere,
2046 1876 2179 1906 sublata
2211 1876 2361 1915 qualibet

1348 1929 1559 1965 difficultate,
1580 1938 1727 1960 curares.

1388 1983 1433 2012 'l‘e
1464 1983 1566 2021 igitur
1592 1983 1633 2012 ad
1662 1983 1833 2012 civitatem
1862 1982 2038 2012 accedente
2065 1982 2262 2020 predictam,
2289 1991 2360 2012 eos-

1348 2035 1491 2073 demque
1512 2037 1726 2073 potestatem,
1753 2035 1934 2065 consilium
1961 2037 1989 2065 et
2016 2044 2192 2065 conmmne
2215 2035 2361 2066 sollicite

1347 2097 1450 2126 super
1468 2089 1660 2127 premissis,
1682 2090 1779 2127 prout
1798 2097 1856 2127 per
1877 2090 1952 2118 tuas
1972 2088 2070 2119 nobis
2089 2089 2288 2127 significasti
2310 2089 2364 2119 lit-

1348 2143 1449 2177 teras,
1468 2141 1671 2179 requirente,
1690 2141 1766 2179 ipsi,
1780 2141 2033 2171 sicuthomines
2052 2142 2107 2180 qui
2129 2141 2360 2181 cogitaverunt

1348 2194 1497 2224 detinere
1509 2203 1569 2224 nos
1580 2194 1692 2224 verbis
1703 2196 1733 2224 et
1749 2196 1883 2233 tempus
1904 2194 1966 2224 sub
1986 2195 2181 2225 nuntiorum
2198 2195 2361 2224 missione

1348 2257 1383 2277 ac
1405 2247 1604 2277 remissione
1622 2247 1798 2283 deducere,
1816 2248 1979 2286 qu‹:›sdam
2001 2248 2138 2277 nuntios
2155 2248 2195 2277 ad
2210 2250 2361 2278 nostram

1347 2302 1553 2339 presentiam
1570 2301 1794 2334 destinarunt,
1812 2303 1921 2331 certas
1937 2301 2034 2330 nobis
2051 2310 2152 2339 super
2167 2301 2360 2339 hujusmodi

1348 2354 1480 2392 negotio
1499 2354 1531 2383 in
1552 2354 1624 2391 ejus
1642 2354 1840 2384 dilationem
1859 2354 2039 2392 petitiones
2058 2362 2116 2392 per
2130 2354 2265 2384 eosdem
2281 2363 2361 2384 nun-

1347 2407 1413 2437 tios
1443 2408 1632 2443 offerentes,
1668 2410 1804 2446 propter
1833 2407 1921 2446 quod
1951 2416 2022 2443 nos,
2050 2407 2106 2446 qui
2136 2407 2268 2437 oculata
2296 2407 2360 2438 tide

1347 2461 1594 2499 cognoscimus,
1615 2461 1704 2499 quod
1724 2461 1788 2499 ipsi
1808 2460 1867 2490 hoc
1886 2469 1951 2490 non
1971 2460 2036 2490 nisi
2063 2462 2097 2490 ut
2117 2460 2252 2490 iuterim
2272 2460 2360 2491 labe-

1348 2515 1440 2543 retur
1458 2515 1592 2552 tempus
1610 2514 1768 2549 estivum,
1788 2514 1822 2544 in
1842 2522 1907 2552 quo
1927 2513 2030 2544 maris
2052 2513 2283 2552 tranquillitas
2303 2522 2361 2544 eos

1347 2567 1386 2596 ad
1414 2567 1600 2596 nocendum
1626 2567 1777 2605 predicto
1800 2566 1944 2605 principi
1965 2566 2105 2605 ejusque
2131 2566 2300 2600 fidelibus,
2328 2569 2359 2596 et

1348 2620 1516 2655 vassallis,
1537 2630 1572 2649 ac
1590 2629 1705 2650 eorum
1724 2620 1824 2650 terris
1841 2621 1872 2650 et
1893 2619 2014 2649 insulis
2032 2619 2229 2658 suffragium
2247 2619 2361 2649 affere-

1347 2672 1413 2706 bat,
1428 2673 1546 2703 secisse
1562 2675 1757 2709 noscuntur,
1771 2673 1845 2703 licet
1862 2675 1975 2702 contra
1993 2672 2128 2702 eosdem
2144 2673 2359 2711 potestatem,

1347 2726 1527 2755 consilium
1543 2728 1571 2755 et
1588 2735 1764 2756 commuue
1781 2726 2002 2764 ipsorumque
2022 2733 2202 2764 possemus
2221 2725 2359 2763 gravius

1347 2779 1526 2817 procedere
1549 2779 1732 2814 civitatem,
1762 2778 1913 2808 volentes
1936 2780 2048 2808 tamen
2068 2777 2174 2807 adluu-
2200 2777 2246 2807 uti
2271 2777 2358 2808 circa

1347 2831 1440 2869 ipsos
1459 2832 1718 2862 11111113110111111111ἱ
1741 2832 1854 2870 potius
1880 2839 1980 2869 quam
2005 2830 2125 2869 rigore,
2155 2830 2358 2860 fraternitati

1346 2886 1400 2914 tue
1425 2885 1626 2914 mandamns
1645 2885 1804 2923 quatinus
1824 2884 1993 2922 predic-tos
2014 2884 2227 2921 potestatem.
2247 2883 2358 2913 consi-

1347 2937 1428 2967 lium
1460 2940 1489 2967 et
1518 2946 1694 2967 1τ11111111111111
1725 2945 1826 2976 super
1854 2936 2031 2975 premissis
2058 2944 2098 2965 ex
2126 2938 2218 2974 parte
2243 2937 2358 2966 nostra
