2547 3289
1157 264 1367 294 D'URBAIN
1390 264 1445 294 IV.
2301 267 2337 295 31

256 348 464 387 hujusmodi,
492 348 604 386 aliqua
630 348 690 378 tibi
707 348 856 378 defensio
873 348 1035 385 competat
1051 356 1149 385 super
1163 347 1273 376 debito

256 401 292 431 in
312 409 377 440 quo
405 409 534 431 camere
554 402 664 431 nostre
690 401 825 431 teneris.
844 401 939 431 Nulli
959 408 1048 438 ergo,
1066 400 1114 429 etc
1131 422 1137 433 ‚
1163 401 1274 429 nostre

257 453 499 488 concessionis,
525 455 584 484 etc.
598 455 633 485 Si
650 454 727 492 quis
751 455 873 489 autem,
894 454 954 484 etc.
972 453 1096 482 Datum
1120 452 1273 487 Viterbii,

259 517 282 536 x
298 507 461 538 kalendas
477 507 576 545 junii,
593 516 679 538 anno
699 509 817 546 primo.
837 519 851 534 »

837 691 977 730 inerim,
994 700 1028 725 23
1046 699 1104 725 mai
1125 700 1200 725 1262.

331 703 402 734 118

296 790 450 822 Ludovieo,
459 788 762 822 monacho‚quondam
776 788 872 814 abbati
885 787 1055 814 monasterii
1067 787 1100 813 de
1112 787 1277 820 Billitusen,

262 838 463 866 cisterciensis
478 837 598 869 ordinis,
613 837 734 863 mundat
748 838 778 862 ut
789 836 946 870 compellat
959 836 1192 870 llerbipolensem
1206 836 1277 870 epis-

259 895 363 922 copum
385 887 420 913 ad
431 886 600 913 solvendum
617 893 751 911 camerae
781 885 955 918 apostolicae
984 885 1181 918 septingentas
1197 892 1275 910 sexa-

260 936 342 971 ginta
357 935 481 969 quinque
498 942 610 960 marcas
630 933 847 967 sterlingorum.
865 933 944 968 (linc.
961 934 1006 963 ⁶27,
1024 932 1072 960 fol.
1090 935 1135 966 27,
1154 941 1184 959 nn
1200 935 1240 966 ὓ.)

302 1053 316 1067 «
344 1040 462 1070 Dilecto
484 1039 550 1078 filio
571 1038 730 1074 Lodovico,
751 1038 905 1073 monacho,
921 1038 1070 1078 quondam
1089 1038 1191 1067 abbaci
1216 1048 1278 1067 mo—

260 1093 389 1124 nasterii
406 1092 442 1122 de
464 1092 637 1127 Billituscn,
658 1091 863 1121 Cistercietzsis
882 1091 1009 1126 ordinis,
1023 1090 1279 1129 Her[bi]polensis

261 1147 396 1177 diocesi&
414 1146 498 1176 Cum
514 1145 717 1176 venerabilis
740 1145 841 1174 frater
862 1145 974 1174 noster
993 1169 1011 1174 ..
1025 1144 1279 1183 Herbipolensis

261 1200 451 1240 episcopus,
476 1207 605 1228 camere
638 1199 749 1228 nostre
787 1188 821 1227 in
860 1197 1078 1236 septingentis
1107 1197 1279 1235 sexaginta

262 1254 410 1292 quinque
427 1252 548 1282 marcis
565 1251 799 1289 sterlingorum
823 1252 984 1285 teneatur,
1009 1251 1202 1280 discretioni
1224 1251 1278 1280 tue

261 1315 321 1345 per
336 1305 519 1344 apostolica
536 1304 661 1342 scripta
678 1304 887 1338 nmndamus,
908 1303 970 1333 sub
986 1313 1070 1343 pena
1086 1304 1278 1334 excomuni-

260 1359 402 1390 cationis
423 1366 523 1396 quam
543 1362 573 1387 te
590 1357 757 1387 incurrere
776 1357 932 1386 volumus
948 1357 977 1386 si
993 1357 1185 1386 mandatum
1205 1365 1277 1386 nos-

262 1413 351 1442 trum
367 1412 402 1441 in
419 1411 479 1441 hac
502 1412 593 1449 parte
611 1410 798 1448 neglexeris
817 1410 1011 1448 adimplere,
1029 1411 1194 1448 quatenus
1210 1419 1278 1448 pre-

260 1465 387 1495 dictum
413 1464 607 1502 episcopum
630 1463 685 1493 vel
710 1471 937 1493 successorem
962 1463 1045 1501 ejus.
1064 1463 1091 1492 si
1113 1463 1169 1492 ille
1195 1463 1278 1492 forte

261 1517 454 1552 decesserit,
471 1516 537 1546 nisi
553 1517 627 1554 post
645 1515 865 1546 monitionem
887 1517 977 1545 tuam
999 1516 1085 1545 infra
1102 1524 1206 1545 unum
1224 1524 1279 1544 au-

262 1578 343 1600 num
351 1570 513 1608 prefatam
526 1569 703 1608 pecuniam
716 1569 749 1598 in
759 1569 856 1598 domo
871 1568 1011 1598 fratrum
1027 1569 1279 1598 Predicatorum

267 1622 576 1660 Herbipolensium,
588 1621 722 1651 nomine
734 1621 818 1650 dicte
834 1629 962 1650 camere
973 1621 1105 1651 duxerit
1116 1622 1278 1659 deponen-

263 1675 352 1710 dam,
373 1673 736 1712 excommunicationis⁴
753 1674 951 1703 sententiam
968 1682 1035 1703 non
1054 1673 1187 1704 ditl‘eras
1203 1683 1277 1712 pro-

264 1727 425 1766 mulgare,
451 1736 552 1765 quam
572 1726 674 1756 facias
694 1726 749 1756 ubi
766 1728 797 1756 et
812 1727 944 1764 quando
963 1727 1118 1764 expedire
1143 1727 1278 1761 videris,

263 1789 369 1819 usque
385 1780 427 1809 ad
439 1779 701 1810 satisfactionem
715 1779 925 1817 condignam,
940 1779 1170 1818 sollempniter
1186 1779 1280 1809 inno-

262 1833 347 1863 vari.
366 1833 408 1862 Et
428 1833 456 1862 si
473 1841 546 1862 eam
562 1841 622 1871 per
646 1841 751 1862 unum
773 1841 924 1862 mensem
947 1833 1059 1862 animo
1084 1833 1281 1861 sustinuerit

262 1886 431 1921 mduratO'
448 1886 569 1915 eXtUnC
583 1885 749 1915 VUSSUHOS
766 1894 844 1915 SUOS
861 1885 902 1915 ab
916 1894 987 1923 eju*
1004 1885 1160 1915 fidsshmte
1173 1885 1281 1914 abffll‘
1311 1904 1313 1930 Ῑ
1339 1904 1536 1933 dilectorum
1547 1904 1690 1934 tiliorum
1702 1904 1989 1941 RayneriiJacolii
2010 1907 2220 1937 etFrancisci
2233 1909 2345 1944 11111111,

263 1947 323 1968 vas
348 1939 380 1968 et
397 1938 477 1968 cites
496 1946 572 1968 eum
593 1947 635 1968 ex
658 1939 750 1976 parte
768 1939 881 1968 nostra
903 1938 1123 1976 peremptorie
1145 1939 1178 1967 ut
1194 1937 1281 1967 intra

261 1991 444 2022 terminum
462 1992 716 2029 competentem,
742 1999 841 2029 quem
864 1991 929 2021 sibi
957 1991 1092 2021 duxeris
1117 1991 1280 2029 prefigens

262 2045 354 2081 ‘ium’
375 2046 575 2083 conlpffl'eat'
600 2044 867 2083 atempffl'afium
883 2044 1182 2074 mumiHiSLffltione
1207 2053 1279 2073 SUS‘
1309 2062 1310 2079 ³
1339 2064 1410 2094 loco
1435 2066 1464 2094 et
1491 2064 1632 2094 termino
1661 2065 1861 2098 soluturum,
1888 2065 1972 2095 sicut
1993 2065 2028 2096 in
2046 2066 2265 2097 instrumento
2293 2078 2349 2107 pu-

262 2106 401 2136 pensus‚
427 2098 646 2137 personaliter
670 2106 782 2128 coram
801 2097 897 2127 nohis
923 2097 1044 2127 nostris
1064 2097 1280 2135 beneplacitis

262 2151 444 2190 pariturus.
462 2151 538 2181 Non
556 2151 708 2181 obstante
724 2151 812 2190 quod
828 2151 935 2181 eidem
952 2151 1106 2189 episcopo
1123 2151 1280 2180 duximus

263 2205 508 2244 indulgendum
536 2205 624 2243 quod
651 2205 691 2234 ad
713 2205 914 2234 solutionem
933 2204 1121 2234 debitorum
1144 2212 1281 2233 suorum

263 2266 369 2296 usque
384 2258 425 2288 ad
441 2258 616 2288 biennium
629 2258 768 2288 minime
783 2259 945 2293 teneatur,
959 2266 1017 2287 nec
1030 2257 1071 2287 ad
1086 2257 1117 2286 id
1127 2257 1281 2295 compelli

265 2311 374 2341 valeat
399 2320 458 2350 per
484 2311 612 2341 litteras
642 2311 841 2349 apostolicas
874 2311 1067 2349 impetratas
1100 2310 1152 2339 vel
1182 2310 1280 2340 etiam

266 2363 505 2402 impetrandas,
531 2364 597 2394 nisi
616 2364 730 2394 eedem
753 2364 860 2394 littere
876 2363 1082 2402 impetrande
1100 2363 1232 2402 plenam
1251 2364 1281 2392 et

266 2425 461 2454 expressam
483 2425 519 2446 ac
539 2417 579 2447 de
598 2417 700 2447 verbo
719 2417 760 2447 ad
777 2417 916 2447 verbum
940 2417 1078 2447 fecerint
1095 2417 1134 2446 de
1153 2416 1280 2445 indulto

265 2469 459 2508 hujusmodi
472 2469 689 2505 mentionem,
702 2478 762 2500 seu
774 2478 983 2508 quacumque
995 2469 1060 2499 alia
1072 2469 1179 2508 ipsius
1191 2469 1281 2498 sedis

267 2523 486 2562 indulgentia,
503 2532 562 2561 per
578 2532 678 2561 quam
693 2524 829 2554 effectus
840 2523 1043 2562 presentium
1059 2522 1212 2561 impediri
1229 2531 1282 2551 va·

266 2577 333 2607 leat
361 2577 414 2607 vel
442 2577 691 2614 quomodolibet
717 2577 878 2607 retardari
899 2594 949 2607 —-.
976 2577 1100 2607 Datum
1126 2575 1280 2610 YiterbiL

267 2640 286 2659 x
301 2630 463 2660 kalendas
475 2629 575 2668 Junii,
595 2638 681 2660 anno
696 2631 816 2668 primo.
837 2642 852 2657 »

828 2788 834 2794 δ
867 2804 991 2836 Viterbe,
1007 2805 1040 2830 ‘23
1058 2804 1116 2830 mai
1137 2805 1212 2831 1262.

340 2807 412 2837 119

304 2888 445 2923 Episcopo
457 2887 652 2922 llerbipolensi
667 2887 797 2921 indulget
809 2888 839 2913 ut
849 2887 885 2912 ad
895 2886 1069 2913 solutionem
1084 2888 1286 2914 tantummodo

259 2936 432 2964 debitorum
451 2940 582 2964 teneatur
598 2944 669 2971 quae
687 2936 722 2962 ab
741 2935 829 2970 ipsius
847 2935 1064 2969 praedecessore
1082 2936 1110 2961 in
1127 2936 1281 2962 utilitatem

1338 346 1549 380 llerbipolensis
1567 348 1703 374 ecclesiae
1721 350 1868 375 contracta
1884 351 1961 376 sunt.
1979 350 2056 384 (linc.
2073 350 2117 381 ⁴27,
2133 349 2178 375 sol.
2197 351 2241 381 27,
2257 355 2288 375 n0
2303 350 2342 379 3.)

1378 456 1390 469 «
1408 466 1427 473 ..
1441 445 1579 483 episcopo
1590 445 1812 484 Ilm-bipolensi.
1822 446 2062 485 indempnitate
2073 444 2279 477 ecclesie'tibi
2291 465 2340 483 —,

1334 497 1369 525 ut
1385 505 1484 534 supra
1499 497 1533 526 in
1551 498 1667 535 prima.

1404 659 1474 688 120

1925 660 2048 693 Viterbe,
2067 662 2099 686 2³
2118 662 2174 688 mai
2197 664 2270 688 1262.

1371 741 1532 773 Ludowico,
1549 742 1692 775 quondam
1711 742 1804 768 abbati
1825 743 1851 768 in
1871 743 2050 770 nilhithusen
2071 746 2187 771 mandat
2204 749 2343 780 quatenus

1337 789 1495 815 sententias
1512 790 1824 817 excommunicationis
1840 800 1855 817 a
1872 792 2059 818 creditoribus
2076 793 2286 827 Ilerbipolensis
2302 804 2344 820 uc-

1336 837 1441 864 clesiae
1456 838 1483 864 in
1500 838 1735 872 llcrbipolensem
1753 839 1918 873 episcopum
1936 841 2064 867 obtentas
2083 842 2199 874 relaxet,
2214 843 2278 875 quia
2293 843 2344 876 ipsi

1336 886 1467 920 episcopo
1487 894 1503 912 a
1520 887 1584 913 sede
1605 887 1762 921 apostolica
1774 887 1917 914 indultum
1937 889 2030 915 extitit
2044 897 2077 915 ne
2090 899 2138 923 per
2151 890 2296 917 biennium
2309 892 2342 917 ml

1337 935 1511 961 solutionem
1524 935 1685 962 debitorum
1698 936 1834 962 ecclesiae
1846 945 1913 963 suae
1926 939 2086 971 cogeretur.
2101 939 2178 973 (itan.
2195 940 2237 970 27,
2251 939 2298 965 sol.
2312 942 2343 966 27

1336 987 1376 1016 νῦ,
1394 989 1425 1009 n⁰
1445 984 1479 1018 1.)

1379 1099 1393 1113 «
1409 1087 1523 1117 Dilecto
1535 1087 1613 1126 filia,
1629 1088 1725 1127 fratri
1735 1089 1903 1125 Lodowieo,
1925 1090 2074 1129 qnondam
2091 1092 2192 1121 abban·
2207 1093 2236 1121 in
2253 1093 2347 1122 Billa-

1339 1140 1453 1174 llttcscn,
1492 1141 1698 1171 CiSlcrciensis
1724 1142 1851 1177 ordinis,
1873 1143 2101 1182 Herhipolensis
2125 1145 2260 1176 diocesis.
2281 1149 2341 1177 Ve-

1339 1194 1500 1224 nerabilis
1518 1195 1616 1225 frater
1631 1196 1743 1225 noster
1762 1214 1808 1225 —.
1829 1197 1953 1226 Datum
1973 1199 2006 1227 ut
2025 1198 2055 1227 in
2072 1198 2145 1228 alia.
2167 1212 2180 1226 »

1407 1369 1475 1398 121

1873 1369 1997 1400 Orvieto,
2017 1371 2049 1395 30
2065 1371 2178 1396 octobre
2200 1372 2275 1399 1‘262‘.

1374 1450 1512 1484 Episcopo
1525 1450 1718 1485 Magaionensi
1731 1451 1849 1478 mundat
1862 1453 2015 1486 compellat
2030 1453 2152 1480 electum
2172 1455 2345 1481 ,kuxitunum

1337 1500 1373 1525 ad
1387 1500 1555 1526 solvendum
1568 1508 1702 1526 camerae
1719 1502 1834 1526 centum
1850 1508 1963 1527 marcas
1975 1502 2192 1536 sterlingorum.
2209 1504 2288 1537 (neu.
2304 1506 2346 1530 27.

1338 1548 1386 1575 sol.
1404 1550 1448 1581 27,
1465 1555 1496 1574 11θ
1513 1549 1550 1583 2.)

1380 1650 1394 1664 «
1420 1662 1440 1668 ..
1466 1638 1600 1677 episcopo
1625 1638 1842 1677 rilagyalonense‘.
1868 1640 1953 1669 Cum
1975 1640 2114 1671 dilectus
2139 1642 2229 1671 filius
2250 1643 2347 1672 Ama-

1339 1692 1452 1722 nerius
1467 1692 1543 1729 (sie),
1558 1692 1681 1721 electus
1698 1692 1897 1729 Auxitanus,
1911 1702 2016 1732 nuper
2027 1695 2112 1732 apud
2129 1696 2240 1725 sedem
2256 1705 2347 1734 apos-

1338 1745 1470 1774 tolicam
1480 1745 1691 1779 constitutus,
1708 1745 1741 1774 in
1751 1746 1917 1783 presentia
1928 1746 2347 1783 (1110011111ἰίΡο11-1,114·0;1111

1338 1797 1554 1833 Senonensis‚
1579 1798 1753 1828 camerarii
1776 1799 1892 1834 nostri,
1911 1801 2042 1829 centum
2060 1810 2188 1831 marcas
2217 1803 2347 1832 sterlin-

1339 1859 1455 1889 gorum
1481 1851 1603 1881 vivolo
1633 1851 1815 1881 Salvanelli
1847 1853 1877 1881 et
1908 1853 2054 1882 Venture
2084 1854 2224 1890 Cambii,
2248 1856 2347 1886 sociis

1339 1957 1464 1987 civium
1479 1958 1509 1987 et
1524 1959 1743 1988 mercatorum
1757 1959 1968 1993 Senensium,
1986 1960 2034 1989 vel
2055 1969 2168 1990 corum
2183 1961 2275 1991 alteri
2294 1965 2349 1992 aut

1339 2012 1425 2040 certo
1450 2011 1565 2040 nuntio
1592 2011 1774 2041 eorundem
1796 2020 1855 2050 pro
1879 2011 1975 2041 nobis
1997 2021 2030 2042 se
2055 2014 2245 2051 promiserit
2261 2018 2348 2046 certo

1338 2117 1424 2147 blico
1452 2117 1599 2147 confecto
1635 2118 1754 2147 exinde
1776 2118 1908 2156 plenius
1931 2119 2128 2155 continetur,
2152 2120 2346 2151 fraternitati

1338 2172 1392 2200 tue
1419 2179 1477 2209 per
1499 2171 1679 2209 apostolica
1701 2171 1823 2209 scripta
1845 2171 2042 2201 mandalmis
2059 2174 2234 2210 quatenus,
2253 2175 2279 2203 si
2297 2184 2346 2212 pe-

1338 2224 1437 2253 cunia
1453 2224 1526 2262 ipsa
1544 2224 1669 2254 eisdem
1688 2224 1927 2254 mercatoribus
1946 2233 2011 2254 non
2027 2225 2127 2255 fuerit
2142 2226 2175 2255 in
2192 2227 2348 2264 predictis

1338 2277 1409 2307 loco
1428 2278 1459 2306 et
1475 2277 1617 2306 termino
1640 2277 1819 2315 persoluta,
1838 2278 1872 2306 111
1890 2279 2009 2307 extunc
2023 2278 2187 2316 prefatum
2209 2279 2346 2310 electum

1339 2330 1392 2360 vel
1408 2338 1634 2359 successorem
1659 2330 1777 2368 ipsius,
1797 2331 1830 2359 ut
1850 2330 2011 2368 prefatam
2027 2331 2164 2368 pecunie
2185 2332 2346 2369 quantita-

1339 2384 1403 2413 tem
1421 2383 1507 2412 infra
1523 2391 1673 2413 mensem
1698 2383 1833 2421 prefatis
1850 2382 2091 2413 mercatoribus
2108 2384 2204 2422 juxta
2227 2385 2346 2414 instru-

1339 2436 1441 2465 menti
1463 2436 1583 2474 prefati
1605 2437 1752 2465 tenorem
1781 2435 1913 2465 nomine
1937 2437 2048 2466 nostro
2072 2437 2237 2474 persolvat
2255 2446 2292 2466 ac
2308 2438 2347 2467 de

1339 2489 1494 2527 dampnis
1510 2490 1541 2518 et
1557 2489 1725 2527 expensis,
1739 2497 1801 2527 que
1813 2488 1865 2518 vel
1881 2497 1962 2526 quas
1976 2497 2043 2524 eos,
2056 2490 2227 2519 occasione
2241 2490 2347 2528 ipsius

1339 2542 1489 2581 pecunie,
1518 2542 1630 2572 subire
1654 2541 1867 2579 contingeret,
1887 2541 2070 2579 plenariam
2088 2542 2345 2573 satisfactionem

1342 2595 1521 2633 impendat,
1532 2595 1715 2624 monitione
1728 2594 1901 2633 premissa,
1913 2602 1972 2632 per
1986 2602 2159 2624 censuram
2175 2595 2346 2625 ecclesias-

1341 2647 1450 2682 ticam,
1461 2647 1679 2686 appellatione
1702 2648 1837 2682 remota,
1847 2647 2038 2684 compellas.
2048 2647 2123 2677 Non
2134 2647 2283 2678 obstante
2297 2665 2345 2678 ——.

1341 2700 1464 2730 Datum
1489 2701 1573 2740 apud
1600 2700 1877 2734 Urbemveterem,
1905 2709 1938 2728 111
1960 2699 2120 2730 kalendas
2143 2701 2345 2736 novembris,

1342 2762 1428 2784 anno
1446 2754 1602 2784 secundo.
1622 2766 1636 2780 »
