2547 3289
1057 215 1297 252 TROISIEME
1326 215 1492 253 ANNEE.
2261 228 2317 256 307

233 314 335 344 gnum
362 306 539 344 postmodo
566 306 748 344 reddifdijt,
777 305 885 335 eidem
916 305 1104 335 liberaliter
1129 314 1243 335 conce-

232 358 352 392 dendo,
370 360 483 388 contra
498 359 637 389 eandem
653 359 841 394 ecclesiam,
855 359 1032 388 associatis
1050 358 1113 387 sibi
1132 360 1245 388 Sarra-

233 411 325 441 cenis
342 412 493 447 Lucerie,
512 412 709 442 insurrexit.
730 412 769 442 Et
786 413 861 450 post.
877 411 1130 450 occupationem
1150 411 1243 450 regni

232 464 358 499 Sicilie,
374 465 463 503 quod
483 466 533 494 est
553 464 644 495 sedis
660 464 844 503 apostolice
865 465 1021 502 speciale,
1039 466 1113 502 post
1129 473 1243 502 quam-

233 517 401 555 plurimos
412 520 585 556 magnates
596 520 627 547 et
637 518 722 547 alios
733 518 871 547 devotos
881 518 972 547 sedis
984 518 1090 556 ipsius
1101 517 1244 547 afflictos

233 570 350 606 exilio,
370 571 552 600 nonnullos
568 559 799 601 horribilibus
814 572 843 599 et
869 570 1090 599 clandestinis
1109 570 1244 599 insidiis

232 624 332 653 morti
350 624 503 659 traditos,
523 624 638 661 plures
657 624 757 653 etiam
778 624 868 652 sevis
890 625 922 653 et
940 623 1067 661 apertis
1084 623 1244 653 deb-acha·
1275 638 1276 641 =

232 675 382 706 tionibus
398 676 631 714 interemptos,
652 677 806 714 aliasque.
823 679 952 705 atroces
971 678 1003 705 et
1019 685 1175 705 enormes
1195 676 1242 705 iu-

229 728 338 766 jurias
352 729 461 758 eidem
480 729 619 758 ecclesie
642 729 818 765 irrogatas,
842 729 881 757 ad
903 728 1084 758 Marchiam
1101 729 1242 758 Anconi-

230 783 357 817 tanam,
384 790 447 820 que
475 782 566 811 sedis
599 781 749 819 eiusdem
780 781 939 818 specialis
968 781 1095 816 existit,
1124 790 1244 810 manus
1275 772 1276 782 ¹

231 834 460 872 occupatrices
482 834 679 869 extendens,
702 834 814 863 claves
837 833 965 862 diutius
988 834 1188 871 contempsit
1213 836 1244 864 et

231 887 339 917 adhuc
367 887 574 925 contempnit
600 886 751 920 ecclesie,
778 886 810 914 in
839 888 1068 923 contemptum
1093 887 1243 924 ipsarum

231 940 377 969 diversis
393 942 460 969 tam
490 949 508 969 a
535 939 644 969 l'elicis
674 939 918 968 recordationis
942 939 981 968 Α.
1009 947 1104 976 papa,
1129 940 1245 977 prede-

231 1001 364 1022 cessore
379 994 505 1027 nostro,
523 1001 623 1031 quam
643 1001 660 1021 a
677 991 774 1022 nobis
792 991 1153 1026 excommunicatisssmis
1171 1000 1244 1021 sen-

229 1045 345 1076 tentiis
364 1045 556 1079 inuodatus,
571 1045 649 1080 sibi,
664 1045 753 1083 quod
772 1045 919 1074 heretice
937 1045 1114 1083 pravitatis
1133 1046 1243 1082 suspi-

230 1098 324 1128 cione
343 1107 409 1128 uon
423 1100 523 1134 caret,
540 1098 667 1128 faciens
684 1098 847 1128 celebrari
865 1098 990 1133 divina,
1004 1100 1140 1136 propter
1156 1098 1244 1136 quod

229 1152 331 1181 etiam
357 1151 550 1190 specialiter
576 1161 594 1181 a
621 1151 719 1181 nobis
743 1151 869 1180 simili-s
894 1151 1061 1181 sententie
1085 1159 1244 1181 mucrone

229 1213 413 1243 percussus
432 1206 464 1234 et
480 1205 603 1236 citatus
622 1207 656 1235 ut
673 1214 707 1234 se
727 1212 828 1243 super
843 1205 1035 1243 suspicione
1050 1204 1245 1243 hujUsmodi

229 1259 447 1296 purgaturus,
467 1259 507 1288 ad
525 1260 731 1296 presentiam
747 1259 898 1288 nostram
912 1258 1094 1294 accederet,
1115 1266 1245 1296 compa-

228 1320 301 1341 rere
316 1312 560 1341 contumaciter
578 1320 642 1341 11011
660 1311 801 1341 curavit.
816 1311 881 1341 Sed
894 1311 965 1341 suis
978 1311 1149 1350 perversis
1166 1311 1245 1341 acti-

228 1363 291 1394 bus
304 1364 469 1402 adjiciens
484 1365 697 1403 perversiora
709 1364 841 1399 cotidie,
856 1365 1041 1394 novissime
1056 1373 1121 1394 non
1134 1364 1244 1394 solum

229 1417 262 1447 111
282 1417 468 1456 predictam
488 1417 684 1453 Marchiam,
707 1417 765 1447 sed
783 1419 813 1447 et
838 1417 870 1446 111
889 1417 1135 1447 Patrimonium
1153 1417 1244 1447 beati

227 1470 320 1500 Petri
358 1471 391 1500 in
424 1471 548 1501 Tuscia
583 1480 664 1501 suos
699 1470 885 1506 satellites,
917 1473 983 1501 tam
1017 1471 1244 1501 Tlieutonicos

227 1532 328 1561 quam
351 1524 621 1554 abhominabiles
647 1524 850 1554 Sarracenos
874 1526 906 1553 et
934 1524 1020 1553 alios
1051 1524 1244 1562 iniquitatis

227 1585 286 1606 sue
306 1577 494 1613 ministros,
518 1577 674 1613 immisit,
696 1577 810 1615 sicque
839 1586 900 1607 nos
928 1577 1074 1616 undique
1102 1578 1243 1608 circum-

227 1630 338 1668 sepire
364 1630 485 1660 nititur
501 1632 531 1660 et
545 1631 615 1669 jam
634 1639 690 1668 pro
705 1630 836 1660 viribus
854 1630 1102 1668 circumsepsit,
1124 1632 1160 1660 ut
1184 1639 1243 1660 nec

227 1691 286 1721 per
315 1692 418 1717 mare,
448 1683 489 1713 ad
514 1683 575 1713 hoc
599 1683 702 1713 etiam
729 1683 810 1712 inibi
836 1683 969 1721 navigio
993 1683 1164 1721 deputato,
1184 1692 1243 1713 nec

226 1745 286 1774 per
313 1738 438 1766 terram
465 1736 566 1766 alicui
585 1737 626 1766 ad
646 1745 707 1766 nos
727 1745 867 1766 securus
886 1736 998 1766 aditus
1016 1738 1128 1774 pateat
1148 1736 1199 1766 vel
1225 1745 1243 1766 a

226 1790 324 1819 nobis
336 1790 465 1820 reditus
481 1790 694 1825 concedatur,
713 1790 754 1819 ad
770 1790 802 1819 id
820 1789 1062 1819 nichilominus
1080 1789 1241 1819 marchio·

226 1851 303 1873 nem
314 1843 557 1878 Pelavicinum,
570 1843 732 1881 pertidum
750 1843 860 1881 ipsius
875 1846 1125 1881 persecutorem
1140 1843 1243 1872 eccle-

227 1896 288 1930 sie,
316 1905 353 1925 ac
379 1896 465 1925 alios
493 1905 573 1926 suos
598 1896 780 1934 complices
807 1896 995 1929 excitando,
1026 1899 1072 1928 ut,
1093 1897 1172 1925 dum
1201 1896 1241 1925 ad

226 1958 287 1979 nos
305 1951 336 1979 et
357 1949 497 1979 eandem
518 1949 708 1983 ecclesiam,
727 1949 925 1987 magistram
940 1949 1008 1979 veri
1023 1949 1191 1987 dogmatis
1210 1950 1242 1979 et

226 2002 389 2032 catholice
410 2003 488 2032 fidei
505 2011 541 2032 ac
560 2003 718 2032 tutricem
735 2002 965 2032 ecclesiastice
980 2002 1158 2038 libertatis,
1176 2010 1241 2031 non

225 2057 337 2094 potest
349 2064 506 2085 recursus
521 2055 648 2091 haberi,
662 2055 798 2085 hereses
808 2055 988 2093 pullulent,
1001 2055 1152 2091 heretici,
1168 2055 1240 2085 sine

227 2109 427 2147 quusquam
452 2109 679 2147 repressionis
709 2108 814 2143 obice,
838 2109 984 2147 undique
1008 2118 1088 2138 suos
1108 2117 1239 2138 errores

228 2215 343 2245 eadem
363 2215 587 2245 conculcetur.

1307 307 1391 335 trem
1421 306 1578 336 inimicus
1604 307 1835 341 circumdedit,
1865 307 2033 337 mandarit
2063 308 2224 339 adversus
2244 320 2316 340 cani

1307 359 1340 388 111
1368 359 1476 397 ipsius
1504 360 1645 389 circuitu
1677 360 1790 389 hostes
1824 360 1907 399 ejus,
1940 361 1997 399 qui
2028 370 2099 390 eam
2134 362 2314 396 lacessunt.

1306 412 1443 450 injuriis
1477 412 1633 450 dampnis
1663 413 1815 442 afliciunt
1845 415 1877 443 et
1907 414 1947 443 ad
1971 414 2080 452 ipsius
2111 414 2315 446 internecem

1306 465 1490 501 elaborant,
1519 468 1546 495 et
1576 466 1607 495 in
1636 466 1802 495 auxilium
1828 466 1888 495 lilii
1909 475 1974 496 non
1997 468 2184 505 exurgent?
2204 467 2315 501 Absit,

1308 519 1338 547 ut
1376 518 1407 547 in
1440 519 1498 547 hac
1533 527 1633 548 causa
1668 519 1743 548 tidei
1782 518 1846 548 sibi
1883 520 1966 557 ipsis
1999 520 2114 549 tideles
2147 520 2314 551 deficiant.

1307 570 1403 600 Absit
1424 575 1457 601 ut
1477 572 1601 601 Christi
1632 572 1813 609 negotium,
1842 573 1898 610 qui
1918 574 1967 602 est
1989 573 2139 611 ejusdem
2167 576 2266 611 caput
2284 576 2315 604 et

1306 624 1614 660 sponsusecclesie,
1630 625 1822 654 christicole
1837 625 2084 663 derelinquant.
2101 626 2188 656 Licet
2204 628 2315 657 autem

1306 676 1388 706 satis
1415 677 1649 707 verisimiliter
1680 686 1816 715 sperare
1845 687 2024 715 possemus
2043 679 2143 717 quod,
2168 679 2195 708 si
2217 680 2316 718 hujus

1306 730 1551 766 persecutionis
1580 730 1787 759 incommoda
1811 733 1839 759 et
1870 731 2107 761 detrimentum
2138 732 2226 765 tidei,
2253 741 2316 770 que

1306 791 1364 820 per
1385 792 1456 811 eam
1480 783 1713 820 multipliciter
1735 783 1961 821 impugnatur,
1983 785 2108 814 Christi
2137 785 2253 815 lideles
2272 788 2317 815 at-

1306 835 1454 870 tendant,
1482 836 1522 864 ad
1550 836 1775 864 resistendum
1801 839 1867 865 tam
1890 838 2060 874 perversis
2085 838 2261 867 conatibus
2281 847 2316 867 se

1306 888 1418 924 potius
1448 889 1610 926 ingerent,
1639 898 1738 926 quam
1768 889 1903 918 invitari
1930 890 2128 928 cujtisquam
2157 892 2317 929 suffragio

1306 941 1544 970 commotionis
1563 943 1751 979 expectent,
1764 942 1842 979 quia
1863 944 1974 971 tamen
1995 944 2121 972 nostris
2140 943 2315 973 ati'ectibus

1307 993 1429 1022 insidet
1446 994 1618 1032 multaque
1639 995 1824 1023 necessitas
1844 995 1949 1032 exigit
1964 998 2078 1025 contra
2101 996 2318 1026 imminentes

1306 1049 1557 1084 persecutorum
1590 1047 1735 1084 impetus
1765 1048 1950 1077 accelerare
1982 1049 2141 1081 remedia,
2174 1058 2245 1085 nos,
2278 1050 2318 1079 de

1307 1099 1402 1128 illius
1430 1100 1596 1129 immensa
1624 1101 1747 1130 virtute
1775 1103 1963 1138 sperantes,
1989 1102 2045 1139 qui
2066 1104 2185 1140 potens
2210 1104 2261 1132 est
2279 1103 2318 1132 dc

1307 1152 1478 1190 lapidibus
1502 1153 1635 1183 Abrahe
1660 1153 1749 1183 tilios
1768 1154 1945 1189 suscitare,
1971 1154 2095 1193 quique
2116 1164 2230 1184 vocem
2254 1156 2319 1184 vir-

1306 1206 1389 1236 tutis
1416 1206 1534 1236 tribuit
1561 1207 1633 1236 voci
1660 1216 1731 1243 sue,
1756 1214 1815 1244 per
1838 1207 1991 1237 diversas
2016 1207 2108 1237 orbis
2126 1208 2318 1245 provincias

1307 1259 1447 1289 verbum
1470 1259 1585 1289 Crucis
1618 1259 1775 1289 fidelibus
1806 1260 2018 1290 decrevimus
2048 1261 2316 1299 proponendum,

1307 1313 1467 1351 ipsosque
1496 1313 1732 1342 mandavimus
1756 1313 1907 1351 ejusdem
1941 1313 2116 1343 salutifero
2146 1314 2319 1352 signaculo

1306 1366 1476 1404 insigniri.

1345 1419 1429 1449 Cum
1446 1419 1550 1458 igitur
1564 1419 1626 1449 tibi
1640 1419 1738 1458 plene
1757 1420 1936 1458 legationis
1955 1420 2104 1450 officium
2123 1421 2157 1450 in
2174 1420 2320 1450 diversis

1306 1472 1458 1510 partibus
1502 1473 1702 1502 duxerimus
1744 1473 2041 1507 committendum,
2081 1473 2320 1504 discretionem

1305 1528 1398 1555 tuam
1417 1534 1587 1564 rogamus,
1606 1534 1795 1559 monemus,
1814 1528 1845 1556 et
1863 1525 2037 1556 hortamur
2056 1528 2180 1556 attente
2202 1528 2321 1565 quate-

1305 1587 1369 1608 nus
1395 1587 1453 1617 per
1478 1588 1594 1609 omnes
1623 1579 1778 1609 civitates
1809 1582 1839 1609 et
1867 1579 1939 1609 loca
1966 1582 2020 1609 tue
2049 1579 2206 1618 legationi
2231 1588 2318 1609 com-

1304 1632 1422 1667 missa,
1443 1634 1511 1661 tam
1536 1641 1594 1670 per
1622 1633 1664 1667 te,
1686 1640 1785 1670 quam
1809 1641 1868 1670 per
1892 1632 2040 1670 prelatos
2066 1635 2097 1662 et
2126 1633 2217 1662 viros
2241 1633 2318 1662 reli-

1304 1686 1430 1723 giosos,
1457 1685 1685 1723 cujuscunque
1716 1685 1784 1715 sint
1819 1685 1960 1718 ordinis,
1990 1694 2025 1715 ac
2055 1685 2141 1715 alios
2166 1694 2250 1724 quos
2278 1686 2319 1715 ad

1304 1738 1364 1768 hoc
1385 1739 1534 1777 ydoneos
1554 1747 1628 1768 esse
1649 1739 1857 1776 cognoveris,
1874 1747 2076 1777 proponens,
2090 1740 2189 1777 Juxta
2205 1739 2317 1769 datam

1304 1791 1365 1822 tibi
1380 1801 1397 1821 a
1414 1793 1484 1822 Deo
1502 1792 1728 1829 prudentiam,
1747 1793 1777 1821 et
1797 1792 1937 1830 proponi
1954 1792 2080 1822 faciens
2095 1792 2221 1822 Christi
2239 1793 2318 1822 tide—

1304 1845 1392 1875 libus
1422 1844 1561 1874 verbum
1586 1845 1716 1877 crucis,
1743 1854 1800 1874 eos
1828 1847 1942 1875 contra
1976 1846 2144 1884 prefatum
2174 1845 2318 1875 Manfre-

1304 1899 1382 1928 dum
1400 1901 1430 1928 et
1448 1899 1662 1932 sarracenos,
1681 1900 1878 1936 ceterosque
1900 1898 2010 1937 ipsius
2036 1899 2229 1937 complices,
2247 1900 2317 1928 tan-

1304 1961 1404 1991 quam
1422 1953 1538 1982 contra
1553 1952 1660 1990 ipsius
1676 1951 1790 1981 hostes
1805 1952 1894 1987 fidei,
1908 1952 2041 1990 signum
2054 1952 2184 1981 vivifice
2197 1952 2315 1981 Crucis

1303 2008 1489 2038 assumant,
1521 2005 1648 2043 absque
1674 2005 1833 2034 tarditate
1865 2005 1898 2034 in
1925 2007 2076 2035 nostrum
2106 2007 2135 2035 et
2164 2005 2315 2043 ejusdem

1303 2059 1443 2089 ecclesie
1475 2058 1679 2097 adjutorium
1712 2059 1922 2096 111-1166551111,
1955 2058 2083 2088 sedulis
2114 2059 2252 2088 monitis
2284 2060 2315 2089 et

1271 2133 1272 2139 ,
1303 2112 1466 2142 studiosis
1486 2111 1737 2141 inductionibus
1755 2111 1958 2141 exlmrteris.
1979 2112 2048 2141 Nos
2067 2113 2168 2147 euim,
2187 2112 2227 2142 de
2245 2120 2313 2141 om-

227 2162 449 2192 disseminent
480 2164 509 2192 et
540 2170 667 2191 venena
698 2162 897 2197 diti'undant,
932 2162 1067 2200 impune
1100 2162 1240 2192 libertas
1271 2154 1272 2184 i

1302 2166 1488 2204 nipotentis
1519 2165 1751 2194 misericordia
1779 2168 1809 2194 et
1832 2164 2006 2195 beatorum
2035 2165 2125 2195 Petri
2149 2167 2180 2195 et
2203 2165 2312 2199 Pauli,

1271 2226 1272 2240 t
1303 2219 1534 2257 apostolorum
1563 2218 1646 2256 ejus,
1678 2218 1874 2248 auctoritate
1909 2218 2040 2253 contisi,
2063 2220 2093 2248 et
2126 2218 2185 2247 illa
2212 2227 2313 2256 quam

267 2268 453 2298 Attendant
490 2269 603 2307 itaque
645 2269 755 2299 devoti
794 2269 945 2307 ejusdem
987 2269 1127 2299 ecclesie
1165 2269 1239 2304 tilii,
1271 2272 1272 2275 ’

229 2321 402 2351 attendant
435 2323 466 2351 et
500 2321 636 2351 videant
671 2323 911 2352 exterminium
946 2322 1022 2351 tidei
1058 2324 1087 2352 et
1122 2322 1241 2352 matris
1271 2349 1272 2357 ,

1303 2272 1412 2305 nobis,
1429 2272 1507 2302 licet
1526 2272 1791 2309 indig11is,Deus
1806 2272 1932 2310 ligandi
1950 2274 2048 2309 atque
2067 2271 2219 2301 solvendi
2238 2280 2312 2301 con-

1302 2326 1381 2356 tulit
1407 2327 1582 2364 potestate,
1616 2324 1772 2354 omnibus
1800 2326 1856 2362 qui
1883 2327 1996 2354 contra
2027 2324 2105 2353 illos
2135 2325 2255 2354 efficax
2280 2325 2314 2354 in

227 2374 440 2404 COllsidel'esst
467 2375 687 2404 necessitates
713 2378 893 2410 extremas,
919 2376 1021 2404 immo
1050 2378 1083 2405 ut
1109 2375 1171 2405 filii
1194 2375 1241 2404 Vi-
1271 2383 1272 2431 1
1302 2380 1458 2418 personis
1473 2378 1801 2415 velbonisjuvamen
1816 2377 2051 2415 impenderint,
2067 2377 2159 2407 illam
2176 2386 2313 2407 suorum

228 2436 299 2457 cem
327 2429 515 2456 maternam
542 2427 676 2457 doleant
702 2430 733 2458 et
760 2428 868 2458 eidem
893 2428 994 2458 celeri
1018 2428 1241 2458 subventione
1271 2442 1272 2459 1
1303 2432 1534 2470 peccaminum
1554 2431 1593 2460 de
1617 2430 1741 2469 quibus
1765 2431 1862 2459 corde
1885 2431 2016 2460 contriti
2040 2432 2072 2459 et
2091 2438 2146 2459 ore
2166 2430 2313 2460 confessi

229 2482 443 2515 succurrant,
481 2488 539 2509 nec
580 2481 797 2510 dissimulent
832 2481 979 2520 amplius
1018 2484 1086 2511 tam
1123 2490 1241 2520 graves

228 2533 347 2563 matris
366 2533 520 2571 injurias,
537 2533 595 2562 sed
610 2534 756 2571 graviter
771 2534 874 2563 tantis
890 2535 998 2573 Ipsius
1016 2537 1241 2572 provocentur

229 2587 384 2616 otl'ensist
417 2586 629 2616 Accendatur
652 2587 743 2616 velut
773 2587 861 2625 ignis
887 2587 981 2617 zelus
1014 2588 1166 2617 omnium
1201 2588 1241 2617 ad

1303 2485 1440 2518 fuerint,
1466 2484 1598 2514 veniam
1619 2483 1845 2521 indulgemus,
1870 2483 2030 2521 ipsosque
2050 2483 2107 2512 illo
2135 2483 2312 2521 privilegio

1303 2547 1408 2577 eaque
1419 2538 1577 2568 volumus
1591 2537 1805 2566 immunitate.
1822 2537 1977 2575 gaudere,
1991 2544 2054 2574 que
2073 2536 2175 2566 Terre
2193 2536 2312 2567 Sancte

1303 2591 1583 2621 subvenientibus
1608 2590 1640 2619 in
1662 2589 1811 2628 generali
1830 2589 1972 2619 concilio
1991 2589 2229 2620 conceduntur.
2249 2590 2315 2620 Da—

228 2639 430 2669 vindictam!
457 2639 545 2669 Proh
571 2640 696 2677 pudor!
728 2640 872 2678 patietur
900 2640 1083 2670 christiana
1108 2641 1241 2670 devotio
1271 2640 1273 2680 1
1302 2647 1373 2675 tum
1392 2647 1594 2682 utsupra.»

228 2694 413 2732 Agarenos,
433 2701 517 2731 quos
536 2693 622 2731 ipsa,
640 2693 792 2731 ejusdem
808 2694 927 2723 matris
939 2693 1080 2723 ecclesie
1093 2702 1240 2723 commo·
1271 2691 1273 2734 1

226 2745 376 2776 tionibus
396 2746 552 2780 excitata.
575 2745 660 2776 solet
684 2746 717 2775 111
736 2745 867 2775 1111111115
890 2746 987 2784 quasi
1004 2748 1092 2776 terre
1117 2747 1241 2777 finibus
1272 2749 1273 2803 1

228 2800 398 2838 persequi,
418 2808 505 2829 nunc
520 2799 659 2829 eandem
678 2801 820 2828 matrem
838 2799 1016 2829 ecclesiam
1034 2800 1068 2829 111
1085 2800 1157 2830 51115
1176 2801 1242 2829 vis·
1272 2830 1273 2834 ,

229 2852 364 2882 ceribus
373 2854 442 2882 tam
456 2852 638 2882 crudeliter
651 2854 909 2890 persequentes!
926 2852 1018 2882 Facti
1035 2854 1111 2882 sunt
1128 2853 1242 2883 hostes
1272 2845 1273 2884 t

229 2905 348 2935 matris
374 2906 408 2935 in
433 2906 553 2944 capite,
584 2907 615 2935 et
640 2905 745 2935 deerit
765 2905 961 2944 suffragium
985 2905 1154 2935 tiliorum?
1177 2907 1242 2936 Ma-
1272 2893 1273 2929 i

1890 2722 2016 2753 ort-icto,
2036 2722 2066 2749 19
2087 2722 2143 2748 mai
2165 2723 2241 2750 lact.

1343 2800 1381 2830 In
1393 2799 1536 2829 eundem
1555 2798 1690 2828 modum
1706 2821 1724 2828 ..
1739 2797 1929 2836 patriarche
1942 2797 2176 2837 Aquilegensi.
2191 2799 2316 2828 Datum

1305 2852 1392 2891 apud
1409 2851 1697 2887 Urbemveterem,
1718 2860 1791 2880 xiiii
1812 2851 1975 2880 kalendas
1994 2851 2093 2888 junii,
2114 2852 2289 2881 2111101110.

1345 2906 1383 2935 111
1408 2905 1551 2934 eundem
1585 2904 1721 2934 modum
1754 2928 1760 2933 .
1783 2929 1788 2934 .
1822 2904 2010 2942 patriarche
2035 2904 2200 2935 Gradensi
2228 2908 2259 2935 et
2283 2928 2314 2935 ..
