2547 3289
351 274 411 303 472

354 368 369 386 »
388 356 504 395 tringit
529 364 564 384 se
583 354 623 384 ad
642 352 852 392 probandum
879 352 945 382 nisi
962 360 1000 382 ea
1019 361 1082 391 que
1102 360 1161 382 sue
1180 351 1360 382 intentioni
1390 373 1391 379 1

354 421 368 439 n
388 409 568 443 sufficiant,
585 406 678 436 salvo
691 406 766 444 jure
781 406 842 435 etc¹

392 474 407 491 (1
422 462 495 492 Lite
507 461 608 499 igitur
625 458 926 497 superhujusmodi
943 457 1219 496 libellolegitime
1232 459 1361 488 contes-
1390 452 1391 494 ᾖ

351 517 430 551 tata,
446 516 557 553 partes
576 513 647 551 ipse
665 511 816 542 volentes
834 511 940 541 vitare
958 511 1079 550 litigia,
1101 511 1256 541 videlicet
1272 510 1361 540 idem

351 567 526 599 Amandus
548 565 727 604 presbyter
754 573 812 602 pro
829 573 875 599 se,
895 566 925 594 et
950 564 1108 603 magister
1134 563 1303 594 Henricus
1321 563 1361 593 de
1390 565 1391 573 ¹

351 622 490 652 Liernut
507 619 660 652 clericus,
679 619 876 657 procurator
895 617 1034 656 capituli
1049 619 1081 648 et
1094 617 1247 656 magistri
1268 616 1362 646 Wal-
1389 624 1391 638 ⁴

351 675 413 705 teri
433 673 674 712 predictorum,
692 680 752 710 pro
769 671 818 701 eis
834 680 851 701 a
871 670 994 710 quibus
1011 670 1153 700 habebat
1171 670 1212 700 ad
1228 679 1361 708 compo-

352 728 497 758 nendum
517 728 548 756 et
567 725 909 764 compromittendum
932 724 1079 763 speciale
1099 724 1307 758 mandatum,
1328 723 1362 753 in
1390 738 1391 746 1

352 790 412 812 nos
427 789 528 819 super
547 779 664 809 eadem
678 777 848 817 prebenda
866 779 897 808 et
916 778 989 816 ejus
1005 777 1172 808 fructibus
1188 779 1361 816 tamquam

350 835 385 864 in
409 833 586 869 arbitrum,
613 831 849 861 arbitratorem
871 833 901 861 et
927 831 1141 861 amicabilem
1160 831 1362 869 composito-

352 896 433 923 rem,
454 886 516 916 sul»
531 888 620 916 certa
636 893 721 924 pena
738 886 767 915 et
779 884 971 923 juramento
987 884 1129 923 prestito
1148 884 1364 922 compromit-

350 942 421 971 tere
436 939 648 973 curaverunt,
660 940 772 968 nostre
785 937 1002 973 ordinationi,
1019 937 1129 973 laudo,
1150 936 1360 973 diffinitioni,
1391 930 1393 941 ‘

351 992 516 1024 voluntati
530 993 561 1022 et
577 991 717 1021 arbitrio
737 999 839 1029 super
855 990 915 1020 1100
927 990 1077 1021 totaliter
1097 990 1360 1027 summittentes,

348 1045 529 1086 judiciaria
567 1046 734 1083 potestate
769 1043 868 1074 nobis
904 1043 1146 1073 nichilominus
1177 1044 1360 1080 reservata,

352 1101 451 1139 prout
470 1099 503 1128 in
527 1098 752 1128 instrumento
777 1096 913 1136 publico
931 1097 1052 1127 exinde
1077 1096 1239 1133 confecto,
1267 1097 1363 1136 cujus

352 1156 446 1184 tenor
467 1151 611 1182 inferius
631 1152 819 1187 annotatur,
840 1150 974 1189 plenius
996 1152 1196 1181 continetur.
1216 1151 1286 1181 Nos
1304 1151 1364 1181 ita·

353 1215 430 1245 que,
459 1207 591 1244 recepto
623 1204 818 1244 hujusmodi
849 1204 1095 1243 compromisso
1123 1205 1153 1234 et
1182 1213 1200 1234 a
1228 1204 1364 1234 domino

352 1268 439 1298 papa
455 1258 644 1292 ordinandi,
663 1257 1063 1296 providendi,statuendi,
1075 1257 1277 1294 diffiniendi,
1291 1266 1366 1296 pro-

355 1312 530 1344 nuntiandi
545 1313 577 1342 et
595 1311 780 1341 arbitrandi
800 1319 901 1349 super
921 1310 992 1346 hoc,
1011 1312 1109 1349 prout
1126 1310 1224 1341 nobis
1241 1310 1365 1340 melius

354 1367 465 1396 visum
483 1366 578 1400 foret,
592 1365 791 1395 auctoritate
806 1366 836 1394 et
855 1364 1007 1403 plenaria
1023 1365 1189 1402 potestate
1204 1364 1365 1400 obtentis,

355 1423 386 1449 et
404 1419 528 1449 auditis
556 1427 620 1457 que
638 1420 751 1456 partes
776 1417 956 1447 voluerunt
974 1425 1162 1455 proponere
1181 1426 1292 1447 coram
1311 1426 1366 1447 no-

354 1473 407 1502 bis
435 1472 634 1502 auctoritate
652 1470 751 1500 nobis
775 1479 791 1500 a
810 1470 961 1509 predicto
986 1470 1122 1500 domino
1141 1479 1228 1509 papa
1253 1471 1287 1500 in
1305 1470 1366 1500 hac

354 1527 448 1564 parte
477 1524 670 1559 commissa,
703 1523 911 1559 ordinamus,
940 1523 1134 1559 statuimus,
1163 1524 1365 1559 diffinimus,

1394 1229 1397 1249 ὲ
1426 1202 1543 1233 Crucis
1576 1203 1843 1238 Cameracensis,

355 1581 384 1609 et
406 1578 623 1617 providemus
647 1577 736 1616 quod
751 1577 840 1606 idem
865 1577 1041 1606 Amandus
1060 1577 1242 1616 recipiatur
1266 1577 1300 1607 111
1319 1586 1367 1607 50-

354 1632 487 1672 pedicta
507 1630 649 1661 ecclesia
676 1632 790 1660 sancte
815 1630 933 1660 Crucis
958 1629 999 1660 ab
1025 1630 1144 1660 eodem
1164 1631 1312 1669 capitulo
1333 1631 1366 1661 in

355 1685 552 1716 canonicum
579 1686 609 1714 et
637 1684 671 1713 in
688 1683 840 1718 fratrem,
859 1685 890 1713 et
908 1683 997 1722 quod
1022 1684 1208 1722 predictam
1227 1684 1366 1722 preben-
1396 1683 1397 1687 ’

355 1740 443 1775 dam,
462 1747 562 1777 super
579 1746 644 1776 qua
660 1740 710 1767 est
727 1737 860 1775 questio
878 1737 966 1767 inter
982 1739 1107 1775 partes,
1124 1737 1241 1767 habeat
1261 1740 1292 1768 et
1311 1737 1365 1768 ob-

354 1793 459 1822 tineat
475 1791 612 1830 pacitice
625 1792 656 1820 et
673 1790 797 1829 quiete,
816 1792 847 1820 et
865 1799 938 1820 eam
951 1790 1205 1827 nichilominus,
1225 1800 1300 1821 cum
1316 1792 1366 1829 ju-

356 1845 450 1876 ribus
467 1843 723 1883 etpertinentiis
734 1843 817 1879 suis,
830 1843 992 1882 adipsum
1009 1844 1201 1874 Amandum
1214 1845 1367 1883 spectare

355 1901 387 1929 et
402 1898 571 1937 pertinere
589 1896 799 1927 declaramus
817 1898 849 1926 et
866 1897 1114 1928 sententialiter
1133 1897 1366 1936 adjudicamus

355 1952 464 1982 eidem
483 1953 513 1981 et
533 1950 635 1981 etiam
663 1949 881 1985 conferimus,
907 1959 1008 1988 super
1029 1959 1068 1980 ea
1090 1950 1178 1981 dicto
1204 1952 1366 1991 magistro

356 2005 510 2034 NValtero
529 2005 730 2043 perpetuum
750 2003 924 2033 silentium
946 2003 1167 2042 imponendo,
1192 2004 1236 2034 ita
1254 2007 1366 2035 tamen

357 2058 446 2096 quod
467 2057 554 2087 idem
578 2056 738 2094 magister
757 2056 933 2085 XValterus
951 2057 991 2085 ad
1010 2057 1261 2087 restitutionem
1282 2058 1367 2088 11110-

357 2114 452 2141 tuum
477 2113 507 2140 et
531 2111 768 2148 proventuum,
789 2118 874 2147 quos
893 2109 931 2139 de
948 2109 1119 2147 prebenda
1137 2110 1212 2148 ipsa
1229 2111 1367 2149 recepit,

359 2164 497 2194 minime
527 2163 691 2193 teneatur.
727 2162 895 2198 Ceterum,
921 2162 1102 2200 judiciaria
1131 2166 1161 2193 et
1188 2163 1367 2194 arbitraria

357 2217 555 2248 auctoritate
581 2216 776 2250 statuimus,
804 2216 1001 2245 ordinamus
1027 2218 1058 2246 et
1084 2217 1303 2255 providemus
1331 2228 1368 2247 30

358 2270 562 2301 arbitramur
580 2269 668 2307 quod
686 2268 837 2307 prefatus
857 2269 1032 2299 Amandus
1052 2269 1091 2299 de
1112 2269 1278 2300 fructibus
1297 2279 1369 2309 pre-

358 2325 424 2354 fate
452 2322 619 2362 prebende
648 2321 713 2351 sibi
742 2321 942 2360 adjudicate,
972 2324 1154 2361 postquam
1175 2331 1247 2353 eam
1268 2323 1369 2354 suerit

357 2377 494 2416 pacitice
513 2377 688 2405 assecutus
703 2376 735 2405 et
754 2374 883 2404 fructus
897 2375 1085 2413 perceperit
1100 2384 1141 2405 ex
1155 2376 1284 2413 eadem,
1300 2379 1370 2406 tan-

359 2430 415 2459 diu
434 2430 548 2459 decem
566 2427 730 2458 librarum
748 2428 1004 2466 parisiensium,
1023 2428 1056 2458 in
1085 2428 1170 2459 festo
1194 2429 1369 2460 beatorum

359 2482 589 2522 apostolorum
626 2481 785 2520 Pliylippi
814 2484 846 2511 et
872 2481 1001 2517 ι1300111,
1030 2482 1178 2520 predicto
1207 2483 1369 2521 magistro

360 2536 514 2565 NValtero
547 2533 703 2564 exhibeat
739 2535 926 2570 annuatim,
958 2534 1063 2565 donec
1092 2535 1179 2564 idem
1211 2536 1371 2574 magister

360 2589 537 2618 XYalterus
551 2588 583 2617 in
602 2589 787 2618 memorata
801 2587 945 2617 ecclesia
964 2590 1077 2618 sancte
1096 2588 1214 2618 Crucis
1233 2589 1371 2627 preben-

361 2642 436 2672 dam
461 2641 596 2680 pacilice
625 2642 837 2679 assequatur.
860 2640 911 2670 Ad
926 2640 998 2675 hec,
1019 2641 1216 2672 auctoritate
1238 2641 1335 2672 nobis
1354 2652 1372 2672 a

363 2695 497 2724 domino
517 2702 602 2733 papa
624 2693 655 2723 in
675 2693 734 2723 hac
752 2696 846 2732 parte
864 2694 1058 2730 conunissa,
1077 2694 1285 2731 ordinamus,
1306 2698 1371 2725 sta-

362 2748 490 2778 tuimus
519 2756 555 2776 ac
582 2747 800 2785 providemus
825 2747 914 2785 quod
940 2747 1027 2777 idem
1062 2747 1224 2786 magister
1244 2748 1372 2779 XValte-

364 2810 420 2831 rus
441 2801 499 2839 qui
517 2801 549 2830 in
569 2800 683 2830 eadem
711 2800 852 2830 ecclesia
880 2803 1034 2839 receptus
1053 2803 1102 2831 est
1123 2801 1156 2831 in
1175 2801 1371 2833 canonicum

363 2853 445 2883 etin
475 2854 623 2888 fratrem,
655 2855 752 2891 prout
777 2862 817 2883 cx
836 2854 957 2892 prefati
988 2854 1132 2884 Amandi
1160 2854 1372 2886 confessione

363 2906 567 2945 accepimus,
597 2905 716 2936 habeat
742 2908 773 2936 et
802 2905 949 2937 obtineat
979 2906 1183 2945 prebendam
1212 2907 1313 2937 aliam
1344 2908 1372 2937 si

363 2968 429 2998 qua
456 2959 487 2989 iu
516 2959 687 2998 sepedicta
714 2959 855 2989 ecclesia
882 2962 975 2990 vacat
1005 2960 1045 2990 ad
1070 2968 1221 2999 presens,
1252 2964 1372 2991 etcum

1093 267 1347 298 REGISTRES
1379 267 1593 298 D'URBAIN
1624 267 1682 297 lv.

1422 351 1553 390 prefato
1566 353 1728 391 magistro
1745 353 1902 390 Henrico,
1917 355 2129 392 procuratori
2141 354 2265 394 prefati
2279 357 2435 395 magistri

1390 405 1391 421 ³
1421 404 1580 442 Walteri,
1601 405 1737 436 nomine
1756 406 1866 444 ipsius
1883 407 2044 443 XValteri,
2059 408 2310 445 presentialiter
2325 409 2435 440 confe-

1422 457 1530 488 rimus
1545 467 1581 488 ac
1599 459 1700 488 etiam
1718 460 1945 498 assignamus.
1963 460 1997 490 Si
2015 468 2094 490 vero
2111 460 2145 490 111
2163 461 2279 491 03110111
2294 462 2438 493 ecclesia

1421 510 1515 541 nulla
1546 511 1718 550 prebenda
1750 514 1845 543 vacat
1875 513 1917 543 ad
1946 522 2099 552 presens,
2137 523 2197 544 nos
2229 514 2437 553 prebendam

1421 564 1576 602 proximo
1604 564 1695 602 jinibi
1730 568 1937 600 vacaturam,
1972 566 2209 597 conferendam
2243 568 2332 598 dicto
2368 576 2439 598 ma-

1421 617 1527 656 gistro
1553 618 1610 648 W.
1640 627 1700 657 per
1725 618 1823 648 11111111
1849 619 1902 649 0111
1935 619 2093 650 dominus
2126 629 2212 659 papa
2244 620 2279 650 id
2302 621 2439 652 duxerit.

1421 671 1712 707 committendum,
1734 671 1908 702 donationi
1929 672 2113 711 apostolice
2139 676 2365 710 reservantes,
2385 674 2438 705 de-

1422 724 1591 754 cernimus
1610 724 1745 754 irritum
1761 727 1791 755 et
1810 725 1908 756 inane
1927 726 1955 755 si
1974 734 2072 756 secus
2088 726 2127 756 de
2149 726 2209 756 illa
2227 727 2437 766 contingeret

1390 812 1391 823 ¹
1422 777 1627 815 attemptari.
1646 777 1684 807 In
1701 786 1844 816 quorum
1857 779 2009 808 omnium
2027 779 2262 809 testimonium
2281 780 2436 810 0111111111-

1391 867 1393 878 .
1422 838 1510 866 men,
1525 833 1718 868 presentem
1734 832 1893 870 paginam
1911 840 1971 870 per
1990 831 2249 871 infrascriptum
2266 833 2441 864 notarium

1423 885 1576 913 nostrum
1602 884 1705 914 scribi
1723 886 1754 915 et
1772 884 1940 923 publicari
1960 885 2102 916 fecimus
2126 887 2302 925 nostrique
2332 886 2440 926 sigilli

1424 937 1629 975 appensione
1647 938 1783 968 muniri.
1803 938 1885 968 Lata
1905 940 1936 969 et
1956 939 2175 977 pronuntiata
2195 939 2284 978 apud
2299 939 2440 970 Urbem-

1424 991 1584 1027 veterem,
1603 990 1636 1020 in
1651 990 1798 1029 hospitio
1815 991 1937 1030 prefati
1955 991 2292 1029 dominicardiualis,
2304 1001 2443 1032 presen-

1423 1042 1516 1073 tibus
1536 1043 1602 1074 hiis
1627 1043 1786 1081 testibus,
1814 1045 1944 1075 scilicet
1972 1044 2110 1075 domino
2140 1045 2291 1076 Gerardo
2321 1045 2441 1076 abbate

1425 1097 1532 1127 sancti
1558 1097 1734 1136 Sepulchri
1760 1099 2010 1134 Cameracensi,
2033 1099 2196 1138 magistro
2217 1099 2368 1129 Gerardo
2387 1099 2442 1130 de-

1425 1158 1508 1180 cano
1525 1150 1774 1185 Cameracensi,
1792 1151 1945 1181 Johanne
1966 1152 2006 1181 de
2031 1151 2125 1182 Cella
2149 1152 2309 1182 canonico
2326 1153 2442 1182 sancte

1881 1204 2019 1234 domino
2055 1204 2241 1235 Guillelmo
2279 1204 2442 1236 monacho

1426 1256 1533 1286 sancti
1556 1256 1731 1295 Sepulchri
1753 1257 1908 1295 predicti,
1934 1257 2097 1296 magistro
2119 1258 2220 1288 Petro
2237 1258 2278 1288 de
2298 1258 2443 1289 Nalines

1396 1340 1397 1343 ,
1426 1309 1517 1339 socio
1537 1309 1660 1348 prefati
1685 1310 1814 1347 decani,
1844 1310 2006 1341 Gualtero
2031 1310 2071 1340 de
2100 1310 2277 1342 Gremcort
2304 1311 2445 1352 presby-

1426 1365 1509 1399 tero,
1542 1363 1706 1402 magistro
1738 1363 1915 1394 Sinibaldo
1952 1364 2106 1394 Romano
2139 1365 2301 1395 canonico
2334 1365 2444 1396 sancti

1396 1445 1397 1459 ÷
1426 1416 1586 1446 Germani
1604 1417 1804 1453 Montensis,
1823 1416 1957 1447 Matheo
1975 1418 2007 1447 et
2022 1416 2148 1448 Jacobo
2165 1418 2205 1448 de
2222 1418 2351 1449 Narnia
2367 1427 2445 1458 pro-

1427 1469 1643 1500 curatoribus
1664 1470 1698 1499 in
1714 1471 1864 1500 Romana
1893 1470 1987 1500 curia
2007 1470 2136 1500 vocatis
2160 1473 2190 1501 et
2216 1472 2356 1510 rogatis,
2381 1471 2444 1502 sub

1427 1531 1514 1553 anno
1532 1523 1671 1553 Domini
1688 1523 1929 1559 MCCLXIII,
1946 1523 2131 1554 indictione
2150 1524 2237 1558 Vir,
2256 1533 2372 1555 mense
2390 1533 2446 1556 oc-

1426 1575 1532 1606 tobris
1560 1576 1614 1606 die
1644 1576 1762 1615 quinta
1787 1576 1956 1613 exeuntis,
1985 1576 2206 1616 pontificatus
2233 1578 2362 1608 domini
2387 1579 2446 1608 Ur-

1426 1629 1505 1659 bani
1519 1637 1604 1668 pape
1620 1629 1685 1660 IIII
1703 1638 1790 1660 anno
1807 1630 1921 1660 tertio.
1943 1639 1958 1658 1)

1468 1693 1481 1709 ι(
1502 1683 1613 1713 Το1101·
1638 1685 1750 1713 autem
1769 1683 1850 1713 dicti
1866 1683 2085 1713 instrumenti
2108 1684 2348 1722 compromissi
2363 1684 2445 1715 talis

1428 1738 1478 1766 est
1495 1746 1500 1764 z

1468 1803 1481 1817 ιι
1502 1790 1541 1820 Ι11
1555 1790 1690 1820 1101111110
1708 1789 1846 1820 Domini
1863 1798 1971 1820 amen.
1990 1790 2073 1820 Cum
2090 1790 2178 1820 inter
2194 1791 2388 1821 Amandum
2404 1790 2445 1821 de

1429 1852 1445 1873 »
1464 1843 1624 1880 Castello,
1656 1843 1894 1882 presbyterum
1925 1843 2181 1874 Cameracensis
2211 1843 2370 1880 diocesis,
2403 1852 2446 1875 ex

1429 1899 1558 1936 »parte
1586 1906 1663 1933 una,
1697 1898 1728 1927 et
1754 1896 1968 1927 venerabiles
1996 1897 2087 1927 viros
2115 1897 2302 1936 capitulum
2331 1899 2446 1928 sancte

1428 1959 1445 1980 »
1464 1950 1582 1981 Crucis
1592 1950 1846 1981 Cameracensis
1859 1959 1895 1980 ac
1908 1950 2111 1989 magistrum
2119 1950 2313 1981 XValterum
2325 1950 2365 1982 de
2374 1950 2447 1982 Sol-

1429 2013 1445 2032 »
1463 2003 1635 2042 lempniis,
1655 2003 1741 2033 ‹elicte
1769 2003 1915 2033 diocesis
1945 2003 2118 2038 clericum,
2141 2012 2182 2033 ex
2205 2003 2324 2040 altera,
2344 2012 2447 2042 super

1428 2057 1652 2094 »receptione
1683 2059 1713 2086 et
1743 2056 1937 2094 provisione
1963 2056 2043 2086 dicti
2067 2056 2260 2095 presbyteri
2292 2057 2327 2086 111
2355 2057 2446 2087 dicta

1430 2118 1445 2138 »
1465 2109 1607 2140 ecclesia
1637 2111 1752 2139 sancte
1771 2109 1889 2139 Crucis
1917 2109 2094 2147 questione
2122 2109 2271 2145 suborta,
2299 2134 2318 2139 ..
2342 2109 2448 2141 abbas

1430 2172 1446 2191 »
1463 2162 1661 2192 monasterii
1679 2162 1938 2192 sauctiAuberti
1957 2162 2213 2193 Cameracensis
2231 2163 2341 2193 eidem
2354 2172 2448 2202 pres-

1430 2225 1446 2244 »
1464 2215 1583 2255 bytero
1599 2217 1756 2245 executor
1779 2223 1882 2254 super
1901 2216 2092 2254 receptione
2112 2224 2148 2245 ac
2167 2216 2365 2254 provisione
2388 2216 2448 2247 hu-

1432 2279 1447 2297 »
1463 2269 1611 2308 jusmodi
1631 2278 1648 2298 3
1662 2269 1739 2298 sede
1757 2268 1943 2307 apostolica
1961 2268 2155 2307 deputatus,
2176 2278 2314 2299 causam
2331 2269 2447 2309 hujus-

1432 2331 1448 2351 »
1466 2322 1555 2352 modi
1567 2322 1606 2351 de
1617 2330 1783 2352 consensu
1794 2321 1941 2360 partium
1955 2321 1996 2351 ad
2007 2330 2150 2352 examen
2159 2322 2251 2352 sedis
2261 2322 2448 2361 apostolice

1432 2384 1448 2404 »
1467 2375 1667 2410 remisisset,
1688 2374 1818 2414 pretixo
1837 2374 1923 2414 ipsis
1942 2374 2096 2413 partibus
2117 2378 2206 2405 certo
2227 2375 2373 2406 termino
2391 2384 2446 2415 pe-

1432 2438 1448 2457 »
1466 2429 1660 2467 remptorio,
1681 2436 1746 2467 quo
1763 2436 1823 2467 per
1841 2436 1876 2458 se
1892 2427 1945 2457 vel
1958 2436 2017 2466 per
2030 2430 2268 2467 procuratores
2282 2428 2444 2468 ydoneos,

1432 2492 1448 2512 ›)
1466 2491 1541 2513 cum
1566 2481 1723 2512 omnibus
1746 2481 1841 2517 actis,
1857 2480 1995 2520 „iuribus
2013 2483 2043 2511 et
2063 2482 2286 2512 munimentis
2303 2482 2376 2512 suis
2389 2481 2449 2513 hu-

1432 2545 1449 2565 »
1463 2535 1613 2574 jusmodi
1628 2543 1765 2565 causam
1783 2533 2070 2573 contingentibus,
2094 2534 2282 2573 apostolico
2300 2543 2336 2566 se
2354 2543 2449 2566 cons-

1432 2598 1449 2618 »
1466 2589 1575 2628 pectui
1600 2589 1846 2627 presentarent,
1865 2587 1992 2617 facture
2016 2589 2046 2617 et
2072 2590 2246 2626 receptare
2268 2596 2370 2627 super
2387 2588 2450 2620 hoc

1433 2650 1449 2671 »
1467 2641 1555 2680 quod
1587 2641 1667 2671 ordo
1698 2640 1842 2671 rationis
1876 2640 2030 2672 dictaret.
2060 2640 2197 2670 tandem
2221 2641 2356 2680 negotio
2389 2649 2450 2673 seu

1434 2704 1450 2723 »
1468 2703 1568 2724 031153
1587 2693 1851 2733 hujusmodiper
1869 2693 2106 2723 remissionem
2120 2693 2261 2724 eandem
2275 2694 2317 2724 ad
2333 2694 2450 2725 sedem

1434 2757 1450 2776 »
1468 2747 1689 2786 apostolicam
1713 2746 1883 2781 devoluto,
1902 2746 2142 2776 sanctissimus
2160 2751 2266 2785 pater,
2290 2747 2449 2779 dominus

1435 2810 1451 2829 »
1470 2800 1626 2831 Urbanus
1645 2809 1732 2839 papa
1756 2799 1832 2835 1111,
1853 2798 2082 2830 venerabilem
2108 2799 2140 2829 in
2159 2799 2294 2830 Christo
2316 2802 2449 2839 patrem

1435 2863 1451 2883 »
1470 2854 1644 2884 dominum
1680 2853 1915 2886 Guillelmum,
1948 2852 2168 2883 miseratione
2202 2853 2318 2884 divina
2356 2854 2450 2885 tituli

1436 2916 1452 2935 »
1471 2907 1577 2937 sancti
1595 2906 1698 2937 Marci
1716 2905 1955 2945 presbyterum
1972 2905 2191 2938 cardinalem,
2213 2906 2305 2937 dedit
2321 2906 2356 2936 in
2377 2907 2452 2946 ipsa

1436 2970 1453 2990 »
1471 2969 1572 2990 causa
1601 2960 1730 2990 eisdem
1760 2958 1914 2998 partibus
1944 2959 2156 2990 auditorem:
2183 2963 2213 2990 et
2241 2967 2317 2990 cum
2337 2968 2452 2991 coram
