2547 3289
277 287 315 316 48
1018 276 1270 308 REGISTRES
1293 276 1506 308 D'URBAIN
1529 277 1588 307 tv.

272 369 370 401 lelmo
386 367 426 397 de
450 364 627 404 Spectinis,
645 363 804 394 canonico
827 361 997 401 Papiensi,
1013 360 1195 392 camerario
1227 369 1281 390 su-

271 419 445 462 prascripti
464 417 591 448 domini
612 416 775 447 Octoboni
795 415 986 450 cardinalis,
1002 413 1142 445 testibus
1155 413 1197 443 ad
1211 421 1283 452 pre-

270 473 357 503 dicta
373 471 499 501 vocatis
514 471 544 501 et
562 469 695 508 rogatis.
721 469 763 499 Et
779 477 839 508 ego
854 468 1012 507 magister
1029 467 1284 497 Bartholomeus

268 526 310 556 de
331 524 447 562 Regio.
475 523 587 553 sancte
606 521 786 561 apostolice
809 521 899 552 sedis
914 520 1107 551 auctoritate
1124 519 1284 555 notarius,

271 575 430 616 predictis
447 575 604 606 omnihus
623 573 759 604 interfui
781 575 814 604 et
833 574 872 604 de
895 573 1049 603 mandato
1073 572 1285 602 dominorum

273 628 494 660 cardinalium
517 627 834 666 suprascriptorum,
862 627 1033 665 presentes
1058 625 1185 655 litteras
1208 624 1285 659 feci,

275 682 394 722 scripsi
411 683 441 712 et
458 682 491 711 in
518 681 687 720 publicam
711 680 851 711 sormam
873 680 939 710 mei
963 679 1049 718 signi
1075 678 1286 708 annotatione

275 735 398 774 redegi.

316 789 409 819 Nulli
426 797 502 827 ergo
520 789 631 819 nostre
647 788 909 819 confirmationis
919 788 980 818 etc.
994 788 1116 818 Datum
1131 789 1286 825 Viterbii,

273 851 298 872 11
322 841 480 872 kalendas
495 841 667 877 februarii,
683 849 770 871 anno
788 843 818 870 1⁰
840 853 868 871 ».

337 986 387 1019 50
817 984 942 1017 Viterbe,
957 984 1119 1019 26janvie1·
1136 986 1212 1013 1262.

308 1060 466 1087 Abbatibus
478 1059 512 1086 de
526 1059 661 1086 Escureio
678 1061 704 1085 et
721 1067 744 1086 s.
761 1059 874 1092 Leonis,
893 1059 1035 1086 Tuliensis
1051 1059 1183 1093 diocesis,
1200 1069 1284 1087 man·
1312 1059 1313 1084 1

271 1109 321 1136 dat
337 1111 480 1143 quatenus
501 1107 653 1135 Joss'ridum
676 1108 704 1134 in
724 1107 855 1134 abbatiae
878 1107 1047 1135 monasterii
1060 1117 1082 1135 s.
1095 1108 1213 1141 Urbani,
1235 1109 1285 1136 Ca·
1313 1132 1314 1135 ,

1314 1195 1315 1198 ¹
1343 1153 1421 1184 dicti
1443 1154 1648 1190 monasterii,
1666 1154 1721 1184 ubi
1745 1154 1899 1184 monachi
1917 1155 2074 1189 existant,
2091 1156 2122 1184 et
2138 1155 2198 1185 ubi
2213 1155 2354 1186 societas

270 1157 471 1184 thalauncnsis
487 1156 621 1189 diocesis,
638 1156 849 1191 possessionem
868 1156 1015 1183 inducant.
1033 1157 1111 1191 (nm.
1132 1158 1164 1184 26
1188 1157 1236 1184 sol.
1254 1160 1283 1185 Η

270 1210 313 1238 v0,
324 1211 354 1232 no
368 1206 425 1240 48.)

311 1285 394 1316 «..de
408 1285 560 1314 Escurez'o
576 1283 779 1320 Cisterciensi,
796 1283 942 1313 Tullensis
955 1283 1090 1319 diocesis,
1103 1289 1154 1314 cc..
1172 1294 1195 1313 s.
1213 1283 1285 1313 Leo-

273 1339 321 1368 nis
333 1337 490 1372 Tulhmsis,
514 1337 711 1377 s.Auyustini
733 1336 861 1372 ordinis,
879 1336 1047 1366 abbatibus.
1068 1337 1284 1372 Ques-tionem
1312 1358 1313 1365 1

277 1400 341 1430 que
358 1391 503 1421 inte1·——.
528 1391 651 1421 Datum
670 1391 705 1420 ut
719 1390 754 1420 in
770 1390 922 1429 proxima
934 1390 1097 1428 superiori
1114 1403 1142 1419 ».

339 1539 384 1569 51
819 1536 943 1569 Viterbe,
964 1537 992 1562 19
1004 1536 1116 1570 Janvicr
1138 1538 1212 1563 ¹262.

308 1621 446 1655 Episcopo
473 1620 682 1647 Silvanectensi
708 1620 829 1647 mandat
848 1623 879 1647 ut
900 1620 1031 1653 Henrico,
1050 1621 1120 1647 olim
1141 1622 1237 1648 abbati
1260 1630 1283 1648 s.
1314 1614 1315 1626 ¹

272 1670 399 1705 Dionysii
419 1670 447 1697 in
467 1670 641 1703 Francia,de
661 1670 756 1704 aliquo
777 1670 905 1705 prioratu
925 1670 1285 1705 provideat,ul›imonachi

273 1727 339 1745 eum
358 1718 459 1752 quibus
477 1718 536 1753 ipse
556 1718 674 1745 honeste
689 1719 854 1745 conversari
873 1719 974 1753 possit,
999 1719 1134 1746 existant.
1149 1720 1228 1754 (Res.
1252 1722 1285 1747 26

270 1766 321 1795 fol.
342 1769 370 1794 Η
388 1771 428 1800 v0,
445 1771 476 1793 n⁰
491 1767 549 1801 49.)

315 1856 356 1874 «..
375 1844 512 1884 episcopo
538 1843 770 1874 Silvaneccensz‘.
795 1844 918 1875 Dilecti
936 1844 1023 1875 filii..
1043 1845 1146 1875 abbas
1161 1847 1192 1876 et
1206 1854 1284 1876 con-

273 1898 394 1926 ventus
410 1897 639 1926 monasteriis
650 1896 804 1935 Dyonisii
821 1897 855 1927 in
872 1897 1025 1933 Francia,
1041 1899 1081 1928 ad
1099 1899 1285 1930 Romanam
1313 1917 1315 1928 .

273 1949 449 1979 ecclesiam
460 1949 551 1979 nullo
564 1949 673 1979 medio
690 1950 898 1988 pertinentis,
917 1951 1045 1981 ordinis
1055 1960 1083 1982 s.
1101 1952 1282 1988 Benedicti,

272 2001 476 2032 Parisiensis
494 2001 648 2038 diocesis,
678 2003 774 2033 nobis
799 2003 987 2042 significare
1010 2006 1170 2034 curarunt
1184 2006 1284 2044 quod,
1314 2005 1315 2010 ’

272 2060 348 2082 cum
374 2052 453 2083 olim
475 2052 514 2083 de
532 2053 686 2083 mandato
706 2053 814 2083 felicis
838 2054 1075 2084 recordationis
1102 2054 1285 2085 Alexandri

272 2113 369 2145 pape,
384 2105 629 2145 predecessoris
645 2106 762 2141 nostri,
779 2106 959 2136 commissa
976 2106 1093 2137 suisset
1111 2107 1285 2145 inquisitio

272 2160 340 2190 tam
355 2159 389 2189 in
405 2159 510 2198 capite
527 2167 626 2198 quam
651 2159 684 2189 in
702 2159 860 2189 membris
874 2159 908 2189 in
925 2159 996 2198 ipso
1017 2160 1220 2190 monasterio
1237 2161 1283 2190 sa-

271 2212 401 2246 cienda,
417 2211 551 2242 tandem
564 2211 729 2242 llenricus
751 2212 947 2248 monachus,
965 2213 1041 2243 tunc
1059 2213 1161 2243 abbas
1178 2213 1285 2252 ipsius

273 2265 477 2299 monasterii,
509 2264 657 2302 cgusdem
682 2265 836 2303 regimini
855 2267 972 2304 sponte
1003 2266 1114 2301 cessit,
1146 2267 1198 2296 cui
1226 2275 1285 2306 per

273 2317 438 2356 quandam
457 2317 699 2348 ordinationem
720 2318 839 2348 factam
858 2318 1052 2348 auctoritate
1073 2319 1151 2348 dicti
1167 2320 1283 2357 prede-

274 2370 428 2406 cessoris,
441 2371 473 2400 et
496 2378 639 2408 pereum
655 2371 866 2409 postmodum
886 2371 1286 2411 confirmatam‚preposi-

273 2423 348 2452 tura
363 2422 404 2452 de
423 2422 634 2456 Bernevalle,
646 2422 928 2461 Rothomagensis
943 2423 1097 2458 diocesis,
1117 2424 1158 2453 ad
1175 2424 1285 2463 ipsum

272 2475 516 2505 monasterium
535 2474 716 2513 pertinens,
729 2483 788 2514 pro
816 2484 875 2506 sua
901 2475 1093 2514 provisione
1111 2475 1172 2506 sub
1187 2477 1285 2506 certis
1314 2498 1315 2505 1

269 2527 518 2558 conditionibus
527 2528 694 2566 assignata
708 2528 872 2563 extitit‚ab
880 2537 928 2563 eo,
942 2529 1022 2558 dum
1031 2529 1168 2565 viveret,
1179 2531 1285 2568 possi-

273 2581 390 2611 denda.
408 2580 473 2610 Sed
481 2580 590 2610 dictus
606 2581 772 2611 Henricus
786 2589 850 2611 non
863 2581 1036 2611 attendens
1051 2582 1139 2620 quod
1155 2582 1284 2613 Latera-

274 2634 388 2664 nensis
403 2633 538 2664 concilii
557 2634 668 2664 obviat
690 2634 854 2664 institutis
871 2635 901 2664 et
916 2634 1061 2673 regulari
1078 2634 1209 2673 derogat
1228 2635 1283 2665 ho-
1314 2665 1315 2670 ,

1314 2680 1315 2688 ’
1345 2687 1486 2717 formam
1503 2686 1641 2717 ecclesie
1658 2685 1821 2724 impertiri
1836 2686 1867 2715 et
1884 2693 1959 2715 cum
1974 2684 2101 2715 eisdem
2117 2692 2217 2723 super
2231 2683 2353 2721 irregu-

275 2686 502 2724 nestati‚quod
516 2686 670 2717 monachi
687 2686 750 2716 soli
766 2687 852 2716 inter
865 2686 1283 2725 seculaieslioniineseom—

274 2742 456 2774 morentur,
472 2739 506 2769 in
525 2739 596 2778 ipsa
616 2739 826 2778 prepositura
840 2739 943 2774 solus,
960 2739 1034 2769 sine
1052 2738 1283 2777 religiosorum

275 2793 429 2823 societate
443 2801 502 2831 per
524 2792 698 2822 biennium
717 2801 844 2823 moram
861 2792 973 2822 traxit.
990 2792 1029 2821 Et
1046 2791 1121 2822 licet
1138 2794 1283 2830 postmo-

274 2845 354 2875 dum
371 2845 438 2883 ipse
456 2845 621 2875 interdum
639 2845 705 2875 sibi
725 2845 871 2884 aliquem
886 2844 1079 2883 religiosum
1099 2845 1282 2875 associave—

275 2897 329 2932 rit,
348 2897 435 2927 idem
451 2899 561 2928 tamen
577 2898 767 2928 conflictum
788 2897 1013 2937 spiritualium
1029 2897 1174 2928 hostium
1190 2897 1282 2928 solus

276 2950 365 2981 inter
382 2950 547 2981 seculares
563 2950 714 2982 homines
728 2951 839 2990 potius
852 2951 1008 2989 expetens
1023 2958 1123 2989 quam
1139 2950 1280 2986 evitans,

1342 368 1409 390 non
1425 360 1534 391 solum
1550 360 1586 390 in
1603 360 1719 390 eadem
1741 360 1961 399 prepositura,
1978 369 2096 391 verum
2111 360 2211 391 etiam
2226 361 2261 392 in
2275 362 2353 393 aliis

1342 412 1425 442 locis
1440 412 1482 443 ad
1503 421 1566 451 que
1586 421 1664 452 sepe
1678 421 1738 452 pro
1754 421 1815 443 sua
1828 413 1998 444 voluntate
2013 422 2048 444 se
2065 415 2233 450 transfert,
2252 415 2352 447 inter-

1342 465 1422 495 dum
1435 474 1495 504 per
1509 474 1671 502 mensem,
1684 466 1851 496 interdum
1868 467 2012 505 amplius
2030 467 2102 498 sine
2119 467 2286 507 religiosis
2296 469 2354 499 ali-

1344 517 1468 556 quibus
1493 520 1657 557 emgatur,
1678 527 1719 549 ex
1741 527 1807 558 quo
1827 527 1894 549 non
1916 519 2026 550 solum
2045 520 2133 559 apud
2153 520 2306 551 abbatem
2322 522 2354 551 et

1344 573 1545 601 conventum
1555 571 1721 610 predictos
1731 580 1768 601 ac
1780 571 2006 602 venerabilem
2019 572 2153 603 fratrem
2163 575 2353 608 nostrum..‚

1345 624 1572 655 parisiensem
1592 625 1798 663 episcopum,
1830 626 1862 655 et
1886 625 2066 655 nonnullos
2092 626 2237 664 prelatos
2269 626 2354 657 alios

1344 677 1438 715 regni
1453 677 1605 713 Francie,
1619 686 1734 708 verum
1743 677 1842 708 etiam
1854 677 1942 716 apud
1954 678 2166 709 carissimum
2175 679 2209 709 in
2222 679 2354 709 Christo

1344 729 1490 766 filium„
1507 730 1674 761 illustrem
1692 739 1802 769 regem
1819 731 2038 767 Francorum,
2057 731 2207 771 aliosque
2225 732 2355 762 nobiles

1312 790 1315 799 ¹
1344 783 1424 813 dicti
1444 784 1537 822 regni
1564 785 1691 814 tantum
1712 783 1907 814 scandalum
1929 785 1979 814 est
1994 785 2158 820 exortum,
2177 785 2265 824 quod
2283 785 2355 824 ipse

1343 835 1447 866 abbas
1463 838 1495 866 et
1509 838 1704 872 conventus,
1721 837 1896 875 episcopus
1910 838 1940 866 et
1957 845 2016 867 rex
2032 845 2068 867 ac
2083 837 2141 868 alii
2156 837 2270 876 plures
2281 839 2354 868 tan-

1342 890 1411 919 tam
1421 889 1569 928 ejusdem
1584 889 1628 919 H.
1641 889 1854 920 insolentiam
1868 889 2080 924 detestantes,
2092 890 2164 920 sedi
2175 891 2354 929 apostolice

1312 972 1313 975 ,
1342 950 1402 980 per
1418 950 1497 972 suas
1512 942 1640 973 litteras
1657 942 1888 981 supplicarunt
1917 944 1953 972 ut
1971 951 2045 973 cum
2064 943 2173 973 eidem
2188 943 2232 973 H.
2251 944 2353 974 mate·

1312 996 1313 1005 ¹
1343 994 1428 1024 riam
1443 996 1532 1025 tante
1552 995 1728 1026 insolentie
1743 995 1777 1025 id
1791 996 2005 1034 potissimum
2022 998 2169 1034 prestare
2185 998 2351 1034 noscatur,

1343 1048 1431 1086 quod
1446 1048 1481 1078 in
1497 1049 1644 1087 predicta
1659 1049 1869 1088 prepositura
1888 1049 2042 1079 monachi
2065 1049 2169 1088 aliqui
2184 1058 2250 1080 non
2266 1050 2351 1080 exis-

1342 1101 1427 1136 tunt,
1443 1101 1586 1131 eundem
1601 1101 1643 1131 H.
1657 1101 1734 1132 inde
1750 1101 1897 1132 amoveri
1907 1102 2022 1131 etcum
2034 1101 2068 1131 in
2079 1101 2190 1140 aliquo
2206 1102 2355 1141 prioratu

1343 1215 1442 1244 quam
1454 1207 1597 1237 scienter
1607 1207 1922 1246 resugit,salubriter
1932 1209 2066 1246 paretur
2078 1207 2354 1243 invito,collocari

1343 1259 1382 1289 de
1403 1261 1561 1290 consueta
1585 1260 1674 1290 sedis
1699 1261 1877 1299 apostolice
1902 1260 2078 1290 clementia
2105 1260 2351 1291 mandaremus.

1343 1312 1504 1347 Quocirca
1528 1313 1727 1343 fraternitati
1751 1315 1805 1343 tue
1826 1313 2027 1342 mandamus
2044 1313 2213 1351 quatinus,
2230 1313 2259 1343 si
2274 1322 2354 1344 vera

1343 1366 1498 1403 suntque
1521 1366 1710 1400 narrantur,
1734 1365 1821 1395 dicto
1839 1364 1883 1394 H.
1903 1365 1942 1394 de
1968 1365 2079 1403 aliquo
2097 1365 2245 1404 prioratu
2266 1366 2352 1403 ejus-

1343 1418 1417 1447 dem
1427 1418 1620 1448 monasterii
1631 1418 1856 1456 equivalentis
1866 1417 1990 1447 valoris
2000 1418 2186 1456 provisioni
2196 1418 2352 1457 predicte,

1343 1470 1401 1499 ubi
1418 1470 1572 1500 monachi
1591 1478 1667 1500 cum
1688 1470 1812 1508 quibus
1829 1471 1901 1508 ipse
1920 1470 2057 1500 honeste
2078 1471 2268 1501 conversari
2282 1480 2355 1510 pos-

1344 1523 1563 1558 sit‚existant,
1577 1524 1770 1554 auctoritate
1788 1525 1901 1553 nostra
1917 1523 2092 1562 providere
2106 1532 2354 1563 procures‚pre-

1344 1576 1527 1614 posituram
1539 1576 1721 1615 predictam
1736 1576 1778 1607 ad
1793 1576 1970 1606 utilitatem
1990 1576 2132 1615 predicti
2148 1577 2353 1612 monasterii,

1345 1630 1431 1659 sieut
1446 1630 1513 1659 erat
1526 1630 1704 1668 antequam
1716 1629 1861 1660 Henrico
1877 1628 2105 1667 assignaretur
2119 1629 2238 1664 eidem,
2250 1637 2310 1668 per
2323 1630 2354 1659 te

1314 1701 1315 1708 η
1345 1683 1399 1713 vel
1424 1682 1527 1712 alium
1551 1682 1748 1713 revocando.
1776 1682 1915 1713 Necnon
1939 1682 2196 1712 contradictores
2212 1699 2262 1712 -.
2277 1681 2354 1712 Non

1345 1736 1552 1767 obstantibus
1566 1755 1614 1766 —.
1626 1737 1750 1767 Datum
1761 1736 1916 1773 viterbii,
1925 1745 1996 1765 xnn
2011 1736 2172 1766 kalendas
2182 1736 2353 1771 februarii,

1345 1798 1432 1820 anno
1448 1791 1478 1819 1⁰
1493 1801 1521 1819 ».

1410 1955 1460 1986 52
1910 1952 2035 1986 Viterbe,
2052 1953 2068 1979 4
2083 1952 2190 1979 sevrier
2207 1953 2283 1980 «262.

1380 2037 1483 2064 Abbati
1499 2039 1527 2063 et
1543 2037 1695 2063 conventui
1711 2036 1882 2064 monasterii
1897 2045 1919 2063 s.
1941 2036 2037 2064 Jacobi
2052 2037 2086 2063 de
2107 2037 2266 2069 Waldensi,
2283 2037 2355 2064 Lon-

1314 2089 1315 2098 *
1344 2086 1488 2113 deniensis
1504 2086 1636 2119 diocesis,
1654 2085 1781 2120 indulget
1799 2089 1829 2112 ut
1845 2085 1981 2120 professis
1996 2093 2028 2112 ac
2043 2086 2132 2112 etiam
2148 2093 2204 2112 nou
2221 2085 2356 2120 professis

1345 2135 1475 2169 ipsorum
1490 2134 1609 2169 collegio
1625 2134 1775 2169 aggregari
1787 2134 2111 2166 rolentibus,interdicti
2123 2136 2150 2160 et
2160 2133 2357 2161 excommuni-

1345 2183 1466 2210 cationis
1479 2183 1688 2210 absolutionem
1705 2182 1849 2216 impertiri
1864 2182 2076 2217 valeant.(l‘=1-:c.
2087 2183 2121 2209 QG
2134 2182 2181 2209 sol.
2198 2184 2239 2215 12,
2254 2191 2286 2209 no
2298 2183 2356 2216 50.)

1386 2275 1427 2295 «..
1447 2263 1554 2293 abbati
1565 2268 1592 2292 el
1610 2261 1766 2292 conventui
1783 2261 1990 2291 monasteriis.
2009 2260 2115 2290 Jacobi
2129 2260 2165 2290 de
2190 2259 2353 2295 ll'aldensi,

1345 2317 1461 2346 ordinis
1472 2326 1496 2346 s.
1514 2315 1682 2351 Benedicti,
1698 2313 1915 2344 Londoniensis
1937 2314 2070 2343 diocesis.
2090 2313 2154 2349 Qui
2171 2322 2212 2344 ex
2227 2314 2354 2352 aposto-

1314 2367 1315 2399 }
1344 2370 1400 2401 lici
1418 2387 1461 2398 —.
1472 2369 1559 2399 Hinc
1574 2370 1621 2399 est
1635 2368 1725 2407 quod
1741 2369 1930 2402 nos,vestre
1943 2367 2098 2406 precibus
2107 2366 2295 2397 devotionis
2305 2367 2355 2397 in-

1345 2423 1447 2458 ducti,
1463 2422 1656 2453 auctoritate
1679 2420 1775 2450 vobis
1791 2420 1993 2460 presentium
2006 2419 2218 2459 indulgemus
2234 2421 2268 2449 ut
2285 2427 2356 2458 pro-

1345 2475 1444 2506 fessis
1456 2475 1491 2505 in
1506 2476 1616 2505 vestro
1636 2473 1838 2504 monasterio
1857 2481 1892 2503 ac
1910 2473 2008 2503 etiam
2026 2481 2092 2503 non
2109 2482 2119 2511 χ
2134 2471 2281 2507 rofessis,
2295 2479 2354 2501 vo-

1345 2528 1491 2559 lentibus
1507 2529 1616 2558 ves-tro
1633 2526 1805 2565 aggregari
1820 2526 2036 2565 collegio‚qui
2054 2524 2286 2564 suspensionis
2298 2525 2355 2555 aut

1346 2581 1510 2612 interdicti
1529 2580 1582 2610 vel
1605 2579 1959 2611 excommunicationis
1977 2579 2151 2609 sententiis
2172 2578 2296 2609 suerint
2316 2576 2354 2607 li-

1345 2634 1422 2672 gati,
1434 2635 1479 2668 tn,
1496 2633 1542 2663 fili
1555 2633 1668 2667 abbas,
1686 2632 1906 2662 absolutionis
1921 2631 2120 2662 beneficium
2137 2631 2249 2671 possis
2258 2630 2354 2669 juxta

1344 2740 1522 2774 laritate,si
1537 2747 1637 2778 quam
1646 2747 1680 2768 se
1696 2738 1913 2768 immiscendo
1923 2737 2176 2767 divinisexinde
2184 2738 2354 2766 contraxe-

1346 2793 1422 2828 rint,
1435 2791 1639 2830 dispensare,
1668 2789 1849 2820 dummodo
1878 2789 1979 2819 iidem
2006 2797 2071 2819 non
2094 2787 2236 2827 professi
2265 2785 2352 2816 infra

1315 2865 1317 2871 .
1344 2853 1449 2875 unum
1469 2853 1618 2874 mensem
1640 2845 1715 2882 post
1732 2843 1977 2873 absolutionem
1997 2841 2188 2881 hujusmodi
2213 2840 2248 2870 in
2264 2839 2351 2869 dicto

1343 2898 1544 2929 monasterio
1562 2897 1749 2936 regularem
1758 2896 1998 2935 professionem
2015 2895 2175 2925 emittant.
2191 2891 2350 2931 Alioquin

1342 2951 1398 2990 huj
1405 2950 1705 2981 usmodiabsolutio
1721 2946 2167 2988 etdispensatio‚quoad110n
2181 2945 2351 2985 professos
