<?xml version="1.0" encoding="UTF-8"?>
<!DOCTYPE html PUBLIC "-//W3C//DTD XHTML 1.0 Transitional//EN"
    "http://www.w3.org/TR/xhtml1/DTD/xhtml1-transitional.dtd">
<html xmlns="http://www.w3.org/1999/xhtml" xml:lang="en" lang="en">
 <head>
  <title>
</title>
<meta http-equiv="Content-Type" content="text/html;charset=utf-8" />
  <meta name='ocr-system' content='tesseract 3.04.00' />
  <meta name='ocr-capabilities' content='ocr_page ocr_carea ocr_par ocr_line ocrx_word'/>
</head>
<body>
  <div class='ocr_page' id='page_1' title='image "./lesregistresdurb12cath/lesregistresdurb12cath_0011.png"; bbox 0 0 2547 3289; ppageno 0'>
   <div class='ocr_carea' id='block_1_1' title="bbox 42 1710 213 1765">
    <p class='ocr_par' dir='ltr' id='par_1_1' title="bbox 42 1710 213 1765">
     <span class='ocr_line' id='line_1_1' title="bbox 81 1710 181 1734; baseline -0.01 0"><span class='ocrx_word' id='word_1_1' title='bbox 81 1710 181 1734; x_wconf 84' lang='lat' dir='ltr'><em>Forma</em></span> 
     </span>
     <span class='ocr_line' id='line_1_2' title="bbox 42 1741 213 1765; baseline 0 0"><span class='ocrx_word' id='word_1_2' title='bbox 42 1741 201 1765; x_wconf 79' lang='lat' dir='ltr'><em>nuntiorum</em></span> <span class='ocrx_word' id='word_1_3' title='bbox 208 1759 213 1764; x_wconf 90' lang='lat'><strong>.</strong></span> 
     </span>
    </p>
   </div>
   <div class='ocr_carea' id='block_1_2' title="bbox 791 589 1819 652">
    <p class='ocr_par' dir='ltr' id='par_1_2' title="bbox 791 589 1819 652">
     <span class='ocr_line' id='line_1_3' title="bbox 791 589 1819 652; baseline 0.002 -4"><span class='ocrx_word' id='word_1_4' title='bbox 791 591 1062 650; x_wconf 85' lang='lat' dir='ltr'><strong>INCIPIT¹</strong></span> <span class='ocrx_word' id='word_1_5' title='bbox 1091 589 1437 652; x_wconf 78' lang='lat' dir='ltr'><strong>REGESTUM</strong></span> <span class='ocrx_word' id='word_1_6' title='bbox 1467 592 1819 651; x_wconf 81' lang='lat' dir='ltr'><strong>CAMERALE</strong></span> 
     </span>
    </p>
   </div>
   <div class='ocr_carea' id='block_1_3' title="bbox 243 812 2368 936">
    <p class='ocr_par' dir='ltr' id='par_1_3' title="bbox 243 812 2368 936">
     <span class='ocr_line' id='line_1_4' title="bbox 243 812 2368 936; baseline 0.001 -24"><span class='ocrx_word' id='word_1_7' title='bbox 243 813 763 914; x_wconf 87' lang='lat' dir='ltr'>DOMINI</span> <span class='ocrx_word' id='word_1_8' title='bbox 819 812 1297 913; x_wconf 75' lang='lat' dir='ltr'><strong>URBAN</strong></span> <span class='ocrx_word' id='word_1_9' title='bbox 1307 813 1356 910; x_wconf 87' lang='lat' dir='ltr'>I</span> <span class='ocrx_word' id='word_1_10' title='bbox 1413 814 1775 911; x_wconf 76' lang='lat' dir='ltr'>PAPE</span> <span class='ocrx_word' id='word_1_11' title='bbox 1842 815 2368 936; x_wconf 65' lang='lat' dir='ltr'>QUARTI</span> 
     </span>
    </p>
   </div>
   <div class='ocr_carea' id='block_1_4' title="bbox 331 1320 1202 1353">
    <p class='ocr_par' dir='ltr' id='par_1_4' title="bbox 331 1320 1202 1353">
     <span class='ocr_line' id='line_1_5' title="bbox 331 1320 1202 1353; baseline 0.008 -12"><span class='ocrx_word' id='word_1_12' title='bbox 331 1323 349 1353; x_wconf 72' lang='lat'><strong>1</strong></span> <span class='ocrx_word' id='word_1_13' title='bbox 1037 1320 1108 1347; x_wconf 81' lang='lat' dir='ltr'><em>Sans</em></span> <span class='ocrx_word' id='word_1_14' title='bbox 1125 1321 1202 1348; x_wconf 85' lang='lat' dir='ltr'><em>date.</em></span> 
     </span>
    </p>
   </div>
   <div class='ocr_carea' id='block_1_5' title="bbox 262 1408 1273 1638">
    <p class='ocr_par' dir='ltr' id='par_1_5' title="bbox 262 1408 1273 1638">
     <span class='ocr_line' id='line_1_6' title="bbox 297 1408 1273 1443; baseline -0.003 -7"><span class='ocrx_word' id='word_1_15' title='bbox 297 1410 436 1436; x_wconf 86' lang='lat' dir='ltr'>Omnibus</span> <span class='ocrx_word' id='word_1_16' title='bbox 452 1409 652 1436; x_wconf 80' lang='lat' dir='ltr'><em>ecclesiasticis</em></span> <span class='ocrx_word' id='word_1_17' title='bbox 665 1408 794 1443; x_wconf 85' lang='lat' dir='ltr'><em>personis</em></span> <span class='ocrx_word' id='word_1_18' title='bbox 807 1408 928 1434; x_wconf 82' lang='lat' dir='ltr'><em>mandat</em></span> <span class='ocrx_word' id='word_1_19' title='bbox 939 1409 1078 1442; x_wconf 82' lang='lat' dir='ltr'><em>quatenus</em></span> <span class='ocrx_word' id='word_1_20' title='bbox 1097 1408 1273 1442; x_wconf 80' lang='lat' dir='ltr'><em>magistrum</em></span> 
     </span>
     <span class='ocr_line' id='line_1_7' title="bbox 262 1456 1273 1492; baseline -0.002 -8"><span class='ocrx_word' id='word_1_21' title='bbox 262 1458 400 1491; x_wconf 81' lang='lat' dir='ltr'>Felicem,</span> <span class='ocrx_word' id='word_1_22' title='bbox 424 1458 552 1492; x_wconf 78' lang='lat' dir='ltr'>priorem</span> <span class='ocrx_word' id='word_1_23' title='bbox 569 1457 706 1484; x_wconf 83' lang='lat' dir='ltr'><em>ecclesiae</em></span> <span class='ocrx_word' id='word_1_24' title='bbox 730 1465 753 1483; x_wconf 88' lang='lat' dir='ltr'><em>s.</em></span> <span class='ocrx_word' id='word_1_25' title='bbox 772 1457 865 1491; x_wconf 85' lang='lat' dir='ltr'><em>Egidii</em></span> <span class='ocrx_word' id='word_1_26' title='bbox 888 1457 1072 1488; x_wconf 76' lang='lat' dir='ltr'><em>Acconensis,</em></span> <span class='ocrx_word' id='word_1_27' title='bbox 1090 1456 1273 1490; x_wconf 76' lang='lat' dir='ltr'>capellanum</span> 
     </span>
     <span class='ocr_line' id='line_1_8' title="bbox 263 1505 1272 1541; baseline -0.003 -8"><span class='ocrx_word' id='word_1_28' title='bbox 263 1507 511 1541; x_wconf 85' lang='lat' dir='ltr'><em>apostolicu1n‚ad</em></span> <span class='ocrx_word' id='word_1_29' title='bbox 526 1508 621 1540; x_wconf 85' lang='lat' dir='ltr'><em>partes</em></span> <span class='ocrx_word' id='word_1_30' title='bbox 637 1505 758 1532; x_wconf 78' lang='lat' dir='ltr'><em>Gallicas</em></span> <span class='ocrx_word' id='word_1_31' title='bbox 774 1505 992 1538; x_wconf 85' lang='lat' dir='ltr'><em>destinandum,</em></span> <span class='ocrx_word' id='word_1_32' title='bbox 1003 1513 1068 1530; x_wconf 85' lang='lat' dir='ltr'><em>cum</em></span> <span class='ocrx_word' id='word_1_33' title='bbox 1085 1505 1180 1530; x_wconf 78' lang='lat' dir='ltr'><em>debita</em></span> <span class='ocrx_word' id='word_1_34' title='bbox 1194 1512 1272 1531; x_wconf 83' lang='lat' dir='ltr'><em>reve-</em></span> 
     </span>
     <span class='ocr_line' id='line_1_9' title="bbox 264 1553 1273 1589; baseline -0.004 -7"><span class='ocrx_word' id='word_1_35' title='bbox 264 1555 357 1582; x_wconf 85' lang='lat' dir='ltr'><em>rentia</em></span> <span class='ocrx_word' id='word_1_36' title='bbox 366 1556 516 1589; x_wconf 84' lang='lat' dir='ltr'><em>recipiant,</em></span> <span class='ocrx_word' id='word_1_37' title='bbox 530 1554 610 1589; x_wconf 85' lang='lat' dir='ltr'><em>eique</em></span> <span class='ocrx_word' id='word_1_38' title='bbox 622 1555 654 1580; x_wconf 90' lang='lat' dir='ltr'><em>de</em></span> <span class='ocrx_word' id='word_1_39' title='bbox 667 1554 837 1580; x_wconf 84' lang='lat' dir='ltr'><em>necessariis</em></span> <span class='ocrx_word' id='word_1_40' title='bbox 851 1553 998 1588; x_wconf 83' lang='lat' dir='ltr'><em>providere</em></span> <span class='ocrx_word' id='word_1_41' title='bbox 1011 1555 1119 1579; x_wconf 84' lang='lat' dir='ltr'><em>curent.</em></span> <span class='ocrx_word' id='word_1_42' title='bbox 1134 1553 1215 1586; x_wconf 69' lang='lat' dir='ltr'><em>(Hm.</em></span> <span class='ocrx_word' id='word_1_43' title='bbox 1229 1555 1273 1584; x_wconf 70' lang='lat'><em>27,</em></span> 
     </span>
     <span class='ocr_line' id='line_1_10' title="bbox 264 1604 459 1638; baseline -0.01 -7"><span class='ocrx_word' id='word_1_44' title='bbox 264 1604 313 1631; x_wconf 86' lang='lat' dir='ltr'><em>sol.</em></span> <span class='ocrx_word' id='word_1_45' title='bbox 333 1607 355 1637; x_wconf 82' lang='lat'><em>1,</em></span> <span class='ocrx_word' id='word_1_46' title='bbox 373 1609 406 1630; x_wconf 86' lang='lat' dir='ltr'><em>n0</em></span> <span class='ocrx_word' id='word_1_47' title='bbox 425 1605 459 1638; x_wconf 85' lang='lat'><em>1.)</em></span> 
     </span>
    </p>
   </div>
   <div class='ocr_carea' id='block_1_6' title="bbox 256 1681 1274 2042">
    <p class='ocr_par' dir='ltr' id='par_1_6' title="bbox 256 1681 1274 2042">
     <span class='ocr_line' id='line_1_11' title="bbox 305 1681 1273 1721; baseline 0.001 -11"><span class='ocrx_word' id='word_1_48' title='bbox 305 1694 319 1710; x_wconf 88' lang='lat'>«</span> <span class='ocrx_word' id='word_1_49' title='bbox 349 1682 575 1713; x_wconf 76' lang='lat' dir='ltr'><em>Venerabilibus</em></span> <span class='ocrx_word' id='word_1_50' title='bbox 600 1682 751 1721; x_wconf 74' lang='lat' dir='ltr'><em>fratribus</em></span> <span class='ocrx_word' id='word_1_51' title='bbox 776 1681 1011 1721; x_wconf 74' lang='lat' dir='ltr'><em>archiepiscopis</em></span> <span class='ocrx_word' id='word_1_52' title='bbox 1038 1687 1064 1710; x_wconf 79' lang='lat' dir='ltr'><em>el</em></span> <span class='ocrx_word' id='word_1_53' title='bbox 1083 1682 1231 1721; x_wconf 71' lang='lat' dir='ltr'><em>episeopis</em></span> <span class='ocrx_word' id='word_1_54' title='bbox 1245 1687 1273 1711; x_wconf 77' lang='lat' dir='ltr'><em>et</em></span> 
     </span>
     <span class='ocr_line' id='line_1_12' title="bbox 264 1734 1273 1775; baseline -0.003 -10"><span class='ocrx_word' id='word_1_55' title='bbox 264 1735 382 1765; x_wconf 71' lang='lat' dir='ltr'><em>dilectis</em></span> <span class='ocrx_word' id='word_1_56' title='bbox 390 1735 466 1775; x_wconf 77' lang='lat' dir='ltr'><em>siliis</em></span> <span class='ocrx_word' id='word_1_57' title='bbox 477 1735 644 1770; x_wconf 72' lang='lat' dir='ltr'><em>abhatibus,</em></span> <span class='ocrx_word' id='word_1_58' title='bbox 658 1734 824 1774; x_wconf 67' lang='lat' dir='ltr'><em>prioribus,</em></span> <span class='ocrx_word' id='word_1_59' title='bbox 838 1734 1012 1773; x_wconf 63' lang='lat' dir='ltr'><em>prepositis,</em></span> <span class='ocrx_word' id='word_1_60' title='bbox 1030 1734 1160 1770; x_wconf 71' lang='lat' dir='ltr'><em>decanis,</em></span> <span class='ocrx_word' id='word_1_61' title='bbox 1174 1734 1273 1763; x_wconf 79' lang='lat' dir='ltr'><em>czrclzi-</em></span> 
     </span>
     <span class='ocr_line' id='line_1_13' title="bbox 263 1787 1272 1827; baseline -0.002 -9"><span class='ocrx_word' id='word_1_62' title='bbox 263 1788 408 1825; x_wconf 78' lang='lat' dir='ltr'><em>diaconis,</em></span> <span class='ocrx_word' id='word_1_63' title='bbox 426 1787 689 1827; x_wconf 71' lang='lat' dir='ltr'><em>archipresbiteris</em></span> <span class='ocrx_word' id='word_1_64' title='bbox 708 1798 759 1817; x_wconf 79' lang='lat' dir='ltr'><em>seu</em></span> <span class='ocrx_word' id='word_1_65' title='bbox 780 1787 920 1826; x_wconf 79' lang='lat' dir='ltr'><em>plebanis</em></span> <span class='ocrx_word' id='word_1_66' title='bbox 945 1792 971 1816; x_wconf 78' lang='lat' dir='ltr'><em>et</em></span> <span class='ocrx_word' id='word_1_67' title='bbox 990 1787 1059 1816; x_wconf 80' lang='lat' dir='ltr'><em>aliis</em></span> <span class='ocrx_word' id='word_1_68' title='bbox 1082 1787 1272 1816; x_wconf 75' lang='lat' dir='ltr'><em>ecclesiarum</em></span> 
     </span>
     <span class='ocr_line' id='line_1_14' title="bbox 259 1839 1274 1882; baseline -0.003 -11"><span class='ocrx_word' id='word_1_69' title='bbox 259 1842 386 1882; x_wconf 80' lang='lat' dir='ltr'><em>prelatis</em></span> <span class='ocrx_word' id='word_1_70' title='bbox 406 1851 566 1880; x_wconf 77' lang='lat' dir='ltr'><em>eorumque</em></span> <span class='ocrx_word' id='word_1_71' title='bbox 589 1840 730 1880; x_wconf 68' lang='lat' dir='ltr'><em>capitulis</em></span> <span class='ocrx_word' id='word_1_72' title='bbox 743 1845 770 1870; x_wconf 77' lang='lat' dir='ltr'><em>el</em></span> <span class='ocrx_word' id='word_1_73' title='bbox 789 1840 992 1877; x_wconf 74' lang='lat' dir='ltr'><em>conventibus,</em></span> <span class='ocrx_word' id='word_1_74' title='bbox 1011 1839 1156 1878; x_wconf 65' lang='lat' dir='ltr'><em>exemplis</em></span> <span class='ocrx_word' id='word_1_75' title='bbox 1172 1845 1199 1868; x_wconf 77' lang='lat' dir='ltr'><em>ct</em></span> <span class='ocrx_word' id='word_1_76' title='bbox 1216 1849 1274 1869; x_wconf 80' lang='lat' dir='ltr'><em>non</em></span> 
     </span>
     <span class='ocr_line' id='line_1_15' title="bbox 262 1893 1274 1934; baseline -0.004 -9"><span class='ocrx_word' id='word_1_77' title='bbox 262 1893 1274 1934; x_wconf 48' lang='lat' dir='ltr'><em>exempti&amp;Cinci-ricmis,Clzcnincensis,Premonstt·acensis,s.Be-</em></span> 
     </span>
     <span class='ocr_line' id='line_1_16' title="bbox 261 1945 1274 1987; baseline -0.004 -9"><span class='ocrx_word' id='word_1_78' title='bbox 261 1947 594 1987; x_wconf 74' lang='lat' dir='ltr'><em>nedicti‚s.Auyzcslini</em></span> <span class='ocrx_word' id='word_1_79' title='bbox 609 1952 637 1976; x_wconf 75' lang='lat' dir='ltr'><em>ee</em></span> <span class='ocrx_word' id='word_1_80' title='bbox 653 1947 791 1976; x_wconf 79' lang='lat' dir='ltr'><em>ordinum</em></span> <span class='ocrx_word' id='word_1_81' title='bbox 808 1946 1068 1982; x_wconf 74' lang='lat' dir='ltr'><em>aliorum,m›cnon</em></span> <span class='ocrx_word' id='word_1_82' title='bbox 1079 1945 1230 1985; x_wconf 70' lang='lat' dir='ltr'><em>maqistris</em></span> <span class='ocrx_word' id='word_1_83' title='bbox 1247 1951 1274 1974; x_wconf 78' lang='lat' dir='ltr'><em>et</em></span> 
     </span>
     <span class='ocr_line' id='line_1_17' title="bbox 256 1998 1273 2042; baseline -0.003 -12"><span class='ocrx_word' id='word_1_84' title='bbox 256 2001 489 2042; x_wconf 76' lang='lat' dir='ltr'><em>preceptoribus</em></span> <span class='ocrx_word' id='word_1_85' title='bbox 500 2000 654 2029; x_wconf 77' lang='lat' dir='ltr'><em>domorum</em></span> <span class='ocrx_word' id='word_1_86' title='bbox 666 1999 771 2028; x_wconf 69' lang='lat' dir='ltr'><em>militie</em></span> <span class='ocrx_word' id='word_1_87' title='bbox 780 1999 896 2038; x_wconf 81' lang='lat' dir='ltr'><em>Templi</em></span> <span class='ocrx_word' id='word_1_88' title='bbox 905 2004 933 2028; x_wconf 83' lang='lat' dir='ltr'><em>et</em></span> <span class='ocrx_word' id='word_1_89' title='bbox 942 1999 1124 2029; x_wconf 52' lang='lat' dir='ltr'><em>&amp;joliannis</em></span> <span class='ocrx_word' id='word_1_90' title='bbox 1133 1998 1273 2038; x_wconf 79' lang='lat' dir='ltr'><em>Hospita-</em></span> 
     </span>
    </p>
   </div>
   <div class='ocr_carea' id='block_1_7' title="bbox 262 2051 1277 2092">
    <p class='ocr_par' dir='ltr' id='par_1_7' title="bbox 262 2051 1277 2092">
     <span class='ocr_line' id='line_1_18' title="bbox 262 2051 1277 2092; baseline -0.002 -9"><span class='ocrx_word' id='word_1_91' title='bbox 262 2053 298 2083; x_wconf 85' lang='lat' dir='ltr'><em>lis</em></span> <span class='ocrx_word' id='word_1_92' title='bbox 312 2053 550 2083; x_wconf 64' lang='grc' dir='ltr'><em>ιΙωόεοίίτηι’ῐαηὶ</em></span> <span class='ocrx_word' id='word_1_93' title='bbox 572 2052 612 2081; x_wconf 79' lang='lat' dir='ltr'><em>ad</em></span> <span class='ocrx_word' id='word_1_94' title='bbox 637 2062 709 2092; x_wconf 79' lang='lat' dir='ltr'><em>quos</em></span> <span class='ocrx_word' id='word_1_95' title='bbox 725 2057 781 2082; x_wconf 80' lang='lat' dir='ltr'><em>etc.</em></span> <span class='ocrx_word' id='word_1_96' title='bbox 808 2052 891 2082; x_wconf 89' lang='lat' dir='ltr'><em>Cum</em></span> <span class='ocrx_word' id='word_1_97' title='bbox 907 2052 1064 2082; x_wconf 87' lang='lat' dir='ltr'><em>dilectum</em></span> <span class='ocrx_word' id='word_1_98' title='bbox 1083 2051 1191 2081; x_wconf 84' lang='lat' dir='ltr'><em>filium</em></span> <span class='ocrx_word' id='word_1_99' title='bbox 1210 2060 1277 2081; x_wconf 89' lang='lat' dir='ltr'><em>ma-</em></span> 
     </span>
    </p>
   </div>
   <div class='ocr_carea' id='block_1_8' title="bbox 259 2104 1276 2779">
    <p class='ocr_par' dir='ltr' id='par_1_8' title="bbox 259 2104 1276 2779">
     <span class='ocr_line' id='line_1_19' title="bbox 261 2104 1274 2146; baseline -0.004 -9"><span class='ocrx_word' id='word_1_100' title='bbox 261 2107 402 2146; x_wconf 88' lang='lat' dir='ltr'><em>gistrum</em></span> <span class='ocrx_word' id='word_1_101' title='bbox 419 2106 577 2141; x_wconf 77' lang='lat' dir='ltr'><em>Felicem,</em></span> <span class='ocrx_word' id='word_1_102' title='bbox 602 2105 749 2144; x_wconf 80' lang='lat' dir='ltr'><em>priorem</em></span> <span class='ocrx_word' id='word_1_103' title='bbox 773 2105 911 2135; x_wconf 79' lang='lat' dir='ltr'><em>ecclesie</em></span> <span class='ocrx_word' id='word_1_104' title='bbox 935 2113 961 2134; x_wconf 90' lang='lat' dir='ltr'><em>s.</em></span> <span class='ocrx_word' id='word_1_105' title='bbox 980 2104 1091 2143; x_wconf 81' lang='lat' dir='ltr'><em>Egidii</em></span> <span class='ocrx_word' id='word_1_106' title='bbox 1107 2104 1274 2134; x_wconf 78' lang='lat' dir='ltr'><em>Acconen-</em></span> 
     </span>
     <span class='ocr_line' id='line_1_20' title="bbox 262 2157 1275 2198; baseline -0.002 -9"><span class='ocrx_word' id='word_1_107' title='bbox 262 2159 321 2194; x_wconf 89' lang='lat' dir='ltr'><em>sis,</em></span> <span class='ocrx_word' id='word_1_108' title='bbox 353 2159 562 2198; x_wconf 81' lang='lat' dir='ltr'><em>capellanum</em></span> <span class='ocrx_word' id='word_1_109' title='bbox 585 2159 747 2193; x_wconf 87' lang='lat' dir='ltr'><em>nostrum,</em></span> <span class='ocrx_word' id='word_1_110' title='bbox 767 2158 806 2187; x_wconf 89' lang='lat' dir='ltr'><em>de</em></span> <span class='ocrx_word' id='word_1_111' title='bbox 824 2157 920 2196; x_wconf 85' lang='lat' dir='ltr'><em>cujus</em></span> <span class='ocrx_word' id='word_1_112' title='bbox 936 2157 1126 2187; x_wconf 74' lang='lat' dir='ltr'><em>sinceritate</em></span> <span class='ocrx_word' id='word_1_113' title='bbox 1144 2157 1221 2186; x_wconf 85' lang='lat' dir='ltr'><em>fidei</em></span> <span class='ocrx_word' id='word_1_114' title='bbox 1238 2165 1275 2187; x_wconf 88' lang='lat' dir='ltr'><em>ac</em></span> 
     </span>
     <span class='ocr_line' id='line_1_21' title="bbox 260 2209 1274 2250; baseline -0.003 -8"><span class='ocrx_word' id='word_1_115' title='bbox 260 2212 472 2242; x_wconf 82' lang='lat' dir='ltr'><em>discretionis</em></span> <span class='ocrx_word' id='word_1_116' title='bbox 488 2212 653 2242; x_wconf 86' lang='lat' dir='ltr'><em>industria</em></span> <span class='ocrx_word' id='word_1_117' title='bbox 664 2211 797 2250; x_wconf 82' lang='lat' dir='ltr'><em>plenam</em></span> <span class='ocrx_word' id='word_1_118' title='bbox 812 2210 847 2240; x_wconf 91' lang='lat' dir='ltr'><em>in</em></span> <span class='ocrx_word' id='word_1_119' title='bbox 858 2211 1003 2240; x_wconf 91' lang='lat' dir='ltr'><em>Domino</em></span> <span class='ocrx_word' id='word_1_120' title='bbox 1019 2210 1176 2239; x_wconf 86' lang='lat' dir='ltr'><em>fiduciam</em></span> <span class='ocrx_word' id='word_1_121' title='bbox 1193 2209 1274 2240; x_wconf 82' lang='lat' dir='ltr'><em>ohti-</em></span> 
     </span>
     <span class='ocr_line' id='line_1_22' title="bbox 260 2262 1275 2303; baseline -0.003 -9"><span class='ocrx_word' id='word_1_122' title='bbox 260 2273 391 2299; x_wconf 92' lang='lat' dir='ltr'><em>nemus,</em></span> <span class='ocrx_word' id='word_1_123' title='bbox 418 2273 479 2303; x_wconf 87' lang='lat' dir='ltr'><em>pro</em></span> <span class='ocrx_word' id='word_1_124' title='bbox 504 2264 706 2303; x_wconf 85' lang='lat' dir='ltr'><em>quibusdam</em></span> <span class='ocrx_word' id='word_1_125' title='bbox 729 2263 867 2294; x_wconf 86' lang='lat' dir='ltr'><em>ecclesie</em></span> <span class='ocrx_word' id='word_1_126' title='bbox 891 2263 1042 2293; x_wconf 79' lang='lat' dir='ltr'><em>Romane</em></span> <span class='ocrx_word' id='word_1_127' title='bbox 1062 2262 1204 2301; x_wconf 81' lang='lat' dir='ltr'><em>negotiis</em></span> <span class='ocrx_word' id='word_1_128' title='bbox 1233 2262 1275 2292; x_wconf 87' lang='lat' dir='ltr'><em>ad</em></span> 
     </span>
     <span class='ocr_line' id='line_1_23' title="bbox 259 2315 1275 2355; baseline -0.002 -9"><span class='ocrx_word' id='word_1_129' title='bbox 259 2318 370 2355; x_wconf 87' lang='lat' dir='ltr'><em>partes</em></span> <span class='ocrx_word' id='word_1_130' title='bbox 382 2316 530 2347; x_wconf 83' lang='lat' dir='ltr'><em>Gallicas</em></span> <span class='ocrx_word' id='word_1_131' title='bbox 543 2317 738 2347; x_wconf 73' lang='lat' dir='ltr'><em>duxerimus</em></span> <span class='ocrx_word' id='word_1_132' title='bbox 758 2316 1004 2349; x_wconf 85' lang='lat' dir='ltr'><em>destinandum,</em></span> <span class='ocrx_word' id='word_1_133' title='bbox 1022 2315 1275 2345; x_wconf 83' lang='lat' dir='ltr'><em>universitatem</em></span> 
     </span>
     <span class='ocr_line' id='line_1_24' title="bbox 261 2368 1275 2408; baseline -0.002 -9"><span class='ocrx_word' id='word_1_134' title='bbox 261 2370 406 2399; x_wconf 87' lang='lat' dir='ltr'><em>vestram</em></span> <span class='ocrx_word' id='word_1_135' title='bbox 431 2378 598 2408; x_wconf 75' lang='lat' dir='ltr'><em>rogamus,</em></span> <span class='ocrx_word' id='word_1_136' title='bbox 624 2377 801 2399; x_wconf 87' lang='lat' dir='ltr'><em>monemus</em></span> <span class='ocrx_word' id='word_1_137' title='bbox 826 2369 857 2399; x_wconf 92' lang='lat' dir='ltr'><em>et</em></span> <span class='ocrx_word' id='word_1_138' title='bbox 881 2368 1054 2398; x_wconf 81' lang='lat' dir='ltr'><em>hortamur</em></span> <span class='ocrx_word' id='word_1_139' title='bbox 1078 2368 1198 2398; x_wconf 88' lang='lat' dir='ltr'><em>attente</em></span> <span class='ocrx_word' id='word_1_140' title='bbox 1216 2375 1275 2406; x_wconf 90' lang='lat' dir='ltr'><em>per</em></span> 
     </span>
     <span class='ocr_line' id='line_1_25' title="bbox 262 2420 1275 2461; baseline -0.003 -9"><span class='ocrx_word' id='word_1_141' title='bbox 262 2421 441 2460; x_wconf 88' lang='lat' dir='ltr'><em>apostolica</em></span> <span class='ocrx_word' id='word_1_142' title='bbox 452 2422 548 2452; x_wconf 87' lang='lat' dir='ltr'><em>vobis</em></span> <span class='ocrx_word' id='word_1_143' title='bbox 556 2421 678 2461; x_wconf 89' lang='lat' dir='ltr'><em>scripta</em></span> <span class='ocrx_word' id='word_1_144' title='bbox 686 2422 882 2452; x_wconf 81' lang='lat' dir='ltr'><em>mandantes</em></span> <span class='ocrx_word' id='word_1_145' title='bbox 893 2422 1057 2459; x_wconf 80' lang='lat' dir='ltr'><em>quatenus</em></span> <span class='ocrx_word' id='word_1_146' title='bbox 1067 2420 1275 2459; x_wconf 84' lang='lat' dir='ltr'><em>capellanum</em></span> 
     </span>
     <span class='ocr_line' id='line_1_26' title="bbox 262 2474 1274 2514; baseline -0.001 -10"><span class='ocrx_word' id='word_1_147' title='bbox 262 2474 374 2514; x_wconf 88' lang='lat' dir='ltr'><em>ipsum</em></span> <span class='ocrx_word' id='word_1_148' title='bbox 397 2483 473 2504; x_wconf 89' lang='lat' dir='ltr'><em>cum</em></span> <span class='ocrx_word' id='word_1_149' title='bbox 495 2475 603 2504; x_wconf 87' lang='lat' dir='ltr'><em>tribus</em></span> <span class='ocrx_word' id='word_1_150' title='bbox 620 2474 817 2513; x_wconf 81' lang='lat' dir='ltr'><em>equitaturis</em></span> <span class='ocrx_word' id='word_1_151' title='bbox 839 2475 870 2504; x_wconf 89' lang='lat' dir='ltr'><em>et</em></span> <span class='ocrx_word' id='word_1_152' title='bbox 887 2475 1030 2513; x_wconf 82' lang='lat' dir='ltr'><em>quatuor</em></span> <span class='ocrx_word' id='word_1_153' title='bbox 1048 2474 1213 2513; x_wconf 85' lang='lat' dir='ltr'><em>personis,</em></span> <span class='ocrx_word' id='word_1_154' title='bbox 1237 2482 1274 2503; x_wconf 92' lang='lat' dir='ltr'><em>eo</em></span> 
     </span>
     <span class='ocr_line' id='line_1_27' title="bbox 263 2527 1275 2566; baseline -0.001 -9"><span class='ocrx_word' id='word_1_155' title='bbox 263 2535 329 2558; x_wconf 90' lang='lat' dir='ltr'><em>non</em></span> <span class='ocrx_word' id='word_1_156' title='bbox 345 2528 543 2566; x_wconf 82' lang='lat' dir='ltr'><em>computato,</em></span> <span class='ocrx_word' id='word_1_157' title='bbox 554 2527 778 2557; x_wconf 83' lang='lat' dir='ltr'><em>familiaribus</em></span> <span class='ocrx_word' id='word_1_158' title='bbox 795 2527 879 2563; x_wconf 83' lang='lat' dir='ltr'><em>suis,</em></span> <span class='ocrx_word' id='word_1_159' title='bbox 895 2535 972 2557; x_wconf 90' lang='lat' dir='ltr'><em>cum</em></span> <span class='ocrx_word' id='word_1_160' title='bbox 984 2535 1043 2566; x_wconf 90' lang='lat' dir='ltr'><em>per</em></span> <span class='ocrx_word' id='word_1_161' title='bbox 1061 2535 1118 2557; x_wconf 86' lang='lat' dir='ltr'><em>vos</em></span> <span class='ocrx_word' id='word_1_162' title='bbox 1136 2527 1189 2556; x_wconf 90' lang='lat' dir='ltr'><em>vel</em></span> <span class='ocrx_word' id='word_1_163' title='bbox 1204 2527 1275 2557; x_wconf 84' lang='lat' dir='ltr'><em>loca</em></span> 
     </span>
     <span class='ocr_line' id='line_1_28' title="bbox 262 2579 1275 2618; baseline -0.001 -9"><span class='ocrx_word' id='word_1_164' title='bbox 262 2581 373 2610; x_wconf 84' lang='lat' dir='ltr'><em>vestra</em></span> <span class='ocrx_word' id='word_1_165' title='bbox 390 2579 567 2609; x_wconf 81' lang='lat' dir='ltr'><em>transitum</em></span> <span class='ocrx_word' id='word_1_166' title='bbox 584 2579 707 2615; x_wconf 84' lang='lat' dir='ltr'><em>fecerit,</em></span> <span class='ocrx_word' id='word_1_167' title='bbox 723 2588 782 2618; x_wconf 90' lang='lat' dir='ltr'><em>pro</em></span> <span class='ocrx_word' id='word_1_168' title='bbox 801 2581 914 2610; x_wconf 90' lang='lat' dir='ltr'><em>nostra</em></span> <span class='ocrx_word' id='word_1_169' title='bbox 937 2581 968 2609; x_wconf 90' lang='lat' dir='ltr'><em>et</em></span> <span class='ocrx_word' id='word_1_170' title='bbox 988 2579 1166 2618; x_wconf 87' lang='lat' dir='ltr'><em>apostolice</em></span> <span class='ocrx_word' id='word_1_171' title='bbox 1186 2579 1275 2609; x_wconf 86' lang='lat' dir='ltr'><em>sedis</em></span> 
     </span>
     <span class='ocr_line' id='line_1_29' title="bbox 263 2632 1273 2671; baseline -0.002 -7"><span class='ocrx_word' id='word_1_172' title='bbox 263 2634 447 2664; x_wconf 86' lang='lat' dir='ltr'><em>reverentia</em></span> <span class='ocrx_word' id='word_1_173' title='bbox 468 2632 611 2670; x_wconf 84' lang='lat' dir='ltr'><em>benigne</em></span> <span class='ocrx_word' id='word_1_174' title='bbox 638 2632 837 2671; x_wconf 87' lang='lat' dir='ltr'><em>recipientes</em></span> <span class='ocrx_word' id='word_1_175' title='bbox 858 2641 894 2662; x_wconf 89' lang='lat' dir='ltr'><em>ac</em></span> <span class='ocrx_word' id='word_1_176' title='bbox 918 2633 1098 2662; x_wconf 82' lang='lat' dir='ltr'><em>tractantes</em></span> <span class='ocrx_word' id='word_1_177' title='bbox 1124 2633 1273 2668; x_wconf 84' lang='lat' dir='ltr'><em>honeste,</em></span> 
     </span>
     <span class='ocr_line' id='line_1_30' title="bbox 263 2684 1276 2723; baseline -0.003 -6"><span class='ocrx_word' id='word_1_178' title='bbox 263 2685 371 2717; x_wconf 86' lang='lat' dir='ltr'><em>eidem</em></span> <span class='ocrx_word' id='word_1_179' title='bbox 387 2686 421 2716; x_wconf 91' lang='lat' dir='ltr'><em>in</em></span> <span class='ocrx_word' id='word_1_180' title='bbox 440 2684 638 2715; x_wconf 85' lang='lat' dir='ltr'><em>necessariis</em></span> <span class='ocrx_word' id='word_1_181' title='bbox 654 2684 708 2714; x_wconf 90' lang='lat' dir='ltr'><em>vel</em></span> <span class='ocrx_word' id='word_1_182' title='bbox 724 2692 785 2723; x_wconf 90' lang='lat' dir='ltr'><em>pro</em></span> <span class='ocrx_word' id='word_1_183' title='bbox 802 2685 861 2721; x_wconf 80' lang='lat' dir='ltr'><em>eis,</em></span> <span class='ocrx_word' id='word_1_184' title='bbox 879 2685 909 2715; x_wconf 90' lang='lat' dir='ltr'><em>si</em></span> <span class='ocrx_word' id='word_1_185' title='bbox 928 2685 1028 2721; x_wconf 86' lang='lat' dir='ltr'><em>idem,</em></span> <span class='ocrx_word' id='word_1_186' title='bbox 1046 2685 1109 2715; x_wconf 89' lang='lat' dir='ltr'><em>loci</em></span> <span class='ocrx_word' id='word_1_187' title='bbox 1123 2685 1179 2715; x_wconf 85' lang='lat' dir='ltr'><em>aut</em></span> <span class='ocrx_word' id='word_1_188' title='bbox 1194 2686 1276 2715; x_wconf 86' lang='lat' dir='ltr'><em>tem-</em></span> 
     </span>
     <span class='ocr_line' id='line_1_31' title="bbox 262 2737 1275 2779; baseline -0.003 -9"><span class='ocrx_word' id='word_1_189' title='bbox 262 2739 354 2779; x_wconf 89' lang='lat' dir='ltr'><em>poris</em></span> <span class='ocrx_word' id='word_1_190' title='bbox 377 2739 535 2778; x_wconf 85' lang='lat' dir='ltr'><em>qualitate</em></span> <span class='ocrx_word' id='word_1_191' title='bbox 560 2738 728 2777; x_wconf 88' lang='lat' dir='ltr'><em>poscente,</em></span> <span class='ocrx_word' id='word_1_192' title='bbox 755 2737 921 2774; x_wconf 84' lang='lat' dir='ltr'><em>maluerit,</em></span> <span class='ocrx_word' id='word_1_193' title='bbox 947 2737 982 2768; x_wconf 88' lang='lat' dir='ltr'><em>in</em></span> <span class='ocrx_word' id='word_1_194' title='bbox 1009 2737 1129 2777; x_wconf 80' lang='lat' dir='ltr'><em>viginti</em></span> <span class='ocrx_word' id='word_1_195' title='bbox 1158 2737 1275 2768; x_wconf 84' lang='lat' dir='ltr'><em>solidis</em></span> 
     </span>
    </p>
   </div>
   <div class='ocr_carea' id='block_1_9' title="bbox 264 2815 1273 2935">
    <p class='ocr_par' dir='ltr' id='par_1_9' title="bbox 264 2815 1273 2935">
     <span class='ocr_line' id='line_1_32' title="bbox 297 2815 1273 2849; baseline 0 -8"><span class='ocrx_word' id='word_1_196' title='bbox 297 2818 318 2842; x_wconf 82' lang='lat'><em>1.</em></span> <span class='ocrx_word' id='word_1_197' title='bbox 336 2818 374 2843; x_wconf 85' lang='lat' dir='ltr'><em>Le</em></span> <span class='ocrx_word' id='word_1_198' title='bbox 391 2818 508 2849; x_wconf 79' lang='lat' dir='ltr'><em>registro</em></span> <span class='ocrx_word' id='word_1_199' title='bbox 527 2823 560 2842; x_wconf 86' lang='lat' dir='ltr'><em>ne</em></span> <span class='ocrx_word' id='word_1_200' title='bbox 576 2817 656 2848; x_wconf 87' lang='lat' dir='ltr'><em>porte</em></span> <span class='ocrx_word' id='word_1_201' title='bbox 668 2823 718 2847; x_wconf 80' lang='lat' dir='ltr'><em>pas</em></span> <span class='ocrx_word' id='word_1_202' title='bbox 735 2815 768 2840; x_wconf 87' lang='lat' dir='ltr'><em>de</em></span> <span class='ocrx_word' id='word_1_203' title='bbox 783 2816 866 2845; x_wconf 83' lang='lat' dir='ltr'><em>titre;</em></span> <span class='ocrx_word' id='word_1_204' title='bbox 892 2816 1001 2841; x_wconf 80' lang='lat' dir='ltr'><em>celui-ci</em></span> <span class='ocrx_word' id='word_1_205' title='bbox 1017 2822 1032 2840; x_wconf 79' lang='lat' dir='ltr'><em>a</em></span> <span class='ocrx_word' id='word_1_206' title='bbox 1056 2816 1098 2841; x_wconf 75' lang='lat' dir='ltr'><em>ete</em></span> <span class='ocrx_word' id='word_1_207' title='bbox 1115 2816 1206 2848; x_wconf 61' lang='lat' dir='ltr'><em>ajout&amp;</em></span> <span class='ocrx_word' id='word_1_208' title='bbox 1223 2823 1273 2847; x_wconf 85' lang='lat' dir='ltr'><em>par</em></span> 
     </span>
     <span class='ocr_line' id='line_1_33' title="bbox 264 2861 407 2887; baseline 0 -1"><span class='ocrx_word' id='word_1_209' title='bbox 264 2861 407 2887; x_wconf 73' lang='lat' dir='ltr'><em>l&#39;editeur.</em></span> 
     </span>
     <span class='ocr_line' id='line_1_34' title="bbox 408 2900 917 2935; baseline -0.006 -5"><span class='ocrx_word' id='word_1_210' title='bbox 408 2902 552 2930; x_wconf 70' lang='lat' dir='ltr'>URBAIN</span> <span class='ocrx_word' id='word_1_211' title='bbox 573 2900 627 2935; x_wconf 89' lang='lat' dir='ltr'><em>IV,</em></span> <span class='ocrx_word' id='word_1_212' title='bbox 647 2903 669 2928; x_wconf 87' lang='lat' dir='ltr'><em>t.</em></span> <span class='ocrx_word' id='word_1_213' title='bbox 690 2900 717 2928; x_wconf 91' lang='grc' dir='ltr'><em>Ι.</em></span> <span class='ocrx_word' id='word_1_214' title='bbox 742 2901 817 2935; x_wconf 82' lang='lat' dir='ltr'><em>Reg.</em></span> <span class='ocrx_word' id='word_1_215' title='bbox 838 2907 917 2927; x_wconf 88' lang='lat' dir='ltr'><em>cam.</em></span> 
     </span>
    </p>
   </div>
   <div class='ocr_carea' id='block_1_10' title="bbox 1305 1334 1307 2549">
    <p class='ocr_par' dir='ltr' id='par_1_10' title="bbox 1305 1334 1307 2549">
     <span class='ocr_line' id='line_1_35' title="bbox 1305 1334 1307 2549; baseline 0 0"><span class='ocrx_word' id='word_1_216' title='bbox 1305 1334 1307 2549; x_wconf 95' lang='lat' dir='ltr'><em> </em></span> 
     </span>
    </p>
   </div>
   <div class='ocr_carea' id='block_1_11' title="bbox 1329 1322 2342 2837">
    <p class='ocr_par' dir='ltr' id='par_1_11' title="bbox 1329 1322 2342 2837">
     <span class='ocr_line' id='line_1_36' title="bbox 1333 1322 2342 1357; baseline 0.003 -6"><span class='ocrx_word' id='word_1_217' title='bbox 1333 1322 1564 1352; x_wconf 87' lang='lat' dir='ltr'><em>turonensium</em></span> <span class='ocrx_word' id='word_1_218' title='bbox 1582 1330 1617 1352; x_wconf 83' lang='lat' dir='ltr'><em>ac</em></span> <span class='ocrx_word' id='word_1_219' title='bbox 1633 1322 1672 1351; x_wconf 88' lang='lat' dir='ltr'><em>de</em></span> <span class='ocrx_word' id='word_1_220' title='bbox 1687 1330 1802 1352; x_wconf 90' lang='lat' dir='ltr'><em>securo</em></span> <span class='ocrx_word' id='word_1_221' title='bbox 1819 1322 1982 1352; x_wconf 87' lang='lat' dir='ltr'><em>conductu</em></span> <span class='ocrx_word' id='word_1_222' title='bbox 1997 1322 2032 1352; x_wconf 91' lang='lat' dir='ltr'><em>in</em></span> <span class='ocrx_word' id='word_1_223' title='bbox 2043 1323 2162 1357; x_wconf 88' lang='lat' dir='ltr'><em>eundo,</em></span> <span class='ocrx_word' id='word_1_224' title='bbox 2181 1323 2342 1354; x_wconf 87' lang='lat' dir='ltr'><em>morando</em></span> 
     </span>
     <span class='ocr_line' id='line_1_37' title="bbox 1333 1375 2342 1413; baseline 0.003 -9"><span class='ocrx_word' id='word_1_225' title='bbox 1333 1375 1363 1404; x_wconf 90' lang='lat' dir='ltr'><em>et</em></span> <span class='ocrx_word' id='word_1_226' title='bbox 1380 1375 1547 1404; x_wconf 86' lang='lat' dir='ltr'><em>redeundo</em></span> <span class='ocrx_word' id='word_1_227' title='bbox 1564 1375 1746 1404; x_wconf 85' lang='lat' dir='ltr'><em>liberaliter</em></span> <span class='ocrx_word' id='word_1_228' title='bbox 1760 1375 1934 1413; x_wconf 86' lang='lat' dir='ltr'><em>providere</em></span> <span class='ocrx_word' id='word_1_229' title='bbox 1951 1376 2082 1405; x_wconf 80' lang='lat' dir='ltr'><em>curetis.</em></span> <span class='ocrx_word' id='word_1_230' title='bbox 2105 1376 2197 1410; x_wconf 70' lang='lat' dir='ltr'><em>Quod</em></span> <span class='ocrx_word' id='word_1_231' title='bbox 2217 1376 2246 1405; x_wconf 84' lang='lat' dir='ltr'><em>si</em></span> <span class='ocrx_word' id='word_1_232' title='bbox 2260 1376 2342 1407; x_wconf 82' lang='lat' dir='ltr'><em>forte</em></span> 
     </span>
     <span class='ocr_line' id='line_1_38' title="bbox 1332 1428 2342 1468; baseline 0.001 -10"><span class='ocrx_word' id='word_1_233' title='bbox 1332 1428 1456 1458; x_wconf 85' lang='lat' dir='ltr'><em>dictum</em></span> <span class='ocrx_word' id='word_1_234' title='bbox 1473 1429 1681 1467; x_wconf 83' lang='lat' dir='ltr'><em>capellanum</em></span> <span class='ocrx_word' id='word_1_235' title='bbox 1701 1429 1883 1467; x_wconf 84' lang='lat' dir='ltr'><em>oportuerit</em></span> <span class='ocrx_word' id='word_1_236' title='bbox 1896 1429 1930 1458; x_wconf 92' lang='lat' dir='ltr'><em>in</em></span> <span class='ocrx_word' id='word_1_237' title='bbox 1952 1429 2071 1467; x_wconf 70' lang='lat' dir='ltr'><em>quovis</em></span> <span class='ocrx_word' id='word_1_238' title='bbox 2089 1429 2159 1459; x_wconf 88' lang='lat' dir='ltr'><em>loco</em></span> <span class='ocrx_word' id='word_1_239' title='bbox 2174 1438 2232 1467; x_wconf 88' lang='lat' dir='ltr'><em>pro</em></span> <span class='ocrx_word' id='word_1_240' title='bbox 2248 1438 2342 1468; x_wconf 87' lang='lat' dir='ltr'><em>nego-</em></span> 
     </span>
     <span class='ocr_line' id='line_1_39' title="bbox 1331 1481 2339 1520; baseline 0.001 -10"><span class='ocrx_word' id='word_1_241' title='bbox 1331 1481 1453 1510; x_wconf 88' lang='lat' dir='ltr'><em>tiorum</em></span> <span class='ocrx_word' id='word_1_242' title='bbox 1476 1481 1626 1519; x_wconf 87' lang='lat' dir='ltr'><em>ipsorum</em></span> <span class='ocrx_word' id='word_1_243' title='bbox 1649 1481 1844 1511; x_wconf 68' lang='lat' dir='ltr'><em>necessitate</em></span> <span class='ocrx_word' id='word_1_244' title='bbox 1866 1490 1994 1511; x_wconf 88' lang='lat' dir='ltr'><em>moram</em></span> <span class='ocrx_word' id='word_1_245' title='bbox 2011 1481 2117 1511; x_wconf 85' lang='lat' dir='ltr'><em>facere</em></span> <span class='ocrx_word' id='word_1_246' title='bbox 2144 1482 2339 1520; x_wconf 85' lang='lat' dir='ltr'><em>longiorem,</em></span> 
     </span>
     <span class='ocr_line' id='line_1_40' title="bbox 1331 1533 2338 1572; baseline 0.002 -10"><span class='ocrx_word' id='word_1_247' title='bbox 1331 1542 1372 1563; x_wconf 90' lang='lat' dir='ltr'><em>ne</em></span> <span class='ocrx_word' id='word_1_248' title='bbox 1395 1533 1487 1563; x_wconf 89' lang='lat' dir='ltr'><em>illius</em></span> <span class='ocrx_word' id='word_1_249' title='bbox 1512 1534 1576 1563; x_wconf 91' lang='lat' dir='ltr'><em>loci</em></span> <span class='ocrx_word' id='word_1_250' title='bbox 1595 1534 1732 1564; x_wconf 81' lang='lat' dir='ltr'><em>ecclesie</em></span> <span class='ocrx_word' id='word_1_251' title='bbox 1759 1543 1817 1572; x_wconf 89' lang='lat' dir='ltr'><em>pro</em></span> <span class='ocrx_word' id='word_1_252' title='bbox 1842 1534 1912 1563; x_wconf 75' lang='lat' dir='ltr'><em>suis</em></span> <span class='ocrx_word' id='word_1_253' title='bbox 1929 1536 1959 1564; x_wconf 89' lang='lat' dir='ltr'><em>et</em></span> <span class='ocrx_word' id='word_1_254' title='bbox 1978 1543 2114 1564; x_wconf 87' lang='lat' dir='ltr'><em>suorum</em></span> <span class='ocrx_word' id='word_1_255' title='bbox 2142 1535 2338 1564; x_wconf 79' lang='lat' dir='ltr'><em>necessariis</em></span> 
     </span>
     <span class='ocr_line' id='line_1_41' title="bbox 1330 1586 2339 1625; baseline 0.002 -10"><span class='ocrx_word' id='word_1_256' title='bbox 1330 1586 1407 1624; x_wconf 89' lang='lat' dir='ltr'><em>plus</em></span> <span class='ocrx_word' id='word_1_257' title='bbox 1422 1594 1567 1624; x_wconf 88' lang='lat' dir='ltr'><em>congruo</em></span> <span class='ocrx_word' id='word_1_258' title='bbox 1585 1587 1816 1625; x_wconf 71' lang='lat' dir='ltr'><em>aggraventur,</em></span> <span class='ocrx_word' id='word_1_259' title='bbox 1836 1587 1890 1616; x_wconf 81' lang='lat' dir='ltr'><em>vel</em></span> <span class='ocrx_word' id='word_1_260' title='bbox 1914 1587 1984 1625; x_wconf 90' lang='lat' dir='ltr'><em>ipse</em></span> <span class='ocrx_word' id='word_1_261' title='bbox 2001 1587 2186 1616; x_wconf 74' lang='lat' dir='ltr'><em>substinere</em></span> <span class='ocrx_word' id='word_1_262' title='bbox 2203 1589 2339 1625; x_wconf 81' lang='lat' dir='ltr'><em>cogatur</em></span> 
     </span>
     <span class='ocr_line' id='line_1_42' title="bbox 1331 1638 2338 1677; baseline 0.002 -10"><span class='ocrx_word' id='word_1_263' title='bbox 1331 1638 1544 1677; x_wconf 80' lang='lat' dir='ltr'><em>dispendium</em></span> <span class='ocrx_word' id='word_1_264' title='bbox 1563 1639 1616 1669; x_wconf 83' lang='lat' dir='ltr'><em>vel</em></span> <span class='ocrx_word' id='word_1_265' title='bbox 1632 1639 1807 1673; x_wconf 83' lang='lat' dir='ltr'><em>defectum,</em></span> <span class='ocrx_word' id='word_1_266' title='bbox 1829 1639 1957 1677; x_wconf 79' lang='lat' dir='ltr'><em>singule</em></span> <span class='ocrx_word' id='word_1_267' title='bbox 1977 1640 2039 1669; x_wconf 87' lang='lat' dir='ltr'><em>alie</em></span> <span class='ocrx_word' id='word_1_268' title='bbox 2058 1640 2194 1669; x_wconf 60' lang='lat' dir='ltr'><em>ecclesie</em></span> <span class='ocrx_word' id='word_1_269' title='bbox 2213 1640 2338 1669; x_wconf 65' lang='lat' dir='ltr'><em>vicino-</em></span> 
     </span>
     <span class='ocr_line' id='line_1_43' title="bbox 1330 1691 2337 1735; baseline 0.003 -15"><span class='ocrx_word' id='word_1_270' title='bbox 1330 1700 1404 1721; x_wconf 87' lang='lat' dir='ltr'><em>rum</em></span> <span class='ocrx_word' id='word_1_271' title='bbox 1434 1692 1581 1721; x_wconf 88' lang='lat' dir='ltr'><em>locorum</em></span> <span class='ocrx_word' id='word_1_272' title='bbox 1607 1691 1673 1721; x_wconf 78' lang='lat' dir='ltr'><em>sihi</em></span> <span class='ocrx_word' id='word_1_273' title='bbox 1702 1692 1878 1735; x_wconf 81' lang='lat' dir='ltr'><em>procurent</em></span> <span class='ocrx_word' id='word_1_274' title='bbox 1907 1700 1965 1730; x_wconf 85' lang='lat' dir='ltr'><em>pro</em></span> <span class='ocrx_word' id='word_1_275' title='bbox 1984 1692 2176 1731; x_wconf 80' lang='lat' dir='ltr'><em>hujtismodi</em></span> <span class='ocrx_word' id='word_1_276' title='bbox 2189 1701 2337 1723; x_wconf 79' lang='lat' dir='ltr'><em>necessa·</em></span> 
     </span>
     <span class='ocr_line' id='line_1_44' title="bbox 1331 1744 2337 1783; baseline 0.002 -11"><span class='ocrx_word' id='word_1_277' title='bbox 1331 1744 1401 1779; x_wconf 72' lang='lat' dir='ltr'><em>riis,</em></span> <span class='ocrx_word' id='word_1_278' title='bbox 1419 1752 1495 1773; x_wconf 85' lang='lat' dir='ltr'><em>cuin</em></span> <span class='ocrx_word' id='word_1_279' title='bbox 1514 1744 1554 1773; x_wconf 78' lang='lat' dir='ltr'><em>al)</em></span> <span class='ocrx_word' id='word_1_280' title='bbox 1572 1744 1643 1783; x_wconf 82' lang='lat' dir='ltr'><em>ipso</em></span> <span class='ocrx_word' id='word_1_281' title='bbox 1664 1744 1821 1782; x_wconf 86' lang='lat' dir='ltr'><em>requisite</em></span> <span class='ocrx_word' id='word_1_282' title='bbox 1842 1744 1975 1779; x_wconf 84' lang='lat' dir='ltr'><em>fuerint,</em></span> <span class='ocrx_word' id='word_1_283' title='bbox 1994 1745 2029 1774; x_wconf 89' lang='lat' dir='ltr'><em>in</em></span> <span class='ocrx_word' id='word_1_284' title='bbox 2043 1747 2211 1783; x_wconf 80' lang='lat' dir='ltr'><em>pretaxata</em></span> <span class='ocrx_word' id='word_1_285' title='bbox 2229 1745 2337 1775; x_wconf 78' lang='lat' dir='ltr'><em>fornia</em></span> 
     </span>
     <span class='ocr_line' id='line_1_45' title="bbox 1329 1796 2335 1836; baseline 0.002 -11"><span class='ocrx_word' id='word_1_286' title='bbox 1329 1796 1469 1834; x_wconf 88' lang='lat' dir='ltr'><em>pecunie</em></span> <span class='ocrx_word' id='word_1_287' title='bbox 1492 1796 1678 1834; x_wconf 87' lang='lat' dir='ltr'><em>providere,</em></span> <span class='ocrx_word' id='word_1_288' title='bbox 1701 1796 1746 1825; x_wconf 88' lang='lat' dir='ltr'><em>ita</em></span> <span class='ocrx_word' id='word_1_289' title='bbox 1774 1796 1861 1834; x_wconf 78' lang='lat' dir='ltr'><em>quod</em></span> <span class='ocrx_word' id='word_1_290' title='bbox 1888 1796 2151 1836; x_wconf 74' lang='lat' dir='ltr'><em>uniuscujusque</em></span> <span class='ocrx_word' id='word_1_291' title='bbox 2180 1798 2247 1827; x_wconf 71' lang='lat' dir='ltr'><em>«liei</em></span> <span class='ocrx_word' id='word_1_292' title='bbox 2262 1805 2335 1835; x_wconf 89' lang='lat' dir='ltr'><em>pro-</em></span> 
     </span>
     <span class='ocr_line' id='line_1_46' title="bbox 1330 1848 2335 1887; baseline 0.001 -10"><span class='ocrx_word' id='word_1_293' title='bbox 1330 1848 1455 1878; x_wconf 85' lang='lat' dir='ltr'><em>curatio</em></span> <span class='ocrx_word' id='word_1_294' title='bbox 1474 1856 1641 1878; x_wconf 83' lang='lat' dir='ltr'><em>summam</em></span> <span class='ocrx_word' id='word_1_295' title='bbox 1656 1848 1848 1886; x_wconf 79' lang='lat' dir='ltr'><em>predictam,</em></span> <span class='ocrx_word' id='word_1_296' title='bbox 1876 1850 1907 1878; x_wconf 91' lang='lat' dir='ltr'><em>et</em></span> <span class='ocrx_word' id='word_1_297' title='bbox 1938 1849 2205 1887; x_wconf 79' lang='lat' dir='ltr'><em>procurationum</em></span> <span class='ocrx_word' id='word_1_298' title='bbox 2221 1857 2335 1879; x_wconf 88' lang='lat' dir='ltr'><em>nume-</em></span> 
     </span>
     <span class='ocr_line' id='line_1_47' title="bbox 1330 1901 2338 1939; baseline 0.001 -9"><span class='ocrx_word' id='word_1_299' title='bbox 1330 1909 1388 1930; x_wconf 82' lang='lat' dir='ltr'><em>rus</em></span> <span class='ocrx_word' id='word_1_300' title='bbox 1425 1901 1496 1930; x_wconf 63' lang='lat' dir='ltr'><em>sive</em></span> <span class='ocrx_word' id='word_1_301' title='bbox 1536 1901 1569 1930; x_wconf 91' lang='lat' dir='ltr'><em>in</em></span> <span class='ocrx_word' id='word_1_302' title='bbox 1606 1901 1808 1930; x_wconf 84' lang='lat' dir='ltr'><em>victualibus</em></span> <span class='ocrx_word' id='word_1_303' title='bbox 1839 1901 1909 1930; x_wconf 79' lang='lat' dir='ltr'><em>sive</em></span> <span class='ocrx_word' id='word_1_304' title='bbox 1940 1901 1975 1930; x_wconf 88' lang='lat' dir='ltr'><em>in</em></span> <span class='ocrx_word' id='word_1_305' title='bbox 1996 1901 2137 1939; x_wconf 85' lang='lat' dir='ltr'><em>pecunia</em></span> <span class='ocrx_word' id='word_1_306' title='bbox 2163 1909 2338 1932; x_wconf 87' lang='lat' dir='ltr'><em>numerum</em></span> 
     </span>
     <span class='ocr_line' id='line_1_48' title="bbox 1331 1953 2336 1992; baseline 0.001 -9"><span class='ocrx_word' id='word_1_307' title='bbox 1331 1954 1459 1983; x_wconf 88' lang='lat' dir='ltr'><em>dierum</em></span> <span class='ocrx_word' id='word_1_308' title='bbox 1475 1953 1597 1992; x_wconf 85' lang='lat' dir='ltr'><em>quibus</em></span> <span class='ocrx_word' id='word_1_309' title='bbox 1628 1962 1757 1983; x_wconf 87' lang='lat' dir='ltr'><em>moram</em></span> <span class='ocrx_word' id='word_1_310' title='bbox 1773 1954 1828 1983; x_wconf 82' lang='lat' dir='ltr'><em>aut</em></span> <span class='ocrx_word' id='word_1_311' title='bbox 1846 1954 1908 1983; x_wconf 87' lang='lat' dir='ltr'><em>iter</em></span> <span class='ocrx_word' id='word_1_312' title='bbox 1931 1954 2054 1989; x_wconf 78' lang='lat' dir='ltr'><em>fecerit,</em></span> <span class='ocrx_word' id='word_1_313' title='bbox 2080 1964 2144 1984; x_wconf 89' lang='lat' dir='ltr'><em>non</em></span> <span class='ocrx_word' id='word_1_314' title='bbox 2169 1954 2336 1984; x_wconf 69' lang='lat' dir='ltr'><em>excedant.</em></span> 
     </span>
     <span class='ocr_line' id='line_1_49' title="bbox 1331 2006 2339 2045; baseline 0 -9"><span class='ocrx_word' id='word_1_315' title='bbox 1331 2007 1372 2036; x_wconf 89' lang='lat' dir='ltr'><em>Et</em></span> <span class='ocrx_word' id='word_1_316' title='bbox 1401 2015 1442 2037; x_wconf 90' lang='lat' dir='ltr'><em>ne</em></span> <span class='ocrx_word' id='word_1_317' title='bbox 1476 2006 1546 2045; x_wconf 86' lang='lat' dir='ltr'><em>ipse</em></span> <span class='ocrx_word' id='word_1_318' title='bbox 1578 2006 1665 2035; x_wconf 83' lang='lat' dir='ltr'><em>ultra</em></span> <span class='ocrx_word' id='word_1_319' title='bbox 1687 2006 1740 2035; x_wconf 90' lang='lat' dir='ltr'><em>vel</em></span> <span class='ocrx_word' id='word_1_320' title='bbox 1768 2007 1876 2044; x_wconf 87' lang='lat' dir='ltr'><em>preter</em></span> <span class='ocrx_word' id='word_1_321' title='bbox 1893 2006 1926 2035; x_wconf 88' lang='lat' dir='ltr'><em>id</em></span> <span class='ocrx_word' id='word_1_322' title='bbox 1950 2015 2157 2045; x_wconf 77' lang='lat' dir='ltr'><em>quocumque</em></span> <span class='ocrx_word' id='word_1_323' title='bbox 2190 2008 2339 2045; x_wconf 75' lang='lat' dir='ltr'><em>pretextu</em></span> 
     </span>
     <span class='ocr_line' id='line_1_50' title="bbox 1331 2059 2340 2097; baseline 0 -8"><span class='ocrx_word' id='word_1_324' title='bbox 1331 2060 1383 2089; x_wconf 86' lang='lat' dir='ltr'><em>vel</em></span> <span class='ocrx_word' id='word_1_325' title='bbox 1400 2059 1699 2097; x_wconf 84' lang='lat' dir='ltr'><em>modo,quicquam</em></span> <span class='ocrx_word' id='word_1_326' title='bbox 1716 2059 1751 2088; x_wconf 92' lang='lat' dir='ltr'><em>in</em></span> <span class='ocrx_word' id='word_1_327' title='bbox 1766 2059 1907 2097; x_wconf 81' lang='lat' dir='ltr'><em>pecunia</em></span> <span class='ocrx_word' id='word_1_328' title='bbox 1925 2059 1978 2089; x_wconf 79' lang='lat' dir='ltr'><em>vel</em></span> <span class='ocrx_word' id='word_1_329' title='bbox 1997 2059 2146 2089; x_wconf 82' lang='lat' dir='ltr'><em>vestibus</em></span> <span class='ocrx_word' id='word_1_330' title='bbox 2163 2068 2221 2089; x_wconf 82' lang='lat' dir='ltr'><em>seu</em></span> <span class='ocrx_word' id='word_1_331' title='bbox 2240 2059 2340 2089; x_wconf 87' lang='lat' dir='ltr'><em>rebus</em></span> 
     </span>
     <span class='ocr_line' id='line_1_51' title="bbox 1332 2112 2341 2152; baseline -0.001 -9"><span class='ocrx_word' id='word_1_332' title='bbox 1332 2113 1536 2152; x_wconf 80' lang='lat' dir='ltr'><em>quibuslibet</em></span> <span class='ocrx_word' id='word_1_333' title='bbox 1546 2113 1663 2151; x_wconf 72' lang='lat' dir='ltr'><em>exigat,</em></span> <span class='ocrx_word' id='word_1_334' title='bbox 1677 2114 1733 2142; x_wconf 88' lang='lat' dir='ltr'><em>aut</em></span> <span class='ocrx_word' id='word_1_335' title='bbox 1744 2112 1879 2151; x_wconf 89' lang='lat' dir='ltr'><em>recipiat</em></span> <span class='ocrx_word' id='word_1_336' title='bbox 1895 2121 1912 2142; x_wconf 90' lang='lat' dir='ltr'><em>a</em></span> <span class='ocrx_word' id='word_1_337' title='bbox 1925 2121 2132 2151; x_wconf 58' lang='lat' dir='ltr'><em>quocunque,</em></span> <span class='ocrx_word' id='word_1_338' title='bbox 2145 2115 2199 2143; x_wconf 89' lang='lat' dir='ltr'><em>aut</em></span> <span class='ocrx_word' id='word_1_339' title='bbox 2214 2112 2278 2142; x_wconf 84' lang='lat' dir='ltr'><em>sibi</em></span> <span class='ocrx_word' id='word_1_340' title='bbox 2289 2112 2341 2143; x_wconf 80' lang='lat' dir='ltr'><em>vel</em></span> 
     </span>
     <span class='ocr_line' id='line_1_52' title="bbox 1331 2165 2341 2204; baseline -0.001 -8"><span class='ocrx_word' id='word_1_341' title='bbox 1331 2166 1431 2196; x_wconf 87' lang='lat' dir='ltr'><em>alicui</em></span> <span class='ocrx_word' id='word_1_342' title='bbox 1448 2165 1665 2196; x_wconf 75' lang='lat' dir='ltr'><em>familiarium</em></span> <span class='ocrx_word' id='word_1_343' title='bbox 1678 2165 1748 2203; x_wconf 79' lang='lat' dir='ltr'><em>ejus</em></span> <span class='ocrx_word' id='word_1_344' title='bbox 1764 2174 1822 2195; x_wconf 89' lang='lat' dir='ltr'><em>seu</em></span> <span class='ocrx_word' id='word_1_345' title='bbox 1839 2165 1893 2194; x_wconf 86' lang='lat' dir='ltr'><em>alii</em></span> <span class='ocrx_word' id='word_1_346' title='bbox 1908 2174 1967 2204; x_wconf 87' lang='lat' dir='ltr'><em>pro</em></span> <span class='ocrx_word' id='word_1_347' title='bbox 1984 2165 2056 2204; x_wconf 89' lang='lat' dir='ltr'><em>ipso</em></span> <span class='ocrx_word' id='word_1_348' title='bbox 2069 2166 2121 2195; x_wconf 75' lang='lat' dir='ltr'><em>vel</em></span> <span class='ocrx_word' id='word_1_349' title='bbox 2138 2175 2196 2204; x_wconf 90' lang='lat' dir='ltr'><em>pro</em></span> <span class='ocrx_word' id='word_1_350' title='bbox 2219 2166 2267 2196; x_wconf 90' lang='lat' dir='ltr'><em>eis</em></span> <span class='ocrx_word' id='word_1_351' title='bbox 2285 2166 2341 2195; x_wconf 90' lang='lat' dir='ltr'><em>aut</em></span> 
     </span>
     <span class='ocr_line' id='line_1_53' title="bbox 1330 2218 2340 2257; baseline 0 -9"><span class='ocrx_word' id='word_1_352' title='bbox 1330 2228 1444 2249; x_wconf 89' lang='lat' dir='ltr'><em>eorum</em></span> <span class='ocrx_word' id='word_1_353' title='bbox 1462 2227 1670 2257; x_wconf 87' lang='lat' dir='ltr'><em>quocumque</em></span> <span class='ocrx_word' id='word_1_354' title='bbox 1686 2218 1863 2256; x_wconf 73' lang='lat' dir='ltr'><em>quicquam</em></span> <span class='ocrx_word' id='word_1_355' title='bbox 1879 2218 1973 2248; x_wconf 84' lang='lat' dir='ltr'><em>detur</em></span> <span class='ocrx_word' id='word_1_356' title='bbox 1986 2218 2025 2247; x_wconf 78' lang='lat' dir='ltr'><em>al)</em></span> <span class='ocrx_word' id='word_1_357' title='bbox 2044 2219 2228 2256; x_wconf 80' lang='lat' dir='ltr'><em>aliquo,aut</em></span> <span class='ocrx_word' id='word_1_358' title='bbox 2242 2219 2340 2249; x_wconf 85' lang='lat' dir='ltr'><em>etiam</em></span> 
     </span>
     <span class='ocr_line' id='line_1_54' title="bbox 1330 2270 2337 2310; baseline 0.001 -9"><span class='ocrx_word' id='word_1_359' title='bbox 1330 2272 1392 2302; x_wconf 88' lang='lat' dir='ltr'><em>sub</em></span> <span class='ocrx_word' id='word_1_360' title='bbox 1414 2280 1472 2310; x_wconf 89' lang='lat' dir='ltr'><em>spe</em></span> <span class='ocrx_word' id='word_1_361' title='bbox 1493 2272 1731 2309; x_wconf 86' lang='lat' dir='ltr'><em>cujuscumque</em></span> <span class='ocrx_word' id='word_1_362' title='bbox 1750 2270 1897 2300; x_wconf 75' lang='lat' dir='ltr'><em>muneris</em></span> <span class='ocrx_word' id='word_1_363' title='bbox 1919 2271 2273 2306; x_wconf 55' lang='lat' dir='ltr'><em>offeratur,districtius</em></span> <span class='ocrx_word' id='word_1_364' title='bbox 2290 2271 2337 2302; x_wconf 83' lang='lat' dir='ltr'><em>in-</em></span> 
     </span>
     <span class='ocr_line' id='line_1_55' title="bbox 1329 2323 2341 2362; baseline 0 -8"><span class='ocrx_word' id='word_1_365' title='bbox 1329 2324 1495 2360; x_wconf 79' lang='lat' dir='ltr'><em>hibemus,</em></span> <span class='ocrx_word' id='word_1_366' title='bbox 1504 2324 1570 2354; x_wconf 92' lang='lat' dir='ltr'><em>nisi</em></span> <span class='ocrx_word' id='word_1_367' title='bbox 1585 2324 1696 2354; x_wconf 84' lang='lat' dir='ltr'><em>forsan</em></span> <span class='ocrx_word' id='word_1_368' title='bbox 1707 2323 1911 2361; x_wconf 80' lang='lat' dir='ltr'><em>contingeret</em></span> <span class='ocrx_word' id='word_1_369' title='bbox 1924 2323 2069 2361; x_wconf 81' lang='lat' dir='ltr'><em>aliquam</em></span> <span class='ocrx_word' id='word_1_370' title='bbox 2079 2324 2117 2353; x_wconf 87' lang='lat' dir='ltr'><em>de</em></span> <span class='ocrx_word' id='word_1_371' title='bbox 2126 2324 2271 2362; x_wconf 71' lang='lat' dir='ltr'><em>predicto</em></span> <span class='ocrx_word' id='word_1_372' title='bbox 2283 2332 2341 2354; x_wconf 90' lang='lat' dir='ltr'><em>nu-</em></span> 
     </span>
     <span class='ocr_line' id='line_1_56' title="bbox 1330 2376 2341 2415; baseline 0 -8"><span class='ocrx_word' id='word_1_373' title='bbox 1330 2386 1421 2407; x_wconf 89' lang='lat' dir='ltr'><em>mero</em></span> <span class='ocrx_word' id='word_1_374' title='bbox 1436 2377 1699 2415; x_wconf 81' lang='lat' dir='ltr'><em>equitaturarum</em></span> <span class='ocrx_word' id='word_1_375' title='bbox 1713 2377 1784 2415; x_wconf 72' lang='lat' dir='ltr'><em>ejus</em></span> <span class='ocrx_word' id='word_1_376' title='bbox 1801 2376 1911 2414; x_wconf 87' lang='lat' dir='ltr'><em>aliquo</em></span> <span class='ocrx_word' id='word_1_377' title='bbox 1928 2384 2007 2405; x_wconf 85' lang='lat' dir='ltr'><em>casu</em></span> <span class='ocrx_word' id='word_1_378' title='bbox 2020 2376 2159 2406; x_wconf 74' lang='lat' dir='ltr'><em>deficere</em></span> <span class='ocrx_word' id='word_1_379' title='bbox 2172 2377 2223 2406; x_wconf 79' lang='lat' dir='ltr'><em>vel</em></span> <span class='ocrx_word' id='word_1_380' title='bbox 2240 2377 2341 2415; x_wconf 83' lang='lat' dir='ltr'><em>impe-</em></span> 
     </span>
     <span class='ocr_line' id='line_1_57' title="bbox 1330 2429 2342 2467; baseline 0 -7"><span class='ocrx_word' id='word_1_381' title='bbox 1330 2430 1475 2460; x_wconf 90' lang='lat' dir='ltr'><em>dimento</em></span> <span class='ocrx_word' id='word_1_382' title='bbox 1486 2429 1643 2465; x_wconf 70' lang='lat' dir='ltr'><em>teneri‚et</em></span> <span class='ocrx_word' id='word_1_383' title='bbox 1652 2430 1731 2459; x_wconf 88' lang='lat' dir='ltr'><em>tunc</em></span> <span class='ocrx_word' id='word_1_384' title='bbox 1759 2429 1792 2458; x_wconf 94' lang='lat' dir='ltr'><em>in</em></span> <span class='ocrx_word' id='word_1_385' title='bbox 1807 2429 1998 2467; x_wconf 85' lang='lat' dir='ltr'><em>hujusmodi</em></span> <span class='ocrx_word' id='word_1_386' title='bbox 2013 2430 2206 2459; x_wconf 72' lang='lat' dir='ltr'><em>necessitate</em></span> <span class='ocrx_word' id='word_1_387' title='bbox 2224 2429 2342 2460; x_wconf 81' lang='lat' dir='ltr'><em>sibite-</em></span> 
     </span>
     <span class='ocr_line' id='line_1_58' title="bbox 1332 2481 2341 2521; baseline 0 -8"><span class='ocrx_word' id='word_1_388' title='bbox 1332 2484 1471 2514; x_wconf 88' lang='lat' dir='ltr'><em>neantur</em></span> <span class='ocrx_word' id='word_1_389' title='bbox 1493 2482 1551 2521; x_wconf 87' lang='lat' dir='ltr'><em>qui</em></span> <span class='ocrx_word' id='word_1_390' title='bbox 1569 2482 1609 2512; x_wconf 86' lang='lat' dir='ltr'><em>ab</em></span> <span class='ocrx_word' id='word_1_391' title='bbox 1626 2482 1697 2521; x_wconf 90' lang='lat' dir='ltr'><em>ipso</em></span> <span class='ocrx_word' id='word_1_392' title='bbox 1718 2481 1869 2520; x_wconf 85' lang='lat' dir='ltr'><em>requisiti</em></span> <span class='ocrx_word' id='word_1_393' title='bbox 1895 2481 2029 2517; x_wconf 83' lang='lat' dir='ltr'><em>suerint,</em></span> <span class='ocrx_word' id='word_1_394' title='bbox 2050 2482 2089 2511; x_wconf 84' lang='lat' dir='ltr'><em>dc</em></span> <span class='ocrx_word' id='word_1_395' title='bbox 2111 2482 2341 2520; x_wconf 83' lang='lat' dir='ltr'><em>supplemento</em></span> 
     </span>
     <span class='ocr_line' id='line_1_59' title="bbox 1331 2533 2341 2574; baseline -0.001 -9"><span class='ocrx_word' id='word_1_396' title='bbox 1331 2544 1476 2574; x_wconf 88' lang='lat' dir='ltr'><em>congruo</em></span> <span class='ocrx_word' id='word_1_397' title='bbox 1493 2535 1639 2574; x_wconf 78' lang='lat' dir='ltr'><em>ejusden]</em></span> <span class='ocrx_word' id='word_1_398' title='bbox 1658 2534 1786 2564; x_wconf 86' lang='lat' dir='ltr'><em>numeri</em></span> <span class='ocrx_word' id='word_1_399' title='bbox 1803 2534 1874 2564; x_wconf 90' lang='lat' dir='ltr'><em>sine</em></span> <span class='ocrx_word' id='word_1_400' title='bbox 1891 2533 2084 2563; x_wconf 69' lang='lat' dir='ltr'><em>difficultate</em></span> <span class='ocrx_word' id='word_1_401' title='bbox 2100 2534 2247 2572; x_wconf 77' lang='lat' dir='ltr'><em>qualibet</em></span> <span class='ocrx_word' id='word_1_402' title='bbox 2264 2534 2341 2564; x_wconf 89' lang='lat' dir='ltr'><em>sub-</em></span> 
     </span>
     <span class='ocr_line' id='line_1_60' title="bbox 1330 2587 2340 2626; baseline -0.002 -8"><span class='ocrx_word' id='word_1_403' title='bbox 1330 2589 1457 2624; x_wconf 86' lang='lat' dir='ltr'><em>venire,</em></span> <span class='ocrx_word' id='word_1_404' title='bbox 1471 2596 1507 2618; x_wconf 86' lang='lat' dir='ltr'><em>ac</em></span> <span class='ocrx_word' id='word_1_405' title='bbox 1524 2588 1611 2618; x_wconf 85' lang='lat' dir='ltr'><em>idem</em></span> <span class='ocrx_word' id='word_1_406' title='bbox 1625 2587 1784 2625; x_wconf 80' lang='lat' dir='ltr'><em>magister</em></span> <span class='ocrx_word' id='word_1_407' title='bbox 1792 2587 2003 2617; x_wconf 83' lang='lat' dir='ltr'><em>subvenienti</em></span> <span class='ocrx_word' id='word_1_408' title='bbox 2014 2587 2122 2616; x_wconf 85' lang='lat' dir='ltr'><em>taliter</em></span> <span class='ocrx_word' id='word_1_409' title='bbox 2136 2596 2213 2616; x_wconf 80' lang='lat' dir='ltr'><em>suas</em></span> <span class='ocrx_word' id='word_1_410' title='bbox 2228 2588 2340 2626; x_wconf 85' lang='lat' dir='ltr'><em>paten-</em></span> 
     </span>
     <span class='ocr_line' id='line_1_61' title="bbox 1330 2639 2341 2678; baseline -0.002 -6"><span class='ocrx_word' id='word_1_411' title='bbox 1330 2643 1379 2672; x_wconf 83' lang='lat' dir='ltr'><em>tes</em></span> <span class='ocrx_word' id='word_1_412' title='bbox 1395 2641 1521 2672; x_wconf 84' lang='lat' dir='ltr'><em>litteras</em></span> <span class='ocrx_word' id='word_1_413' title='bbox 1530 2640 1697 2677; x_wconf 69' lang='lat' dir='ltr'><em>exhibere,</em></span> <span class='ocrx_word' id='word_1_414' title='bbox 1706 2648 1764 2678; x_wconf 88' lang='lat' dir='ltr'><em>per</em></span> <span class='ocrx_word' id='word_1_415' title='bbox 1773 2648 1854 2678; x_wconf 86' lang='lat' dir='ltr'><em>quas</em></span> <span class='ocrx_word' id='word_1_416' title='bbox 1864 2641 2018 2678; x_wconf 85' lang='lat' dir='ltr'><em>appareat</em></span> <span class='ocrx_word' id='word_1_417' title='bbox 2029 2648 2104 2669; x_wconf 79' lang='lat' dir='ltr'><em>euni</em></span> <span class='ocrx_word' id='word_1_418' title='bbox 2120 2639 2341 2678; x_wconf 75' lang='lat' dir='ltr'><em>equitaturam</em></span> 
     </span>
     <span class='ocr_line' id='line_1_62' title="bbox 1331 2692 2340 2734; baseline -0.001 -10"><span class='ocrx_word' id='word_1_419' title='bbox 1331 2694 1523 2734; x_wconf 86' lang='lat' dir='ltr'><em>hujusmodi</em></span> <span class='ocrx_word' id='word_1_420' title='bbox 1548 2693 1724 2732; x_wconf 85' lang='lat' dir='ltr'><em>recepisse.</em></span> <span class='ocrx_word' id='word_1_421' title='bbox 1749 2692 1843 2722; x_wconf 82' lang='lat' dir='ltr'><em>Alias</em></span> <span class='ocrx_word' id='word_1_422' title='bbox 1861 2693 1970 2722; x_wconf 87' lang='lat' dir='ltr'><em>autem</em></span> <span class='ocrx_word' id='word_1_423' title='bbox 1998 2692 2055 2730; x_wconf 90' lang='lat' dir='ltr'><em>qui</em></span> <span class='ocrx_word' id='word_1_424' title='bbox 2075 2693 2255 2730; x_wconf 73' lang='lat' dir='ltr'><em>requisitus</em></span> <span class='ocrx_word' id='word_1_425' title='bbox 2271 2692 2340 2723; x_wconf 78' lang='lat' dir='ltr'><em>fue-</em></span> 
     </span>
     <span class='ocr_line' id='line_1_63' title="bbox 1332 2745 2341 2784; baseline -0.001 -7"><span class='ocrx_word' id='word_1_426' title='bbox 1332 2747 1384 2783; x_wconf 80' lang='lat' dir='ltr'><em>rit,</em></span> <span class='ocrx_word' id='word_1_427' title='bbox 1405 2747 1482 2777; x_wconf 82' lang='lat' dir='ltr'><em>dare</em></span> <span class='ocrx_word' id='word_1_428' title='bbox 1498 2746 1561 2776; x_wconf 85' lang='lat' dir='ltr'><em>sibi</em></span> <span class='ocrx_word' id='word_1_429' title='bbox 1578 2745 1798 2784; x_wconf 84' lang='lat' dir='ltr'><em>equitaturam</em></span> <span class='ocrx_word' id='word_1_430' title='bbox 1814 2745 2005 2784; x_wconf 87' lang='lat' dir='ltr'><em>hujusmodi</em></span> <span class='ocrx_word' id='word_1_431' title='bbox 2025 2745 2216 2775; x_wconf 79' lang='lat' dir='ltr'><em>nullatenus</em></span> <span class='ocrx_word' id='word_1_432' title='bbox 2232 2746 2341 2776; x_wconf 84' lang='lat' dir='ltr'><em>tenea-</em></span> 
     </span>
     <span class='ocr_line' id='line_1_64' title="bbox 1332 2797 2341 2837; baseline 0 -8"><span class='ocrx_word' id='word_1_433' title='bbox 1332 2801 1396 2829; x_wconf 85' lang='lat' dir='ltr'><em>tur.</em></span> <span class='ocrx_word' id='word_1_434' title='bbox 1427 2799 1620 2829; x_wconf 88' lang='lat' dir='ltr'><em>Mandatum</em></span> <span class='ocrx_word' id='word_1_435' title='bbox 1646 2799 1796 2828; x_wconf 90' lang='lat' dir='ltr'><em>nostrum</em></span> <span class='ocrx_word' id='word_1_436' title='bbox 1820 2798 1928 2827; x_wconf 85' lang='lat' dir='ltr'><em>taliter</em></span> <span class='ocrx_word' id='word_1_437' title='bbox 1952 2797 2119 2836; x_wconf 83' lang='lat' dir='ltr'><em>impleturi</em></span> <span class='ocrx_word' id='word_1_438' title='bbox 2143 2798 2241 2837; x_wconf 81' lang='lat' dir='ltr'><em>quod,</em></span> <span class='ocrx_word' id='word_1_439' title='bbox 2265 2806 2341 2829; x_wconf 87' lang='lat' dir='ltr'><em>cum</em></span> 
     </span>
    </p>
   </div>
   <div class='ocr_carea' id='block_1_12' title="bbox 1332 2850 2343 2925">
    <p class='ocr_par' dir='ltr' id='par_1_12' title="bbox 1332 2850 2343 2925">
     <span class='ocr_line' id='line_1_65' title="bbox 1332 2850 2343 2891; baseline 0.001 -9"><span class='ocrx_word' id='word_1_440' title='bbox 1332 2853 1421 2883; x_wconf 85' lang='lat' dir='ltr'><em>idem</em></span> <span class='ocrx_word' id='word_1_441' title='bbox 1436 2851 1628 2891; x_wconf 80' lang='lat' dir='ltr'><em>capellanus</em></span> <span class='ocrx_word' id='word_1_442' title='bbox 1649 2851 1690 2881; x_wconf 82' lang='lat' dir='ltr'><em>ad</em></span> <span class='ocrx_word' id='word_1_443' title='bbox 1713 2858 1773 2881; x_wconf 87' lang='lat' dir='ltr'><em>nos</em></span> <span class='ocrx_word' id='word_1_444' title='bbox 1790 2850 1935 2887; x_wconf 87' lang='lat' dir='ltr'><em>redierit,</em></span> <span class='ocrx_word' id='word_1_445' title='bbox 1956 2851 2048 2889; x_wconf 79' lang='lat' dir='ltr'><em>grata</em></span> <span class='ocrx_word' id='word_1_446' title='bbox 2065 2850 2161 2881; x_wconf 81' lang='lat' dir='ltr'><em>nobis</em></span> <span class='ocrx_word' id='word_1_447' title='bbox 2179 2852 2285 2890; x_wconf 88' lang='lat' dir='ltr'><em>possit</em></span> <span class='ocrx_word' id='word_1_448' title='bbox 2303 2852 2343 2883; x_wconf 83' lang='lat' dir='ltr'><em>de</em></span> 
     </span>
     <span class='ocr_line' id='line_1_66' title="bbox 2183 2899 2199 2925; baseline 0 0"><span class='ocrx_word' id='word_1_449' title='bbox 2183 2899 2199 2925; x_wconf 86' lang='lat'><strong>1</strong></span> 
     </span>
    </p>
   </div>
  </div>
 </body>
</html>
