2547 3289
248 226 304 254 :238

247 306 421 344 providere
448 306 608 340 volentes,
642 304 736 334 vobis
760 304 956 334 auctoritate
975 304 1183 342 presentium
1202 303 1250 333 in-

245 357 421 395 dulgemus
447 360 492 392 nt,
511 357 604 386 vobis
633 357 804 386 annuatim
829 366 934 395 usque
963 357 1002 386 ad
1036 357 1250 395 ‚septennium

244 412 408 440 trecentas
428 410 531 439 libras
549 410 698 448 ejusdem
719 412 846 439 monete
866 411 1005 448 pretatis
1025 410 1250 440 crediioribus

244 462 525 501 persolventilms,
543 463 781 493 satisfaciendo
805 463 873 492 illis
888 464 997 501 primo
1013 464 1069 502 qui
1085 464 1160 502 Jure
1176 472 1250 494 nos-

243 519 362 545 cuntur
387 516 532 545 existere
551 516 711 554 potiores,
731 517 771 545 ad
790 516 1016 546 exhibendum
1034 517 1083 546 eis
1103 517 1249 555 amplius

243 572 270 598 ct
292 570 392 598 etiam
415 578 536 598 usuras
553 569 684 608 aliquas
709 579 768 599 seu
786 570 965 608 quicquam
988 569 1091 605 aliud,
1113 570 1145 599 in
1163 570 1251 600 frau-

241 623 315 651 ‹lein
344 631 470 658 earum,
500 631 558 652 vos
582 632 642 652 seu
671 632 812 661 persone
838 623 1003 653 dictorum
1020 623 1248 653 membrorum

241 677 271 704 et
289 675 497 712 prioratuum
517 675 742 714 predictorum
762 676 901 705 minime
920 672 1113 711 teneamini,
1135 685 1194 706 nec
1209 677 1251 706 ad

242 728 274 756 id
300 727 457 766 compelli
485 728 626 766 possitis
658 737 715 766 per
745 729 877 759 litteras
901 729 1117 768 apostolicas,
1142 729 1251 768 cujus-

240 789 383 819 cumque
418 781 545 811 tenoris
573 782 734 819 existant,
772 791 873 820 super
900 782 1094 821 hujusmodi
1127 783 1250 813 debitis
1280 805 1281 811 ,

240 834 400 864 hactenus
429 835 628 873 impetratas
659 839 689 866 ot
717 836 819 865 etiam
847 836 1088 874 impetrandas,
1122 846 1185 875 que
1210 837 1249 866 dc

241 887 456 925 presentibus
483 897 548 918 non
572 888 712 918 fecerint
738 889 955 919 mentionem.
985 907 1022 910 —-
1048 890 1142 919 Nulli
1171 899 1249 928 ergo

240 942 354 970 nostre
370 941 610 975 concessionis,
631 941 852 971 relaxationis
865 943 896 971 et
915 943 1169 973 constItutionis
1186 945 1247 973 etc.

240 994 362 1024 Datum
390 994 477 1032 apud
508 994 797 1031 Urbemveterem,
823 1005 869 1024 xii
898 996 1061 1026 kalendas
1086 997 1247 1035 januarii,

240 1056 325 1077 anno
344 1048 412 1077 111⁰.
434 1058 448 1076 1)

734 1203 858 1230 Urvieto.
876 1206 909 1230 :212
925 1204 1077 1231 decembre
1099 1206 1175 1232 1203.

328 1203 400 1233 480

275 1288 413 1322 Episcopo
430 1291 454 1314 ot
481 1289 682 1315 archidiacono
705 1289 873 1316 Dolens-ibus
890 1281 1017 1317 'mundat
1034 1294 1174 1325 quatenus
1190 1300 1246 1318 non

238 1336 408 1371 permittant
438 1337 571 1364 abbatem
602 1341 626 1364 et
661 1341 834 1365 conventum
860 1348 883 1365 s.
909 1339 1002 1366 Jacuti
1030 1348 1114 1374 super
1143 1340 1247 1367 debitis

239 1386 404 1419 praedictis,
417 1389 516 1413 contra
535 1386 914 1421 concessionisapostolicae
930 1390 1071 1419 tenorem,
1089 1389 1124 1415 ab
1142 1389 1246 1424 aliqui-

238 1435 289 1461 bus
318 1434 477 1461 molestari.
496 1438 520 1461 ct
542 1436 741 1461 molestatores
765 1444 815 1469 per
832 1444 984 1462 censuram
1003 1437 1245 1469 ecclesiasticam,

237 1483 427 1517 appellatione
455 1484 631 1518 postposita,
664 1487 861 1518 compescant.
894 1485 974 1512 ‹lii-20.
1005 1486 1049 1512 28.
1075 1486 1123 1513 fol.
1155 1488 1246 1517 20110,

237 1540 302 1558 ann.
322 1532 369 1561 ΙΙΙ,
388 1537 419 1558 n⁰
434 1532 490 1566 83.)

277 1636 291 1651 «
313 1648 331 1654 ..
345 1625 485 1664 episcopo
502 1632 553 1655 ct..
569 1625 783 1654 archidiacono
803 1625 988 1656 [solensibus.
1002 1628 1248 1659 Monasterium

238 1686 264 1708 8.
283 1678 392 1707 Jacuti
409 1696 458 1706 -—.
481 1678 604 1708 Datum
622 1679 709 1717 apud
729 1679 1015 1718 Urbemveterem,
1035 1691 1063 1710 xi
1084 1682 1248 1713 kalendas

234 1731 393 1769 januarii,
411 1740 497 1762 anno
517 1732 590 1761 111⁰.
609 1742 623 1760 »

328 1889 395 1934 '¹8¹

781 1891 904 1925 Orvieto,
925 1893 956 1919 12
968 1893 1080 1927 janvier
1100 1895 1175 1921 1204.

274 1971 430 1998 Confirmat
446 1972 618 1999 venditionis
631 1973 854 2001 instrumentum
870 1983 925 2009 quo
937 1976 1146 2004 Virzitiacensis
1163 1978 1250 2004 abbas

238 2028 328 2054 papae
340 2020 466 2047 vendidit
481 2022 598 2047 domum
618 2030 666 2048 seu
687 2023 838 2057 grangiam
856 2024 1014 2058 vulgariter
1032 2027 1250 2054 Μαίιυη-Νἰιίαιη

238 2069 356 2099 dictam,
374 2070 401 2096 in
420 2069 525 2096 diocesi
543 2071 675 2097 'l'recensi
691 2072 788 2099 sitam.
805 2073 884 2106 (Rae.
901 2074 946 2106 aa,
958 2073 1006 2102 sol.
1023 2076 1056 2101 20
1069 2080 1108 2106 νο,
1121 2083 1189 2102 ann.
1202 2076 1248 2108 ui,

240 2122 271 2144 n⁰
287 2118 345 2152 84.)

280 2221 294 2235 «
314 2209 364 2238 Ad
377 2209 513 2247 futuram
535 2211 579 2239 rei
602 2212 785 2241 memoriam.
810 2213 886 2242 Hiis
909 2223 972 2252 que
991 2214 1075 2244 fiunt
1094 2233 1142 2244 —.
1163 2216 1249 2246 Sane

239 2261 382 2292 dilectus
397 2263 488 2292 tilius
502 2263 603 2294 frater
615 2264 796 2301 Johannes,
813 2265 917 2296 alibas
934 2269 1250 2299 monasteriiVirZi—

240 2315 410 2352 liacensis,
436 2316 602 2347 Eduensis
625 2318 782 2353 diocesis,
801 2320 930 2350 ordinis
955 2329 981 2350 s.
1005 2321 1189 2359 Benedicti,
1209 2323 1249 2353 ad

240 2367 427 2398 Romanam
455 2369 631 2400 ecclesiam
663 2371 756 2402 nullo
785 2373 895 2403 medio
919 2374 1134 2412 pertinentis,
1161 2376 1249 2414 apud

239 2421 353 2451 sedem
369 2422 590 2460 apostolicam
607 2425 684 2454 tunc
704 2425 869 2464 temporis
884 2428 1136 2465 presentialiter
1154 2438 1248 2459 cons-

240 2473 372 2510 titutuS,
389 2483 451 2504 sua
475 2474 562 2506 bona
585 2478 617 2506 et
640 2479 825 2516 spontanea
841 2479 1025 2517 voluntate,
1050 2481 1090 2511 de
1109 2482 1249 2520 speciali

240 2526 375 2557 licentia
397 2529 427 2557 et
455 2527 676 2567 beneplacito,
697 2531 800 2567 dedit,
820 2532 971 2563 vendidit
988 2534 1020 2564 et
1043 2533 1084 2564 ad
1101 2535 1250 2573 proprie-

240 2580 342 2609 tatem
375 2582 541 2612 concessit
570 2582 692 2613 dilecto
726 2583 795 2614 filio
826 2585 988 2624 magistro
1017 2587 1173 2618 Michaeli
1209 2589 1249 2619 de

241 2632 398 2667 Tholosa,
417 2634 567 2665 Romane
594 2636 735 2667 ecclesie
760 2637 1047 2675 vicecancellario,
1072 2641 1249 2680 recipienti

241 2684 312 2715 vice
338 2688 463 2721 nostra,
481 2688 520 2718 de
545 2689 701 2719 mandato
724 2693 850 2726 nostro,
877 2692 1105 2723 venditionem
1136 2694 1250 2733 hujus-

241 2737 344 2773 modi,
371 2739 506 2769 domum
524 2749 584 2771 seu
607 2742 781 2781 grangiam
804 2743 845 2773 ad
860 2744 987 2775 dictum
1004 2747 1248 2777 monasterium

241 2790 476 2828 pertinentem,
496 2793 595 2823 sitam
616 2794 649 2824 in
675 2795 801 2826 diocesi
822 2797 981 2828 Trecensi
1003 2805 1087 2838 que¹
1106 2800 1249 2839 vulgari-

273 2906 295 2929 ¹.
314 2904 352 2929 Ce
368 2905 482 2930 dernier
495 2909 551 2931 mot
566 2914 581 2931 a
594 2907 640 2932 ete
656 2909 749 2939 ajoute
768 2916 801 2934 en
819 2917 926 2942 margo.

1279 695 1281 721 l

1004 222 1246 252 izifiulffl‘izlsss
1268 223 1297 252 D
1304 223 1308 229 ’
1315 223 1374 252 11ss
1380 222 1484 252 BAIN
1508 222 1565 252 lv.

1313 304 1364 333 ter
1389 304 1538 333 111011011
1561 302 1788 338 Malus-Nidus,
1813 312 1887 333 cum
1917 303 2090 339 dominiis,
2115 304 2233 338 vineis,
2262 305 2327 334 ter-

1314 358 1372 393 ris,
1390 358 1508 395 pratis²
1527 357 1637 392 silvis,
1654 356 1861 392 nemoribus,
1874 357 2021 395 pascuis,
2033 357 2142 395 aquis,
2157 356 2326 387 montibus

1312 410 1467 448 planitiis
1485 412 1517 440 et
1538 419 1613 439 cum
1632 409 1790 440 omnibus
1805 409 1950 448 juribus,
1972 408 2171 446 rationibus,
2191 409 2324 445 usibus,

1314 463 1520 493 utilitatibus
1540 465 1570 493 et
1589 463 1804 501 pertinentiis
1825 463 1908 496 suis,
1928 462 1969 492 ad
1986 471 2071 501 opus
2091 462 2232 492 ecclesie
2249 471 2325 493 nos-

1280 522 1281 544 }
1313 518 1373 549 tre,
1402 525 1502 555 quam
1523 517 1554 545 in
1574 517 1710 546 civitate
1732 516 1890 546 Trecensi
1911 516 1951 545 ad
1974 515 2135 546 honorem
2159 515 2248 545 beati
2267 516 2325 547 L'r-

1312 569 1401 599 bani.
1418 578 1502 608 pape
1519 578 1554 598 ac
1573 569 1745 608 martyris,
1757 569 1906 599 construi
1925 569 2079 603 facimus,
2093 569 2140 598 ita
2157 568 2247 607 quod
2264 577 2325 607 pro

1279 621 1281 629 '
1312 622 1457 661 singulis
1486 623 1600 652 decem
1642 622 1740 651 libris
1769 623 1871 652 annui
1898 622 2050 652 redditus
2076 621 2163 652 dicte
2191 621 2326 656 domus,

1312 675 1432 705 dentur
1449 686 1467 705 a
1487 675 1583 705 nobis·
1600 676 1750 714 predicto
1767 675 1892 710 abbati,
1913 675 2048 705 nomine
2067 674 2177 713 ipsius
2195 683 2328 704 monas-

1311 729 1401 764 terii,
1424 731 1557 759 centuni
1575 728 1672 758 libre.
1693 728 1853 758 Yalorem
1871 730 1983 758 autem
2006 727 2200 767 hujusmodi
2217 727 2327 758 reddi-

1312 784 1407 811 tuum
1426 783 1496 812 sive
1524 782 1617 820 ipsos
1648 782 1801 812 redditus
1830 781 2041 811 extimabunt
2072 782 2161 811 certe
2181 789 2326 820 persone

1313 835 1353 864 ad
1371 835 1431 865 lioc
1447 835 1640 874 specialiter
1653 835 1817 865 ordinate.
1834 835 1934 865 Dedit
1954 835 2093 873 insuper
2111 838 2142 864 et
2158 834 2326 864 concessit

1312 888 1399 918 idem
1431 887 1535 918 abbas
1566 889 1676 919 eidem
1706 888 1991 924 vicecancellarm,
2026 890 2141 918 nostro
2178 887 2326 923 nomine,

1312 941 1522 980 ingrediendi
1551 941 1804 981 possessionem
1827 941 1977 980 ejusdem
2006 941 2124 971 domus
2153 940 2326 971 licentiam

1312 996 1343 1024 et
1358 993 1499 1024 liberam
1515 996 1728 1032 potestatem.
1747 994 1920 1024 Mandavit
1934 994 2035 1024 etiam
2053 994 2122 1023 sive
2139 993 2240 1023 cessit
2258 993 2326 1032 ipsi

1312 1047 1587 1077 vicecancellario
1611 1057 1670 1086 pro
1694 1047 1791 1077 nobis
1810 1056 1907 1077 omne
1927 1048 1983 1086 jus
2002 1055 2204 1086 omnemque
2226 1047 2327 1077 actio-

1310 1109 1386 1130 nem
1415 1101 1503 1140 quod
1529 1103 1559 1131 et
1589 1110 1698 1140 quani,
1729 1101 1762 1130 10
1797 1101 1887 1130 dicta
1916 1100 2015 1130 domo
2042 1109 2101 1130 890
2127 1100 2265 1139 grangia
2294 1101 2327 1130 et

1309 1155 1527 1192 pertinentiis
1547 1155 1632 1189 8018,
1656 1154 1781 1184 dictum
1802 1154 2044 1184 monasterium
2063 1152 2161 1183 habet
2178 1154 2231 1183 vel
2247 1162 2324 1192 pos-

1310 1210 1360 1237 set
1375 1206 1509 1242 habere,
1526 1209 1622 1246 prout
1640 1207 1672 1236 in
1688 1207 1913 1237 instrumento
1928 1206 2064 1246 publico
2080 1206 2156 1237 inde
2172 1207 2325 1236 consecto

1309 1263 1341 1290 et
1357 1260 1466 1299 ipsius
1483 1260 1615 1290 abbatis
1633 1260 1748 1298 sigillo
1766 1261 1908 1299 signato.
1927 1260 2063 1298 plenius
2078 1262 2108 1290 et
2126 1259 2326 1298 expressius

1309 1314 1592 1344 continetur.Nos
1606 1314 1708 1352 igitur
1726 1313 1815 1352 quod
1831 1322 1933 1352 super
1949 1313 2010 1343 hoc
2027 1322 2045 1343 a
2062 1312 2193 1352 prefato
2205 1312 2326 1343 abbate

1310 1366 1435 1396 sactum
1460 1369 1522 1402 est.
1543 1366 1752 1396 ratificamus
1772 1369 1803 1396 et
1823 1375 1864 1396 ex
1882 1367 1971 1396 certa
1998 1366 2139 1396 scientia
2165 1365 2326 1405 approba—

1309 1428 1385 1449 mus
1400 1429 1436 1450 ac
1458 1420 1651 1458 hujusmodi
1668 1420 1897 1450 venditionem
1915 1419 2078 1450 habentes
2097 1422 2268 1458 acceptam
2290 1420 2323 1450 et

1309 1473 1555 1509 inviolabilem,
1575 1474 1813 1503 inconcussam
1833 1475 1864 1503 et
1888 1473 2045 1503 stabilem
2064 1473 2096 1502 in
2123 1475 2326 1512 perpetuum

1309 1535 1446 1557 manere
1462 1527 1626 1563 volentes,
1646 1536 1719 1556 eam
1735 1526 1934 1557 auctoritate
1953 1526 2139 1565 apostolica
2151 1526 2329 1557 confirma-

1310 1588 1386 1610 mus
1404 1582 1465 1610 etc.
1487 1588 1594 1619 usque
1613 1580 1874 1610 communimus.
1894 1580 1934 1610 Et
1952 1580 2032 1619 quia
2049 1581 2235 1610 conventus
2251 1588 2325 1618 pre-

1310 1633 1391 1663 dicti
1413 1633 1612 1663 monasterii
1632 1633 1673 1663 ad
1695 1633 1755 1663 hoc
1774 1641 1840 1663 non
1863 1633 2043 1663 intervenit
2066 1641 2241 1669 assensus,
2266 1641 2327 1663 nec

1310 1685 1372 1716 fuit
1396 1686 1498 1716 etiam
1521 1686 1718 1725 requisitus,
1746 1694 1807 1716 nos
1837 1694 1971 1716 omnem
2000 1686 2180 1719 defectum,
2205 1686 2263 1725 qui
2285 1694 2326 1717 ex

1309 1739 1370 1770 hoc
1394 1739 1468 1776 suit,
1492 1741 1523 1770 et
1543 1739 1729 1778 quemlibet
1747 1739 1864 1775 alium,
1887 1739 1915 1768 si
1942 1739 2019 1778 quis
2044 1748 2085 1769 ex
2113 1748 2324 1778 quacumque

1311 1802 1411 1823 causa
1429 1793 1482 1823 vel
1500 1793 1685 1823 omissione
1702 1794 1754 1823 est
1777 1792 1924 1826 habitus,
1944 1793 2144 1831 supplemus
2170 1793 2211 1822 de
2229 1801 2328 1831 apos-

1310 1846 1411 1876 tolice
1427 1846 1639 1885 plenitudine
1654 1846 1850 1885 potestatis,
1869 1846 1915 1876 ita
1939 1846 2039 1884 quod,
2063 1845 2257 1885 hujusmodi
2272 1845 2328 1876 de-

1311 1899 1455 1930 fectibus
1479 1907 1691 1938 nequaquam
1719 1898 1944 1932 obstantibus,
1963 1898 2081 1929 eadem
2104 1899 2253 1929 venditio
2271 1907 2325 1929 va·

1312 1953 1381 1982 lida
1398 1961 1457 1991 per
1486 1954 1594 1982 totum
1621 1952 1746 1982 existat
1768 1954 1799 1982 et
1825 1951 1945 1982 efficax
1976 1954 2008 1982 et
2027 1954 2191 1990 perpetua
2215 1952 2327 1991 vigeat

1312 2006 1470 2036 firmitate
1501 2013 1561 2035 nec
1592 2005 1661 2035 ullo
1693 2013 1841 2043 unquam
1871 2007 2024 2043 tempore
2052 2004 2163 2035 valeat
2189 2005 2324 2042 violari,

1312 2067 1420 2097 neque
1439 2058 1538 2088 liceat
1557 2057 1668 2088 abbati
1697 2060 1727 2088 et
1760 2058 1940 2088 conventui
1967 2058 2089 2097 prefati
2112 2058 2324 2095 monasterii,

1312 2112 1369 2151 qui
1387 2113 1465 2142 sunt
1483 2111 1534 2141 vel
1555 2111 1680 2141 suerint
1699 2120 1758 2149 pro
1774 2113 1938 2150 tempore,
1957 2111 2143 2149 prodictam
2162 2111 2328 2142 venditio-

1311 2174 1388 2196 nem
1414 2165 1624 2203 impugnare,
1654 2173 1822 2201 revocare‚
1850 2164 1985 2194 irritare
2011 2164 2063 2194 vel
2087 2164 2266 2204 reprobare
2292 2165 2327 2194 in

1310 2220 1380 2248 toto
1404 2218 1457 2249 vel
1473 2218 1507 2248 in
1523 2220 1629 2257 parte,
1648 2219 1706 2248 aut
1721 2218 1836 2248 venire
1854 2217 1907 2248 vel
1924 2219 2125 2257 attemptare
2142 2226 2202 2248 seu
2216 2217 2327 2248 facere

1312 2271 1441 2311 aliquid
1472 2273 1588 2302 contra
1611 2271 1718 2305 illam,
1747 2273 1779 2302 et
1806 2271 1835 2301 si
1862 2271 1948 2301 forte.
1972 2271 2256 2310 presumpserint,
2282 2271 2329 2302 sit

1311 2325 1448 2355 omnino
1468 2325 1614 2360 irritum,
1635 2333 1778 2354 vacuum
1796 2325 1828 2354 et
1852 2324 1962 2354 inane.
1980 2324 2250 2355 instrumentum
2271 2332 2328 2355 au-

1310 2380 1378 2408 tem
1396 2377 1586 2417 predictum
1599 2386 1716 2408 verum
1735 2379 1767 2408 et
1785 2378 1926 2413 rectum,
1946 2385 2011 2407 non
2025 2376 2248 2407 cancellatum
2267 2385 2328 2408 nec

1311 2431 1479 2466 vitiatum,
1500 2440 1566 2461 non
1588 2430 1753 2461 abolitum
1779 2439 1839 2460 nec
1865 2433 2060 2469 corruptum
2079 2430 2189 2460 necin
2212 2430 2329 2470 aliqua

1311 2484 1364 2514 sui
1376 2486 1470 2523 parte
1484 2486 1690 2523 suspectum,
1703 2485 1828 2514 attente
1845 2483 2059 2522 inspeximus
2072 2485 2103 2513 et
2119 2483 2328 2523 perlegimus

1311 2541 1342 2567 et
1364 2538 1537 2576 proprium
1557 2537 1708 2576 ejusdem
1726 2536 1859 2567 abbatis
1881 2536 2034 2575 sigillum
2057 2545 2123 2575 quo
2149 2545 2208 2575 pro
2235 2538 2327 2567 certo

1311 2590 1454 2620 eundem
1488 2589 1643 2620 abbatem
1679 2590 1728 2619 uti
1757 2590 1926 2625 novimus,
1957 2589 2109 2619 studiose
2134 2589 2169 2619 in
2197 2589 2327 2620 eisdem

1311 2651 1498 2682 appensum
1528 2643 1666 2678 litteris,
1697 2643 1906 2673 advertimus
1938 2642 2119 2681 diligenter
2151 2644 2183 2673 et
2216 2641 2327 2681 ipsius

1311 2696 1530 2726 instrumenti
1540 2698 1703 2732 tenorem,
1718 2695 1757 2725 ad
1767 2695 1902 2734 plenam
1917 2697 1947 2725 et
1961 2695 2132 2725 efficacem
2145 2695 2325 2730 cautelam,

1311 2750 1508 2788 perpetuam
1527 2749 1575 2779 rei
1591 2748 1788 2778 firmitatem
1807 2751 1837 2778 et
1854 2748 2002 2778 futuram
2020 2748 2231 2782 memoriam,
2251 2756 2327 2787 pre-

1311 2802 1466 2832 sentibus
1494 2802 1533 2832 de
1559 2801 1660 2832 verbo
1687 2801 1728 2831 ad
1752 2800 1891 2832 verbum
1922 2801 2064 2832 fecimus
2089 2801 2255 2832 annotari.
2281 2801 2327 2833 Ut

1345 2916 1366 2940 l.
1384 2916 1436 2941 Ces
1453 2915 1526 2940 deux
1544 2915 1676 2940 derniers
1695 2918 1767 2940 mots
1785 2915 1891 2940 011ίὲιὲ
1910 2915 1996 2939 &eriis
2014 2922 2065 2939 sur
2081 2922 2118 2939 un
2135 2917 2277 2946 grattage.
