2547 3289
205 285 264 315 448

203 367 276 397 sius
293 375 310 395 a
326 362 569 395 mercatoribus
585 361 668 399 ipsis
683 359 736 389 vel
749 357 921 396 aliquibus
937 356 1015 386 aliis
1029 354 1210 394 quomodo-

203 419 285 449 libet
297 416 480 448 molestari.
495 414 767 445 Contradictores
778 420 836 450 per
848 418 1025 440 censuram
1036 407 1212 438 ecclesias-

203 471 317 504 ticam,
336 469 560 508 appellatione
577 466 776 505 postposita,
793 462 1048 502 compescendo.
1069 460 1165 496 Quod
1183 459 1212 489 si

203 523 392 562 pecuniam,
409 520 674 559 insraprcsatum
693 518 888 553 terminum,
905 514 1110 554 supradictis
1127 521 1211 542 mer-

203 576 374 607 catoribus
388 573 596 605 Senensibus
615 572 665 603 vel
683 580 799 602 corum
815 570 991 609 uni,juxta
1008 567 1212 607 premissam

204 628 358 665 formam,
381 628 512 658 solvere
533 626 725 665 neglexeris
741 624 958 658 antedictam,
981 622 1069 652 idem
1090 622 1212 651 extunc

202 682 427 720 in'personam
440 681 532 710 tuam
546 679 744 709 auctoritate
758 678 873 707 nostra
887 672 1213 706 excomunicationis

204 735 405 765 sententiam
426 733 575 772 proferat
591 740 732 770 eamque
753 731 864 766 faciat,
886 728 943 759 ubi
963 729 995 758 et
1015 726 1148 766 quando
1167 725 1212 755 vi-

203 788 291 818 derit
310 787 481 825 expedire,
506 785 672 824 usquead
703 782 971 814 satisfactionem
1000 779 1213 819 condignam,

203 840 429 879 appellatione
441 840 580 875 remota,
597 838 730 877 publice
746 846 782 867 ac
800 835 1035 873 sollempniter
1051 831 1212 863 nuntiari.

203 895 279 925 Non
305 893 519 923 obstantilms
550 893 579 922 si
609 891 670 922 tibi
700 893 757 921 aut
783 888 954 928 aliquibus
983 888 1060 918 aliis
1088 896 1106 916 a
1136 885 1215 915 sede

204 946 390 985 apostolica
410 946 454 976 sit
480 945 649 975 indultum
669 944 758 982 quod
778 942 946 978 interdici,
967 939 1143 978 suspendi,
1163 937 1215 968 vel

204 999 454 1030 excomunicari
478 1007 536 1036 per
566 997 698 1027 litteras
729 995 934 1034 apostolicas
964 1002 1029 1023 non
1061 991 1213 1031 possitis,

204 1061 268 1091 que
286 1052 325 1081 de
346 1051 476 1081 indulto
499 1049 692 1090 hujusmodi
712 1049 847 1087 plenam
872 1049 903 1078 et
925 1055 1124 1085 expressam
1149 1053 1215 1074 non

204 1105 345 1135 fecerint
361 1104 580 1139 mentionem,
603 1101 838 1141 sivequalibet
855 1100 1040 1138 aliaipsius
1057 1099 1148 1129 sedis
1168 1098 1216 1127 in-

204 1158 377 1197 dulgentia
404 1157 443 1187 de
470 1166 535 1196 qua
565 1156 729 1195 cujusque
754 1156 823 1185 toto
851 1156 965 1184 tenore
995 1153 1035 1183 ‹le
1055 1151 1156 1182 verbo
1176 1151 1217 1181 ad

203 1211 345 1241 verbum
365 1211 397 1240 in
410 1210 534 1240 nostris
550 1209 673 1239 litteris
684 1208 820 1239 deberet
836 1208 907 1238 fleri
925 1206 1049 1237 mentio
1060 1204 1217 1243 specialis

205 1264 237 1294 et
249 1272 308 1302 per
321 1272 421 1302 quam
432 1263 571 1293 effectus
581 1261 789 1300 presentium
800 1260 957 1299 impediri
968 1260 1081 1297 posset
1092 1258 1218 1296 aliqua-

204 1318 305 1347 tenus
330 1316 383 1346 vel
409 1316 552 1349 differri,
577 1317 609 1345 et
634 1314 874 1345 constitutione
901 1313 940 1343 de
966 1311 1097 1342 duabus
1117 1310 1218 1341 dietis

206 1369 296 1400 edita
308 1370 341 1399 in
351 1368 492 1399 coneilio
509 1368 669 1407 generali.
683 1367 855 1406 Quidquid
870 1365 1030 1396 autemde
1050 1364 1219 1394 solutione

205 1422 355 1461 predicte
372 1422 511 1460 pecunie
536 1421 675 1451 duxeris
694 1420 896 1452 faciendum,
914 1428 973 1458 per
991 1419 1123 1448 litteras
1144 1418 1219 1447 tuas

206 1475 317 1511 nobis,
336 1475 455 1505 harum
473 1475 595 1504 scriem
612 1474 835 1509 continentes,
864 1472 1001 1502 studeas
1023 1470 1220 1510 quantotius

208 1528 353 1558 fideliter
368 1527 536 1557 intimare.
558 1527 682 1557 Datum
699 1526 788 1564 apud
802 1525 1091 1560 Urbemveterem,
1109 1532 1128 1553 v
1145 1522 1221 1552 idus

206 1580 407 1617 decembris,
432 1589 517 1610 anno
532 1579 644 1610 tertio.
666 1590 681 1608 »

299 1753 371 1784 492

728 1749 851 1781 Orvieto,
871 1750 886 1776 8
901 1748 1051 1776 decembre
1073 1749 1149 1774 1263.

246 1830 366 1858 officiali
385 1830 539 1857 l’arisiensi
556 1830 675 1864 predicti
695 1829 823 1856 mandati
840 1828 1037 1856 executionem
1051 1826 1220 1855 committit.

211 1880 289 1915 (Rea.
306 1881 351 1911 27,
367 1879 415 1907 sol.
438 1880 487 1906 145
504 1885 540 1912 νο,
558 1885 587 1905 n⁴⁷
604 1880 642 1914 1.)

252 1984 267 2000 «
286 1998 311 2004 ..
327 1972 457 2012 officiali
474 1973 653 2003 Parisiensi.
673 1973 822 2006 Dudum,
840 1974 900 2002 etc.
920 1973 956 2001 ut
972 1980 1074 2009 supra
1090 1989 1138 2001 —.
1159 1971 1222 2001 Da-

212 2028 283 2057 tum
311 2027 399 2064 apud
423 2025 710 2059 Urbemveterem,
740 2035 769 2054 vi
801 2025 876 2054 idus
905 2024 1105 2059 decembris,
1136 2032 1223 2054 anno

213 2079 324 2110 tertio.
343 2090 357 2105 »

304 2257 376 2289 493
804 2257 974 2283 0111010.ἳὸ
992 2258 1059 2283 nont
1079 2258 1153 2284 1263.

248 2336 442 2371 lnt'rascriptis
463 2337 581 2363 mandat
600 2339 739 2371 quatenus
758 2336 786 2363 111
802 2337 978 2363 monasterio
997 2338 1023 2363 S.
1042 2336 1145 2364 Mariae
1162 2338 1226 2364 Seo-

213 2387 309 2412 torum
324 2386 357 2411 de
371 2385 479 2412 Vienna
494 2385 639 2420 inquirant
653 2386 686 2412 de
700 2386 823 2420 quadam
840 2385 976 2420 pecuniae
991 2393 1106 2412 summa
1120 2385 1225 2412 ibidem

214 2442 231 2460 a
245 2434 385 2468 magistro
412 2434 495 2460 Petro
519 2434 552 2461 de
574 2434 760 2465 l'onteenrvo,
778 2434 883 2469 [nuntio
903 2434 1072 2469 apostolico,
1088 2434 1225 2461 ecclesiae

214 2482 358 2509 Romanae
372 2482 498 2515 nomine,
519 2482 674 2517 depositae.
692 2483 768 2516 (ileo.
790 2484 834 2515 22,
853 2482 900 2509 sol.
920 2484 967 2509 1111
984 2488 1023 2513 10,
1042 2488 1072 2509 11⁰
1089 2485 1128 2517 2.)

256 2585 272 2601 «
292 2598 298 2604 .
321 2599 327 2604 .
343 2575 447 2614 priori
465 2575 597 2613 fralrum
620 2574 851 2605 predicatorum
867 2580 894 2604 ec
911 2575 1056 2614 mayistro
1075 2575 1224 2613 Get-ardo,

215 2627 372 2667 capellano
391 2633 505 2665 nostro,
524 2627 653 2668 plebano
669 2628 703 2657 dc
735 2627 857 2665 Vienna,
881 2628 1072 2658 Pacaviensis
1090 2628 1225 2659 diocesis.

214 2680 369 2710 Dilectus
382 2680 473 2710 filius
483 2681 646 2719 magister
658 2681 860 2720 stephanus,
876 2681 1132 2711 archidiaconus
1143 2682 1229 2721 Opo-

216 2732 336 2769 lensis,
362 2733 589 2763 subdiaconus
613 2735 643 2763 et
671 2734 866 2773 capellanus
896 2743 931 2764 ac
958 2734 1094 2764 nuntius
1114 2737 1229 2766 noster

217 2785 252 2815 in
271 2786 423 2824 partibus
449 2787 602 2823 Polonie,
637 2787 773 2817 Boemie
802 2796 838 2817 ac
869 2787 1019 2824 Austrie,
1058 2788 1227 2819 intellecto

217 2839 307 2877 quod
327 2839 488 2877 magister
511 2840 633 2870 Petrus
656 2840 695 2869 de
716 2840 952 2875 Ponte-curvo,
971 2840 1228 2871 archidiacomis

217 2890 444 2929 Gradicensis,
463 2893 542 2922 tunc
566 2893 706 2922 nuntius
730 2894 844 2923 noster
870 2893 902 2923 in
923 2893 992 2923 illis
1010 2893 1175 2932 partibuS,
1194 2895 1228 2924 111

218 2945 424 2974 monasterio
443 2946 556 2975 sancte
581 2945 686 2975 Marie
712 2946 887 2976 Scotorum
912 2946 1112 2986 deXienna,
1131 2947 1228 2978 Pata-

1006 269 1232 302 nnoisrnn
1256 260 1471 299 CAMERAL

1273 352 1402 382 viensis
1419 351 1578 386 (11000515,
1599 349 1767 389 quandam
1794 349 1936 388 pecunie
1961 356 2128 378 summam
2151 348 2183 377 et
2206 354 2285 376 non-

1273 405 1367 435 nulla
1391 405 1457 435 alia
1481 403 1569 433 bona
1594 403 1737 433 duxerat
1762 402 1970 441 deponenda,
1998 400 2223 440 personaliter
2246 399 2287 428 ad

1274 457 1386 497 ipsum
1405 456 1649 488 monasterium
1678 455 1831 492 accessit,
1848 456 1886 485 ut
1908 463 2011 493 super
2027 454 2088 484 hoc
2103 453 2286 492 ineptireret

1272 511 1461 541 veritatem.
1477 510 1562 540 Sane
1580 508 1684 539 abbas
1699 508 1808 547 ipsius
1825 507 2024 538 monasterii
2042 506 2083 538 ab
2101 506 2219 536 eodem
2237 514 2287 534 ca-

1272 564 1419 603 pellano,
1448 565 1480 593 in
1502 562 1674 601 presentia
1700 561 1911 600 quorundam
1931 560 2073 590 fratrum
2098 559 2289 589 Predicato-

1273 625 1349 646 rum
1367 618 1398 647 et
1422 616 1591 646 Minorum
1608 615 1765 645 ordinum
1783 615 1815 644 et
1837 613 1983 643 aliorum
2000 612 2183 652 proborum
2204 611 2289 641 viro-

1275 678 1362 706 rum,
1390 668 1506 699 adhoc
1525 667 1721 707 specialiter
1743 668 1947 702 vocatorum,
1965 674 2067 704 super
2093 664 2287 703 hujusmodi

1275 722 1428 760 deposito
1450 722 1689 760 interrogatus,
1715 720 1887 759 respondit
1910 719 1999 758 quod
2018 718 2106 748 idem
2128 717 2290 756 magister

1276 774 1399 805 Petrus
1416 774 1520 804 nichil
1542 774 1611 804 11110
1635 782 1785 813 unquam
1808 774 1959 811 tempore
1977 773 2090 810 preter
2115 770 2200 800 duos
2228 769 2289 799 sci-

1275 827 1371 866 phos,
1390 836 1494 857 unum
1512 828 1707 866 argenteum
1726 827 1757 856 et
1772 826 1877 856 alium
1895 825 1934 855 de
1951 832 2098 858 mazare,
2116 819 2181 853 duo
2199 831 2290 852 men-

1277 880 1361 910 salia
1379 882 1409 910 et
1424 880 1589 919 quasdam
1609 879 1716 918 pelles
1735 879 1937 918 deposuerat
1959 878 1990 907 in
2014 876 2219 907 monasterio
2237 884 2291 905 511-

1275 933 1443 972 pradicto,
1482 933 1660 971 pecuniam
1705 940 1795 967 vero,
1832 940 1932 970 quam
1978 930 2088 960 dictus
2130 929 2290 967 magister

1277 986 1400 1016 Petrus
1421 985 1454 1015 in
1471 984 1625 1024 partibus
1654 985 1750 1023 ipsis,
1777 984 1912 1014 nomine
1937 985 2065 1017 nostro,
2097 982 2289 1021 collegerat,

1277 1039 1375 1069 nobis
1393 1047 1452 1078 per
1466 1039 1588 1068 fratres
1602 1038 1732 1068 ordinis
1755 1039 1870 1067 sancte
1884 1037 1989 1067 Marie
2005 1036 2290 1066 Theutonicorum

1278 1094 1309 1122 et
1325 1092 1516 1131 Hospitalis
1537 1091 1645 1121 sancti
1661 1091 1827 1121 Johannis
1845 1089 2115 1120 Jerosolimitani
2133 1089 2291 1118 transmi-

1278 1148 1378 1181 serat,
1398 1147 1498 1184 prout
1524 1145 1634 1174 dictus
1658 1143 1762 1173 abbas
1790 1142 1997 1173 mendaciter
2022 1141 2206 1171 asserebat.
2232 1141 2292 1170 Pe-

1277 1200 1367 1229 tente
1394 1198 1507 1237 itaque
1532 1198 1620 1227 dicto
1649 1197 1823 1235 capellano
1846 1195 1887 1226 ab
1915 1196 2033 1226 eodem
2057 1194 2176 1224 abbate
2203 1194 2293 1233 quod

1278 1251 1535 1290 responsionem
1554 1260 1649 1280 suam
1667 1251 1761 1280 daret
1787 1250 1822 1279 in
1846 1249 1995 1287 scriptis,
2018 1248 2090 1287 ipse
2114 1257 2174 1286 per
2192 1248 2295 1286 scrip·

1278 1306 1390 1335 turam
1417 1313 1513 1334 suam
1544 1304 1713 1333 revocavit
1742 1303 1775 1332 in
1800 1302 1940 1332 dubium
1969 1301 2057 1340 quod
2092 1300 2296 1331 verbotenus

1280 1358 1413 1388 dixerat
1441 1357 1658 1391 affirmantis),
1679 1356 1811 1385 dixerat
1829 1355 1920 1385 enim
1938 1355 2046 1393 prius,
2072 1354 2161 1393 quod
2186 1354 2295 1392 prefa-

1280 1412 1335 1440 tus
1356 1410 1518 1449 magister
1534 1410 1657 1440 Petrus
1674 1410 1786 1448 preter
1805 1409 1890 1438 duos
1909 1407 2056 1446 sciphus,
2078 1408 2143 1437 duo
2165 1416 2295 1437 mensa—

1281 1463 1327 1493 lia
1355 1465 1385 1493 et
1408 1463 1573 1501 quasdam
1596 1462 1704 1501 pelles
1730 1461 1834 1491 nichil
1858 1469 2006 1499 unquam
2033 1460 2235 1499 deposuerat
2262 1460 2296 1490 in

1281 1516 1490 1546 monasterio
1508 1515 1687 1554 prelibato,
1708 1516 1739 1544 et
1760 1514 1897 1552 scripsit
1916 1514 2016 1552 quod,
2043 1513 2071 1543 si
2092 1522 2151 1552 per
2168 1513 2296 1543 dictum

1283 1569 1483 1608 magistrum
1502 1569 1641 1599 Petrum
1655 1568 1769 1606 aliqua
1788 1567 1930 1606 pecunia
1945 1566 2053 1597 suerat
2068 1566 2113 1596 ibi
2129 1566 2294 1605 deposita,

1283 1622 1373 1652 idem
1391 1630 1464 1652 eam
1483 1630 1541 1660 per
1562 1621 1670 1652 dictos
1697 1621 1818 1651 fratres
1837 1621 1989 1659 ipsorum
2009 1620 2165 1650 ordinum
2184 1621 2297 1650 sancte

1282 1675 1388 1706 Marie
1416 1675 1702 1705 Γ[110111011100111111
1722 1676 1753 1704 et
1783 1673 1974 1712 Hospitalis
2007 1673 2116 1703 sancti
2134 1673 2297 1703 Johannis

1281 1728 1548 1758 Jerosolimitani
1580 1727 1679 1757 nobis
1708 1727 1850 1757 duxerat
1878 1726 2185 1756 transmittendam.
2221 1726 2299 1756 Pre-

1283 1781 1393 1812 dictus
1410 1782 1521 1811 autem
1544 1781 1740 1819 capellanus
1757 1780 1798 1810 ad
1821 1780 1939 1810 domos
1956 1780 1994 1810 de
2022 1779 2152 1809 Vienna
2170 1787 2300 1809 eorum-

1284 1835 1359 1865 dem
1378 1834 1534 1864 ordinum
1553 1835 1665 1864 sancte
1687 1833 1792 1864 Marte
1816 1833 2095 1863 Thentoncoruin
2122 1834 2152 1862 et
2178 1833 2300 1872 Hospi-

1284 1888 1363 1918 talis
1383 1887 1489 1917 sancti
1514 1887 1678 1917 Johannis
1702 1886 1968 1916 Jerosolimitani
1987 1885 2128 1916 accessit
2156 1888 2187 1916 et
2211 1886 2298 1924 ipsa-

1285 1950 1359 1971 rum
1384 1941 1560 1970 domorum
1588 1940 1809 1979 interrogavit
1841 1939 2024 1978 magistros
2047 1941 2079 1969 et
2108 1939 2242 1975 fratres,
2270 1939 2299 1969 si

1285 1994 1408 2023 scirent
1428 1993 1517 2032 quod
1537 1995 1744 2023 memoratus
1762 1993 1924 2030 magister
1945 1992 2067 2022 Petrus
2090 2000 2149 2030 per
2168 1992 2300 2030 aliquos

1285 2047 1437 2085 ipsorum
1472 2046 1627 2076 ordinum
1661 2046 1783 2075 fratres
1817 2044 1914 2075 nobis
1942 2045 2092 2083 aliquam
2122 2045 2300 2083 pecuniam

1285 2099 1550 2133 transmisisset,
1570 2099 1699 2129 eisdem
1715 2099 1818 2137 igitur
1832 2098 2006 2137 magistris
2025 2099 2057 2128 et
2072 2097 2234 2128 tratribus
2253 2097 2301 2127 di-

1285 2152 1440 2182 centibus
1457 2153 1544 2191 quod
1565 2152 1598 2181 id
1617 2152 1753 2190 penitus
1769 2151 1967 2191 ignorabant
1984 2154 2015 2180 et
2029 2151 2118 2189 quod
2136 2160 2195 2189 pro
2211 2153 2301 2181 certo

1286 2206 1537 2242 intellexerant,
1558 2205 1647 2244 quod
1674 2205 1885 2243 prescriptos
1915 2204 2076 2243 magister
2102 2204 2224 2234 Petrus
2246 2212 2300 2243 pe-

1287 2259 1420 2289 cuniam
1434 2260 1465 2289 et
1479 2268 1534 2289 res
1547 2259 1631 2288 alias
1647 2259 1868 2288 consueverat
1882 2258 1916 2287 111
1928 2257 2136 2287 monasterio
2150 2257 2302 2296 predicto

1287 2313 1465 2351 deponere,
1486 2312 1679 2342 nominatus
1707 2311 1916 2350 capellanus,
1934 2310 1992 2349 qui
2013 2310 2114 2340 etiam
2133 2310 2166 2340 id
2189 2310 2302 2340 audie-

1287 2367 1338 2396 rat
1353 2365 1393 2395 ab
1411 2365 1489 2395 aliis
1512 2365 1702 2403 tidedignis,
1722 2364 1831 2394 denuo
1855 2364 1896 2394 ad
1918 2363 2161 2394 monasterium
2190 2363 2302 2402 ipsum

1287 2419 1441 2454 accessit,
1468 2420 1503 2448 ut
1521 2427 1622 2457 super
1646 2418 1706 2447 1100
1732 2417 1919 2456 inquireret
1946 2417 2081 2455 plenius
2105 2417 2301 2451 veritatenn

1288 2472 1376 2511 quod
1396 2472 1610 2511 presentiens
1634 2471 1744 2501 dictus
1772 2470 1875 2500 abbas
1901 2478 2018 2500 omnes
2046 2469 2230 2500 monachos
2252 2478 2301 2500 se-

1288 2525 1412 2558 niores,
1433 2533 1493 2563 per
1517 2533 1602 2563 quos
1622 2523 1748 2554 veritas
1772 2523 1852 2553 sciri
1878 2524 2021 2561 poterat,
2044 2524 2141 2553 extra
2170 2530 2303 2552 monas-

1287 2578 1410 2608 terium
1434 2577 1622 2616 predictum
1641 2577 1843 2613 transmisit,
1862 2576 1978 2614 sicque
1999 2584 2102 2614 super
2120 2575 2188 2605 hiis
2205 2574 2302 2606 certi-

1289 2631 1381 2661 ficari
1400 2630 1596 2669 capellanus
1614 2639 1679 2660 non
1698 2630 1805 2669 potuit
1827 2629 2054 2668 supradictus.
2077 2628 2161 2659 Cum
2176 2630 2301 2664 autem,

1289 2685 1387 2723 prout
1406 2684 1609 2721 accepimus,
1629 2691 1689 2722 per
1706 2682 1870 2713 Tbomam
1889 2683 1919 2712 et
1938 2681 2106 2720 Pitytum,
2121 2680 2304 2711 monachos

1289 2736 1411 2776 prefati
1432 2736 1641 2770 monasterii,
1657 2745 1759 2775 super
1776 2735 1842 2765 hiis
1856 2735 1983 2765 veritas
2001 2734 2081 2764 sciri
2096 2734 2216 2772 possit,
2235 2733 2302 2763 dis-

1289 2789 1429 2820 cretioni
1451 2791 1562 2819 vestre
1586 2798 1645 2828 per
1665 2788 1850 2828 apostolica
1875 2787 2001 2826 scripta
2031 2787 2173 2816 tirmiter
2196 2786 2302 2825 preci-

1289 2842 1412 2881 piendo
1447 2842 1647 2872 mandamus
1677 2844 1842 2881 quatenus
1874 2849 1934 2870 vos
1960 2839 2011 2869 vel
2042 2839 2127 2869 alter
2150 2842 2302 2869 vesu-um

1289 2895 1330 2925 ad
1352 2894 1476 2925 dictum
1505 2895 1749 2925 monasterium
1769 2893 1993 2934 personaliter
2021 2892 2229 2928 accedentes,
2257 2893 2302 2923 111-

1291 2948 1435 2987 quiratis
1462 2957 1564 2987 super
1600 2948 1661 2978 boc
1688 2947 1729 2978 ab
1753 2947 1872 2978 abbate
1910 2955 1947 2976 ae
1970 2945 2098 2976 'l‘homa
2131 2947 2161 2976 et
2187 2945 2302 2985 Pityto
