2547 3289
247 202 303 231 176

245 282 399 321 proximo
411 279 569 318 preterito
583 280 658 314 etc.,
674 280 708 308 nt
721 278 752 307 in
768 277 878 316 prima
890 286 996 316 usque
1010 287 1015 306 z
1029 280 1115 307 Sane
1127 277 1252 316 Philip-

243 344 306 374 pus
324 332 490 370 Radnlplii
511 333 539 361 ct
555 331 759 361 1⁴¹1·ankettns
777 329 1001 363 Rembertini,
1021 330 1111 359 cives
1126 331 1158 360 et
1168 338 1253 359 mer-

243 389 372 417 catores
404 383 602 415 Florentini,
633 382 766 421 reprobi
787 391 908 412 sensus
933 382 1113 421 dampnata
1141 383 1254 412 studia
1284 388 1285 399 ¹

243 441 317 474 etc.‚
338 446 444 476 nsque
462 446 497 465 se
516 436 664 465 facturos
680 436 712 464 et
729 437 920 471 curaturos,
940 444 1025 473 quos
1045 436 1252 473 Maynettns,

241 490 387 521 Jacobus
403 492 432 519 et
451 489 654 519 Framiscus
672 487 886 518 Rembertini
899 488 1034 521 tratres,
1050 488 1255 518 Franlwttus
1285 494 1286 511 ³

243 542 458 577 Rern-iveniii,
497 541 696 580 Raynaldns
714 542 745 571 et
776 541 903 571 Dosius
932 540 1063 577 Uberti,
1092 541 1252 577 Uberius,

242 596 368 627 Purins
380 597 411 625 et
427 594 1143 633 111101111511351131111,80013111151131111111111,
1157 596 1254 630 ltota,

243 649 384 679 Michael
411 650 442 678 et
467 649 576 678 Bncca
599 647 782 678 Amannati
811 647 942 683 tratres,
967 647 1122 678 Matliens
1146 649 1256 678 Bonit-

244 702 328 733 lion.
350 701 490 731 Cantius
512 700 714 739 symonetti‚
743 701 948 730 llonvicinus
974 701 1118 736 Nicolai,
1139 710 1255 731 eornm

241 755 325 784 socii
341 756 371 784 et
389 754 556 787 concives,
568 762 697 783 necnon
712 754 858 784 Blancus
873 754 1055 792 Raynatrti,
1071 754 1177 784 Pnlex
1189 755 1256 784 dic-

242 810 298 838 tus
330 806 514 841 Pomm-dus,
547 807 658 837 Gerus
683 808 715 837 et
748 807 938 838 Gniducius
971 807 1087 837 Uberti
1122 808 1254 843 fratres,

245 861 393 891 Ubertns
420 859 549 895 ‚Iacobi,
571 860 680 890 Pulex
706 860 914 897 Florenzini,
936 861 1046 891 Gerus
1064 861 1255 891 (jllarissimi

243 967 454 998 Rembertini
473 967 843 1003 concives,F101·enti11i
864 969 1080 1003 mercatores,
1098 968 1138 997 ad
1157 968 1258 999 eccle—

242 1021 292 1051 sie
316 1021 473 1051 mandata
501 1021 659 1051 redibunt
688 1023 762 1057 etc.,
787 1029 894 1060 usqne
914 1021 1064 1059 amplum
1084 1021 1197 1051 sinum
1221 1030 1257 1052 ac

245 1074 405 1113 predictis
430 1074 586 1113 Philippo
611 1075 643 1104 et
672 1074 857 1104 Franketto
885 1074 943 1113 qni
975 1076 1054 1104 tunc
1083 1078 1258 1113 presentes
1288 1096 1289 1100 ,

243 1127 384 1157 aderant
411 1129 487 1162 etc.,
508 1136 615 1166 nsque
642 1127 816 1165 recipiatis
835 1136 852 1157 a
870 1127 1032 1165 predictis
1056 1128 1176 1157 Cautio
1199 1129 1259 1166 ΒΧ·
1288 1128 1289 1137 ’

244 1180 397 1216 monetti,
424 1180 545 1210 Guelfo
565 1180 748 1219 Raynaldi,
772 1180 957 1210 Bonvicino
984 1181 1129 1217 Nicolai,
1150 1182 1259 1211 Bncca

246 1233 440 1269 Amannati,
454 1233 585 1263 Matheo
600 1233 782 1269 Bontilioli,
794 1234 918 1263 Blanco
929 1234 1112 1272 Raynaldi,
1128 1235 1257 1272 Pulico,
1288 1239 1289 1242 ’

242 1285 332 1316 Gero
349 1287 381 1316 et
397 1286 564 1317 Gniducio
584 1286 701 1316 liberti
719 1286 894 1321 fratribus,
910 1286 1036 1316 Uberto
1052 1287 1177 1316 ι1310111,
1196 1289 1259 1317 Pu-

245 1339 309 1369 lice
343 1339 549 1376 Florenzini,
582 1341 669 1369 (iero
698 1339 892 1369 Clarissimi
926 1341 958 1369 et
991 1340 1157 1370 Perusino
1188 1341 1259 1371 Ste-
1289 1339 1291 1347 '

246 1391 358 1430 phani,
388 1392 422 1421 in
441 1391 596 1430 partibus
623 1391 733 1421 Gallie
750 1391 1052 1428 commorantibus,
1082 1392 1121 1422 de
1139 1394 1258 1423 stando

244 1452 347 1481 snper
370 1444 548 1482 premissis
569 1446 644 1480 etc,
664 1452 772 1483 usqne
789 1444 913 1483 quibus
931 1445 994 1474 rite
1011 1446 1170 1484 peractis,
1189 1448 1259 1476 tam

243 1497 381 1526 eosdem
423 1497 591 1533 Cantium,
626 1497 798 1533 Gruelfum,
833 1498 1069 1533 Bonvicinnm,
1099 1500 1257 1535 Buccam,

244 1548 426 1585 Matheum,
457 1549 634 1586 Blancnm,
659 1550 824 1585 Pulicem‚
851 1550 977 1581 Gerum
1000 1553 1032 1581 et
1053 1551 1259 1582 Gniduciuin
1290 1552 1291 1559 ¹

244 1603 361 1634 Uberti
381 1604 514 1639 fratres
535 1605 713 1642 Ubertum,
734 1606 886 1636 Pulicem
906 1606 1114 1643 Florenzini,
1132 1608 1257 1638 (terum

242 1656 435 1687 Clarissimi
454 1659 486 1688 et
510 1658 726 1696 Perusinum,
752 1668 853 1698 quam
877 1659 986 1689 dictos
1008 1660 1206 1699 Philippum
1228 1663 1259 1691 et
1289 1651 1291 1677 ¹³

244 1710 465 1741 Frankettum
483 1720 519 1741 ac
546 1711 648 1741 etiam
671 1711 888 1750 Raynaldmn
905 1714 937 1742 et
961 1713 1181 1743 Franciscum
1200 1714 1258 1753 qni

243 1765 320 1801 post
341 1763 469 1794 dictum
496 1764 620 1794 festum
638 1765 896 1803 Assumptionis
914 1767 1141 1804 personaliter
1164 1776 1199 1797 se
1218 1767 1259 1797 si-

245 1816 373 1846 militer
394 1816 587 1855 obligarunt
606 1819 638 1848 et
655 1818 879 1856 prestiterunt
907 1818 1035 1849 similia
1052 1819 1256 1858 juramenta,

243 1877 304 1906 per
335 1870 447 1899 omnia
467 1870 540 1900 loca
561 1870 595 1899 in
614 1870 739 1909 quibus
758 1871 825 1910 ipsi
850 1871 1021 1902 voluerint
1044 1874 1120 1909 etc.,
1149 1882 1258 1913 nsque
1289 1882 1290 1893 ³

243 1922 467 1960 compellatis.
486 1923 611 1953 Datum
628 1924 716 1962 apud
730 1923 1021 1962 Urbemveterem,
1042 1935 1075 1955 vi
1095 1926 1258 1957 kalendas

244 1975 462 2013 septembris,
482 1984 568 2006 anno
588 1975 641 2006 11⁰.
659 1987 674 2005 1)

335 2166 407 2197 365
799 2165 923 2197 Orvieto,
942 2168 975 2194 28
989 2167 1085 2202 juillet
1109 2168 1186 2195 1203.

281 2249 514 2275 l‘rocnrationem
530 2250 715 2276 excedentem
740 2249 867 2277 valorem
883 2253 1004 2285 quatuor
1023 2260 1200 2283 marcarum,
1215 2261 1259 2280 ra-

242 2297 320 2324 tione
345 2297 518 2324 visitationis
543 2306 598 2325 non
617 2298 712 2325 deberi
745 2299 884 2326 decernit.
912 2300 990 2335 (lli-212.
1016 2302 1060 2332 215,
1082 2301 1148 2327 anni
1171 2302 1206 2332 lt.
1230 2307 1260 2329 11ο

243 2346 305 2377 227,
325 2345 373 2373 sol.
398 2346 470 2381 123.)

285 2463 300 2478 «
326 2475 346 2482 ..
374 2452 477 2491 priori
497 2457 524 2481 ec
550 2454 711 2482 conventui
736 2453 893 2492 prioratus
919 2453 1049 2493 Major-is
1078 2454 1257 2492 Malvernie,

243 2504 358 2534 ordinis
373 2515 396 2533 s.
419 2504 588 2541 Benedicti,
618 2505 839 2545 Wiyorniensz's
853 2506 990 2538 diocesis.
1019 2508 1140 2538 Coram
1159 2509 1258 2540 nobis

246 2558 309 2588 fuit
325 2567 365 2588 ex
385 2560 478 2596 parte
495 2560 608 2589 vestra
625 2560 835 2598 propositum
855 2561 944 2599 quod
963 2561 1108 2592 dilectus
1124 2562 1257 2600 tilius„

245 2610 348 2641 abbas
374 2611 687 2649 XVestmonasteriL
714 2613 845 2643 ordinis
866 2622 893 2643 s.
918 2614 1103 2651 Benedicti,
1128 2616 1258 2647 Londo-
1288 2621 1289 2639 1

245 2663 593 2698 niensis‹liocesis‚ad
608 2666 798 2704 prioratum
812 2667 1040 2697 vestrumsibi
1055 2668 1256 2707 subjectum,
1288 2678 1289 2681 ’

245 2716 753 2756 causavisitationis,accedens,
764 2728 988 2758 personarum
1001 2723 1031 2751 et
1046 2722 1258 2753 evectionum
1288 2725 1289 2734 ³

244 2769 440 2799 effrenatam
470 2770 722 2802 multitudinem
751 2781 866 2803 secum
894 2773 996 2807 ducit,
1026 2783 1086 2813 pro
1113 2784 1258 2814 quarum

243 2822 480 2861 procuratione
506 2823 595 2862 longi
613 2825 780 2863 temporis
805 2825 915 2856 victus
943 2828 1156 2859 consumitur
1176 2828 1259 2860 hora

243 2875 350 2906 brevi.
370 2875 479 2911 Quare
498 2876 560 2906 snit
576 2885 634 2915 pro
652 2878 746 2916 parte
763 2879 878 2909 vestra
893 2880 1038 2918 petitum
1057 2881 1189 2912 anobis
1207 2884 1254 2921 ut,

1003 195 1247 226 REGISTRES
1269 195 1484 226 D'URHAIN
1509 195 1567 225 IV.

1315 285 1390 306 cum
1411 277 1540 307 ratione
1567 277 1669 306 unius
1694 278 1943 316 procurationis
1970 279 2140 310 interdum
2169 283 2327 319 sumptus

1315 330 1429 360 decem
1448 339 1638 360 marcarum
1651 332 1802 369 oporteat
1819 340 1879 361 vos
1894 331 2020 369 subire,
2037 333 2214 371 providere
2226 342 2329 372 super

1315 383 1376 413 hoc
1396 382 1492 413 vobis
1511 386 1652 422 paterna
1669 383 1845 422 diligentia
1863 384 2091 422 dignaremur.
2118 386 2202 416 Cum
2224 387 2329 425 igitur

1317 437 1427 466 felicis
1462 437 1706 467 recordationis
1734 438 1953 468 Innocentius
1981 447 2080 477 papa,
2110 439 2330 478 predecessor

1317 492 1444 526 noster,
1463 491 1826 520 duxeritstatuendum
1838 492 1875 521 ut
1891 491 2007 521 nullus
2025 492 2246 522 ecclesiarum
2257 502 2331 531 pre-

1286 560 1287 569 1
1317 543 1407 573 latus
1444 543 1715 581 procurationem
1754 544 1972 574 excedentem
2004 545 2154 575 valorem
2185 548 2331 584 qnatnor

1317 605 1520 631 marcarum,
1532 597 1662 626 ratione
1680 597 1899 634 visitationis
1911 598 2046 636 exigere
2061 607 2079 627 a
2095 598 2242 628 subditis
2259 599 2332 629 suis

1286 690 1287 695 1
1318 650 1439 688 possit,
1464 659 1524 680 nos
1547 650 1823 680 constitutionem
1844 650 2037 689 hujusmodi
2065 652 2153 682 circa
2175 660 2332 690 procura—

1287 734 1288 737 ,
1318 703 1428 733 tiones
1454 703 1518 742 ipsi
1543 703 1657 733 abbati
1679 704 1880 742 prestandas
1903 705 1937 734 in
1955 705 2106 743 prioratu
2134 707 2246 735 restro
2265 714 2333 736 ser-

1318 757 1390 786 vari
1421 757 1585 791 νο1011105,
1618 766 1658 787 110
1688 757 1798 787 ‹lictns
1827 757 1943 793 abbas,
1962 758 2092 788 ratione
2112 759 2332 794 visitationis,

1319 811 1427 849 exigat
1453 810 1504 840 vel
1531 818 1592 840 ros
1612 813 1765 849 prestare
1784 810 1893 841 eidem
1912 810 2024 841 abbati
2052 812 2233 841 teneamini
2259 820 2335 851 pro-

1287 872 1289 901 }
1318 864 1527 894 curationem
1556 866 1700 902 quatuor
1721 872 1911 894 marcarum
1932 864 2080 894 valorem
2100 865 2332 905 excedentem,

242 916 275 944 et
291 915 477 944 Perusinus
496 913 669 953 Stephani,
690 914 843 952 ipsorum
862 914 1012 952 Philippi
1031 916 1063 944 et
1082 915 1254 945 Franketti
1287 924 1288 927 ¹

1319 917 1518 947 auctoritate
1554 918 1765 955 presentium
1796 917 2001 954 inhibemus,
2032 919 2219 949 sententias
2247 928 2333 958 quas

1318 972 1433 1000 contra
1460 971 1630 1009 presentis
1663 970 1877 1000 inhibitionis
1900 974 2014 1002 nostre
2042 974 2194 1001 tenorem
2220 973 2253 1002 in
2272 982 2332 1003 vos

1319 1025 1375 1053 ant
1395 1023 1428 1052 in
1445 1025 1594 1053 vestrum
1611 1024 1760 1062 aliquem
1778 1033 1837 1062 per
1854 1025 1998 1054 eundem
2015 1024 2169 1055 abbatem
2186 1026 2334 1064 promul—

1319 1077 1390 1116 gari
1410 1076 1600 1115 contigerit,
1612 1077 1830 1107 decernentes
1845 1077 1975 1107 nullius
1988 1078 2136 1108 existere
2147 1079 2334 1111 firmitatis.

1318 1130 1413 1161 Nulli
1432 1139 1510 1169 ergo
1537 1133 1652 1160 nostre
1679 1129 1894 1160 inhibitionis
1922 1133 1953 1160 et
1981 1131 2247 1166 constitutionis,
2270 1133 2333 1162 etc.

1318 1184 1443 1214 Datum
1482 1183 1571 1221 apud
1611 1182 1900 1218 L‘rbemveterem,
1939 1193 1957 1211 v
1989 1183 2153 1213 kalendas
2184 1185 2333 1222 angusti,

1320 1245 1406 1266 anno
1424 1237 1479 1266 110.
1498 1248 1512 1262 »

1411 1437 1484 1467 366
1879 1435 2002 1466 0111010,
2025 1436 2052 1462 ll
2070 1435 2164 1471 juillet
2184 1437 2262 1464 1203.

1355 1518 1495 1553 Episcopo
1512 1519 1687 1546 Nannetensi
1703 1520 1819 1546 mandat
1838 1519 1963 1554 inquirat
1979 1521 2012 1546 de
2029 1519 2166 1554 petitione
2178 1523 2338 1548 conventus

1320 1567 1435 1602 Majoris
1450 1568 1617 1595 Monasterii
1633 1568 1807 1595 Turonensis
1823 1568 1900 1595 circa
1916 1568 2068 1596 Facultates
2083 1569 2225 1596 ecelesiae
2242 1570 2269 1596 S.
2283 1570 2338 1596 Ma-

1320 1617 1378 1644 riae
1394 1617 1579 1651 Magdalenae
1596 1618 1629 1643 de
1651 1619 1751 1644 (135110
1768 1617 1853 1648 Celsi,
1873 1618 2064 1645 Nanuetensis
2084 1618 2218 1646 diocesis.
2253 1619 2335 1653 (Rea.

1319 1668 1363 1698 215,
1382 1666 1449 1692 anni
1465 1667 1497 1698 11,
1513 1672 1542 1693 n⁰
1556 1668 1618 1697 228,
1635 1666 1685 1694 sol.
1707 1668 1779 1699 123.)

1361 1776 1376 1795 «
1397 1789 1416 1796 ..
1436 1767 1580 1807 episcopo
1607 1766 1809 1797 nannetensi.
1834 1768 1880 1796 Ex
1902 1770 1997 1806 parte
2023 1766 2225 1797 dilectorum
2250 1767 2338 1797 filio-

1320 1828 1420 1850 rum..
1446 1819 1579 1850 abbatis
1601 1822 1631 1850 et
1649 1822 1834 1850 conventus
1855 1820 1995 1859 Majoris
2013 1820 2213 1850 Monasterii
2230 1820 2337 1850 Turo-

1320 1874 1448 1910 nensis,
1463 1874 1504 1903 ad
1520 1874 1709 1904 Romanam
1726 1873 1905 1904 ecclesiam
1924 1873 2017 1904 nullo
2037 1874 2149 1904 medio
2166 1874 2337 1912 pertinen-

1319 1927 1375 1962 tis,
1393 1927 1523 1956 ordinis
1541 1936 1568 1957 5.
1592 1927 1775 1963 Benedicti,
1796 1927 1859 1957 fuit
1875 1927 2089 1966 propositum
2107 1936 2220 1957 coram
2235 1926 2335 1957 nobis

1320 1980 1409 2017 quod
1426 1979 1606 2010 facultates
1621 1980 1762 2010 ecclesie
1779 1980 1812 2009 S.
1831 1979 1937 2009 Mai-ie
1955 1979 2152 2018 Magdalene
2164 1980 2204 2010 de
2215 1980 2335 2010 Castro

1320 2032 1423 2069 Celsi,
1442 2035 1498 2063 tue
1510 2033 1671 2068 diocesis,
1688 2033 1723 2062 in
1740 2041 1807 2071 qua
1822 2032 1902 2063 dicti
1916 2032 2020 2062 abbas
2031 2036 2061 2063 et
2081 2035 2266 2063 conventus
2279 2033 2335 2072 jus

1320 2085 1471 2116 obtinent
1493 2087 1706 2124 patronatus,
1725 2087 1802 2115 sunt
1825 2086 1907 2115 adeo
1923 2087 2043 2116 tennes
2062 2089 2092 2116 et
2118 2086 2228 2116 exiles
2245 2086 2336 2125 quod

1320 2138 1452 2169 duobus
1472 2138 1671 2174 rectoribus,
1694 2147 1753 2177 per
1773 2148 1857 2177 quos
1873 2139 1914 2168 ad
1935 2148 2076 2177 presens
2095 2139 2211 2170 eadem
2232 2139 2336 2169 eccle-

1320 2192 1372 2222 sia
1386 2192 1604 2231 gubernatur,
1621 2193 1736 2231 nequit
1755 2201 1796 2222 ex
1809 2193 1859 2222 eis
1874 2202 2020 2231 congrua
2039 2193 2244 2223 sustentatio
2259 2202 2335 2232 pro·

1320 2246 1446 2276 venire.
1472 2246 1582 2281 Quare
1601 2246 1764 2276 nominati
1782 2245 1886 2276 abbas
1905 2249 1934 2276 et
1954 2248 2138 2276 conventus
2160 2246 2259 2276 nobis
2276 2246 2335 2276 hu-

1320 2299 1447 2329 militer
1469 2299 1703 2338 supplicarunt
1727 2301 1773 2334 ut,
1793 2308 1865 2328 cmn
1885 2299 1973 2329 dicta
1991 2299 2135 2329 ecclesia
2153 2308 2335 2338 perunum

1320 2352 1431 2382 solnm
1457 2354 1620 2382 rectorem
1648 2353 1757 2391 possit
1785 2351 1958 2382 salubrius
1985 2352 2166 2391 gubernari
2199 2353 2335 2392 ipsique

1319 2406 1427 2443 parati
1449 2405 1515 2435 sint
1535 2405 1632 2435 alteri
1649 2406 1877 2444 predictorum
1898 2407 2066 2435 rectorum
2093 2405 2272 2444 providere
2294 2405 2335 2437 de

1320 2458 1387 2488 alio
1405 2458 1636 2488 ecclesiastico
1652 2457 1815 2487 beneficio
1832 2458 2037 2496 competenti
2055 2467 2093 2488 ac
2110 2458 2246 2488 interim
2266 2458 2335 2488 suf-

1319 2511 1471 2541 ficienter
1494 2512 1561 2541 vite
1581 2511 1773 2541 necessaria
1797 2511 2005 2542 ministrare.
2023 2511 2202 2550 providere
2224 2511 2258 2541 in
2274 2511 2336 2542 hac

1319 2567 1413 2604 parte
1435 2565 1671 2604 indempnitati
1696 2565 1849 2604 ejusdem
1872 2565 2014 2595 ecclesie
2033 2573 2241 2596 curaremus.
2263 2565 2336 2596 Nos

1321 2618 1445 2657 itaque,
1477 2619 1516 2648 de
1549 2617 1853 2656 circumspectione
1887 2619 1944 2648 tua
1970 2617 2106 2656 plenam
2132 2617 2166 2647 in
2189 2617 2336 2648 Domino

1319 2670 1477 2701 fiduciam
1507 2670 1711 2707 obtinentes,
1740 2670 1947 2700 fraternitati
1975 2672 2032 2700 tue
2061 2679 2121 2709 per
2148 2670 2336 2710 apostoliea

1320 2724 1445 2762 scripta
1462 2724 1664 2754 mandamus
1686 2725 1866 2763 quatenns,
1884 2723 2048 2762 inquisita
2074 2732 2176 2762 snper
2193 2724 2334 2762 premis-

1320 2777 1369 2807 sis
1388 2778 1534 2808 sollicite
1552 2777 1707 2813 veritate,
1724 2777 1753 2806 si
1770 2785 1841 2807 rem
1853 2776 2025 2807 inveneris
2041 2777 2088 2807 ita
2103 2785 2179 2807 esse
2196 2779 2228 2807 et
2246 2777 2337 2808 vide-

1320 2831 1369 2861 ris
1390 2830 1562 2870 expedire,
1583 2830 1684 2860 dictis
1708 2829 1828 2860 abbate
1847 2831 1878 2860 et
1897 2831 2063 2860 conventu
2085 2829 2174 2868 qnod
2190 2830 2335 2862 offerunt

1321 2883 1536 2920 facientibus,
1555 2883 1755 2914 auctoritate
1775 2884 1888 2913 nostra
1907 2884 2039 2913 statuas
2056 2883 2145 2922 quod
2161 2883 2335 2915 nominata
