2547 3289
228 224 286 254 162

222 309 299 346 post
313 306 586 335 resina-ortionem
604 313 698 333 suam
716 313 789 333 cum
813 304 989 342 discipulis
1006 304 1088 337 suis,
1110 312 1188 333 vera
1206 304 1236 332 et
1266 316 1267 325 π

224 359 416 389 infallibilia
437 357 689 387 resurrectionis
715 357 862 395 ejusdem
881 358 912 386 et
934 366 991 386 sue
1019 357 1236 386 humanitatis

224 412 447 443 ciscxbibcns
467 411 671 447 :ii-gunwnia,
689 410 841 444 comedit,
862 410 1037 448 sacrilegio
1061 410 1163 439 simili
1180 410 1235 439 de-

982 221 1048 251 RE(
1059 219 1224 251 {ts'rnES
1251 219 1466 250 D'URBAIN
1495 220 1552 250 IV.

1298 302 1493 336 rediturum,
1519 311 1584 340 quo
1605 303 1645 332 ad
1665 303 1843 333 delendum
1867 303 1906 333 de
1928 305 2012 333 terra
2033 305 2089 334 illa
2108 313 2239 335 omnem
2259 313 2310 335 ca-

1297 355 1416 385 tholice
1434 356 1511 386 fidei
1523 357 1554 385 et
1565 356 1824 386 christianorum
1840 357 2035 386 memoriam
2051 357 2160 396 ipsum
2178 360 2309 388 vacatu-

1265 417 1266 426 ¹
1297 417 1370 438 rum
1393 409 1573 438 instantius
1598 410 1834 447 preteritorum
1861 411 2049 447 conjectura
2073 411 2247 449 pretendit.
2274 411 2309 442 Si

224 466 370 495 molitus,
399 467 429 493 ct
461 465 533 501 post
563 472 684 501 paucos
711 463 782 492 dies
806 462 979 501 planitiem
1007 464 1235 493 Acconensem
1265 458 1266 463 ¹

1264 505 1266 545 i
1296 516 1490 549 transimus,
1510 515 1590 544 satis·
1606 516 1779 545 advertere
1796 525 1976 554 possumus
1994 517 2082 554 quod
2099 517 2139 547 ad
2157 518 2311 547 extermi-

1264 575 1265 579 ’
1297 568 1444 597 nandum
1462 569 1598 598 omnino
1617 569 1650 598 in
1672 568 1873 607 supradictis
1889 569 2040 607 partibus
2059 569 2312 601 christianitatis

223 526 413 556 aggressus,
426 517 541 555 ipsam,
556 516 731 554 ‹piaiiijain
746 516 941 545 incursuum
958 516 1235 554 multiplicatione

222 572 445 604 concusserat,
475 570 588 599 multis
608 570 741 599 vexavit
767 569 952 603 incendiis;
982 578 1017 598 ac
1043 570 1127 599 turri
1151 570 1232 603 Doc,

223 625 311 654 circa
341 632 440 662 quam
472 624 579 653 castra
612 623 738 653 fixerat.
769 623 843 661 igne
872 622 1055 661 supposita.
1082 623 1176 661 capta
1204 623 1235 651 et
1264 645 1265 648 ,

222 678 332 707 diruta
345 677 587 714 custodunnpie
600 676 706 714 ipsius
719 676 794 705 aliis
811 676 906 705 morti
926 676 1067 709 traditis,
1084 675 1233 714 reliquis,

222 732 258 761 ut
274 731 401 760 diutius
420 731 639 765 inor‹‘¹1*entur,
659 728 843 767 captivitati
865 729 1019 765 servatis,
1039 729 1172 758 demum
1189 728 1234 758 ci-

222 785 357 814 vitatem
372 784 597 813 Aaomwnsem
613 791 801 821 aggressus,
813 791 884 813 eam
901 792 1000 821 quam
1016 783 1117 812 multe
1134 783 1234 812 caris-

222 838 267 868 tie
288 837 456 867 coartabat
477 836 598 869 inedia,
624 836 975 873 circumadjacentium
996 836 1233 866 viridariorum

223 891 383 921 maneriis
400 890 487 929 ignis
502 890 681 920 voracitate
699 889 917 927 consumptis,
936 889 1080 927 primum
1102 890 1233 928 sagittis

221 944 364 984 impetiit
390 945 421 974 et
446 943 670 983 postmodum,
700 942 763 973 alis
787 943 934 981 equitum
966 943 1140 978 ordinatis,
1158 942 1232 973 cuni

221 998 390 1037 equitatus
418 998 449 1027 et
480 1005 649 1026 armorum
678 996 806 1035 fragore
832 1005 890 1035 per
917 996 1118 1026 cimiterium
1146 997 1233 1026 beati
1264 1016 1265 1021 ,

220 1051 351 1082 Nicolai
368 1050 545 1080 transitum
564 1050 701 1084 faciens,
721 1050 835 1079 contra
853 1058 974 1087 [uuicos
992 1050 1115 1079 milites
1130 1050 1232 1080 chris-

222 1104 311 1135 tiane
337 1103 509 1142 religionis
532 1103 682 1137 athletas
703 1102 760 1141 qui
789 1104 882 1133 extra
905 1102 1066 1132 fossatum
1087 1103 1231 1133 civitatis

221 1157 370 1196 ejusdem
397 1157 437 1187 ad
460 1157 568 1195 ipsius
590 1157 737 1186 tutamen
761 1157 792 1186 et
813 1156 980 1195 propriam
1004 1156 1232 1186 defensionem

223 1211 384 1246 exierant,
398 1210 616 1240 dimicaturus
632 1218 706 1239 cum
724 1209 783 1245 eis,
805 1211 903 1239 immo
921 1209 1042 1243 verius.
1062 1210 1097 1239 ut
1116 1209 1148 1239 in
1168 1209 1232 1248 spi·
1263 1244 1264 1249 ¹

221 1264 287 1295 ritu
305 1263 459 1303 superbie
476 1271 534 1293 sue
550 1262 714 1298 credebat,
744 1271 801 1292 eos
826 1262 1059 1293 absorbiturus
1078 1263 1228 1293 accessit.

222 1318 300 1353 Sed,
331 1319 367 1347 ut
388 1317 527 1347 firmiter
552 1316 729 1349 credimus,
759 1315 887 1346 adstitit
913 1316 952 1345 de
978 1316 1048 1346 celo
1074 1316 1231 1354 predictis

221 1369 355 1400 athletis
373 1368 554 1403 auxilium,
571 1368 675 1397 astitit
697 1367 789 1397 illius
806 1368 965 1406 potentia,
988 1367 1021 1397 in
1044 1370 1138 1405 cujus
1157 1377 1231 1398 con-

222 1423 336 1462 spectu
354 1423 480 1451 nonest
496 1420 682 1451 differentia
694 1420 726 1450 in
746 1420 862 1450 multis
881 1420 1019 1450 liberare
1037 1421 1088 1450 vel
1104 1421 1230 1460 paucis.

219 1476 295 1515 Ipse
314 1475 390 1505 illos
409 1475 448 1504 de
467 1474 624 1504 manibus
642 1473 854 1504 inimicorum
871 1474 1005 1512 eripuit,
1024 1473 1095 1513 ipse
1119 1474 1232 1504 civita-

216 1530 283 1560 tem
311 1528 492 1568 predictam
512 1537 530 1558 a
553 1526 762 1566 rugientibus
777 1527 962 1566 preparatis
978 1527 1017 1557 ad
1035 1536 1143 1557 escam
1173 1536 1232 1558 sue

219 1581 355 1612 virtutis
372 1580 519 1619 potentia
532 1579 697 1610 liberavit.
714 1579 800 1610 Nam
815 1579 931 1619 paucis
946 1588 987 1610 ex
1004 1580 1100 1610 dictis
1119 1581 1233 1611 militi-

220 1635 284 1665 bus
301 1634 358 1673 qui
379 1635 520 1664 mortem
535 1633 635 1672 hujus
652 1632 768 1667 seculi,
787 1633 882 1672 signo
900 1633 1016 1663 Crucis
1034 1634 1167 1664 vivifice
1184 1634 1231 1664 in-

219 1688 346 1727 signiti,
364 1689 430 1718 tam
446 1687 536 1718 felici
552 1686 711 1725 martyrio
729 1686 899 1721 finierunt,
915 1687 1179 1721 transeuntibus,
1196 1689 1232 1718 ut

221 1750 407 1781 speramus,
435 1741 475 1771 ad
500 1741 616 1776 vitam,
638 1739 785 1778 reliquos
811 1740 1005 1779 sagittarum
1033 1742 1064 1771 et
1088 1741 1229 1780 spiculo-

219 1804 294 1826 rum
320 1795 482 1834 pluviam,
507 1802 581 1832 que,
608 1793 782 1832 grandinis
801 1801 903 1829 more,
921 1793 1070 1832 undique
1095 1795 1232 1825 insulta-

217 1849 309 1884 bant,
339 1848 424 1878 ferre
452 1847 598 1885 amplius
625 1856 690 1876 non
722 1846 886 1881 volentes,
912 1849 1094 1878 memorato
1120 1849 1232 1879 tamen

219 1902 383 1933 Gaufrido
399 1902 430 1931 et
454 1900 624 1939 aliquibus
649 1899 735 1935 aliis,
754 1899 830 1930 licet
848 1901 973 1938 paucis,
992 1901 1176 1932 vulneratis
1192 1911 1232 1932 ex

218 1955 280 1990 eis,
300 1955 418 1985 civitas
434 1954 504 1992 ipsa
523 1954 594 1983 sola
613 1953 675 1983 Dei
694 1953 816 1984 virtute
837 1954 970 1992 recepit.

262 2008 350 2042 Hiis,
378 2007 426 2036 fili
454 2006 637 2042 carissime,
666 2005 733 2035 hiis
765 2006 797 2036 et
827 2006 893 2035 hiis
920 2006 1101 2042 similibus,
1131 2007 1232 2038 immo

219 2062 320 2093 etiam
334 2060 557 2099 gravioribus,
573 2059 716 2097 agitatur
730 2059 833 2089 Terra
845 2059 964 2089 Sancta
976 2060 1131 2098 procellis
1144 2070 1149 2096 3
1167 2060 1232 2091 hiis
1260 2091 1262 2093 ,

217 2114 392 2145 trahicitur
415 2113 482 2151 (sir)
509 2112 677 2148 fluctibus,
710 2112 775 2142 hiis
804 2112 1059 2151 tempestatibus
1084 2113 1230 2149 fluctuat,

216 2167 342 2198 talibus
367 2167 449 2197 inibi
478 2166 703 2196 christianitas
732 2165 907 2196 lacessitur
933 2166 1078 2205 injuriis,
1106 2167 1231 2197 talibus

217 2221 363 2252 lassatur
384 2220 558 2259 angustiis,
586 2219 702 2249 talium
727 2227 959 2258 pressurarum
983 2219 1070 2250 mole
1089 2221 1230 2259 compri-

215 2275 338 2305 mitur!
366 2274 406 2304 Et
424 2273 583 2313 profecto,
608 2273 637 2302 si
658 2273 691 2302 tu
715 2272 870 2311 precipue
894 2281 929 2301 ac
953 2273 1052 2303 ceteri
1073 2273 1226 2304 catholici

216 2328 334 2359 mundi
354 2328 522 2366 principes
541 2328 669 2356 vestros
694 2325 924 2356 subduxeritis
940 2326 1108 2362 humeros,
1127 2327 1229 2358 immo

215 2381 282 2412 nisi
305 2381 335 2412 ei
361 2381 512 2411 celeriter
538 2379 773 2410 subventionis
802 2379 1019 2418 porrexeritis
1045 2380 1228 2418 dexteram,

214 2434 517 2468 irremediabiliter,
541 2435 576 2463 ut
601 2432 758 2467 creditur,
783 2432 1000 2471 opprimetur.
1024 2433 1116 2464 Licet
1139 2434 1228 2464 enim

214 2487 440 2527 impiissimus
460 2487 514 2517 ille
531 2487 709 2521 Soldanus,
731 2486 837 2516 hostis
855 2486 1109 2517 christianitatis
1129 2487 1227 2517 infes—

214 2542 282 2578 tus,
294 2541 515 2572 constantiam
530 2538 808 2586 Christifidelium
825 2539 858 2569 in
873 2539 1067 2570 defensione
1082 2540 1227 2579 predicte
1255 2559 1256 2564 =

213 2595 360 2626 civitatis
385 2595 552 2634 expertus,
581 2594 622 2624 ad
651 2594 782 2632 tempus
805 2593 841 2623 ut
870 2594 1045 2633 occuparet
1069 2593 1168 2625 Crace
1196 2596 1227 2625 et

215 2647 491 2686 Montis-Regalis
522 2648 642 2683 castra,
670 2655 813 2686 quorum
843 2647 1016 2677 dominum
1046 2647 1227 2686 proditorie

215 2701 406 2739 captivarat,
428 2700 638 2737 abscesserit,
661 2709 721 2730 suo
744 2700 779 2730 in
804 2699 948 2730 diversis
974 2700 1056 2731 locis
1078 2702 1225 2732 exercitu

216 2753 385 2787 derelicto,
409 2754 444 2783 nt
468 2753 583 2783 fideles
605 2762 664 2792 per
688 2753 878 2792 frequentes
904 2753 1051 2792 ipsorum
1082 2753 1228 2785 insultus

216 2807 334 2837 atterat
356 2807 388 2836 et
409 2815 464 2836 cos
486 2807 518 2836 in
540 2816 600 2837 suo
628 2807 735 2837 reditu
759 2806 892 2836 facilius
917 2807 1060 2837 debellet
1083 2807 1225 2842 attritos,

216 2860 438 2891 comminatus
458 2861 506 2890 cst
523 2861 630 2890 tamen
648 2869 694 2896 se,
713 2862 787 2898 post
806 2859 973 2890 modicum
995 2861 1166 2899 temporis,
1187 2869 1225 2891 eo

214 2913 460 2944 instructiorem
478 2912 793 2951 hominilms,ar1nis
804 2914 836 2944 et
849 2913 1082 2944 instrumentis
1098 2913 1226 2944 bellicis

1296 462 1385 491 enim
1409 470 1472 500 que
1495 464 1586 499 gesta
1609 464 1687 492 sunt
1703 463 1983 493 dissimulationis
2005 463 2220 493 conniventia
2245 473 2311 495 non

1297 621 1468 660 reliquias,
1488 622 1655 651 clvitatem
1674 622 1869 661 predictam,
1887 623 2036 661 ejusdem
2057 623 2312 654 christianitatis

1297 675 1329 704 in
1351 675 1501 713 partibus
1516 675 1599 713 ipsi«
1617 676 1728 709 robur,
1747 677 1813 705 tam
1831 677 1992 714 potenter,
2011 679 2075 705 tam
2093 677 2248 706 ardenter
2263 676 2312 706 in-

1297 728 1393 761 vasit,
1409 727 1448 757 ad
1465 728 1666 757 abolendum
1686 737 1744 766 pro
1762 736 1860 766 posse
1879 737 1999 758 nomen
2021 728 2158 758 Domini
2175 729 2313 759 omnino

1296 781 1334 811 de
1345 782 1442 813 terra,
1456 781 1724 810 annuntiationis
1734 783 1763 811 et
1773 781 2038 811 conversationis
2051 781 2122 811 loca
2131 782 2310 817 destruxit;

1296 836 1327 864 et
1348 833 1443 872 quasi
1467 835 1605 864 matrem
1625 834 1815 872 piissimam
1838 836 1903 863 tam
1926 835 2092 864 carissimi
2118 844 2182 865 non
2202 835 2311 865 affice-

1296 890 1368 917 rent
1383 888 1504 925 injurie
1523 887 1584 917 filii
1601 887 1653 917 vel
1669 896 1742 918 eam
1760 888 1793 917 in
1811 888 1972 918 oti'ensam
1990 888 2097 926 ipsius
2112 888 2312 927 preterirent

1296 942 1432 974 offense,
1457 941 1638 980 predictam
1660 941 1867 971 Nazarenam
1887 941 2076 976 ecclesiam,
2095 944 2129 972 ut
2151 942 2310 980 premitti-

1297 996 1359 1028 tur,
1379 995 1592 1025 destruendO.
1612 994 1800 1033 specialiter
1816 995 1939 1024 sevivit
1961 995 1992 1024 in
2012 995 2131 1032 ipsam.

1336 1049 1388 1078 Ha
1406 1049 1513 1078 Deus!
1537 1050 1665 1078 erectus
1683 1049 1732 1078 est
1751 1048 1922 1078 inimicus!
1945 1057 2081 1078 manum
2104 1057 2199 1078 suam
2219 1049 2313 1078 misit

1296 1102 1401 1131 bostis
1422 1101 1461 1131 ad
1481 1110 1611 1140 queque
1632 1101 1870 1131 desiderabilia
1891 1102 1992 1131 Terre
2013 1102 2152 1132 Sancte!
2178 1102 2311 1132 vineam

1295 1155 1430 1185 Domini
1451 1163 1528 1193 aper
1546 1156 1585 1184 de
1604 1154 1691 1184 silva
1707 1154 1779 1184 sine
1801 1154 1893 1184 obice
1912 1155 2185 1184 contradictionis
2206 1156 2309 1185 exter-

1296 1209 1415 1238 minat!
1437 1207 1619 1246 singularis
1641 1207 1743 1242 ferus,
1767 1208 1858 1237 nullo
1879 1208 2091 1246 impediente,
2110 1208 2311 1246 depascitur.

1295 1262 1348 1291 Ha
1372 1262 1484 1291 Deus!
1510 1261 1585 1291 Non
1608 1260 1756 1291 inveniet
1782 1261 1943 1290 advocata
1970 1262 2081 1290 nostra
2108 1261 2311 1299 patronum?

1294 1315 1402 1353 gentis
1432 1314 1612 1344 christiane
1639 1316 1777 1352 patrona
1801 1322 1865 1344 non
1898 1314 2046 1344 inveniet
2072 1313 2311 1344 defensorem?

1294 1370 1505 1407 peccatorum
1523 1367 1689 1406 refugium
1708 1367 1748 1397 ad
1767 1375 1866 1405 quem
1886 1367 2054 1405 confugiat
2074 1376 2139 1397 non
2157 1366 2312 1397 habebit?

1294 1421 1387 1451 Deus
1407 1420 1521 1457 judex,
1541 1420 1653 1459 justus
1674 1421 1778 1454 Deus,
1802 1420 1967 1450 ultionum
1986 1421 2152 1451 Dominus
2173 1429 2314 1451 suorum

1293 1475 1542 1513 prosecutorem
1559 1474 1688 1513 jurium
1710 1475 1740 1504 et
1764 1474 1963 1511 injuriarum
1983 1482 2049 1504 non
2066 1474 2201 1504 habebit
2224 1474 2308 1505 ulto-

1294 1529 1384 1558 rem?
1400 1527 1508 1561 Absit,
1521 1527 1608 1557 absit
1625 1529 1660 1557 ut
1674 1527 1761 1557 desit
1776 1527 1908 1565 Virgini
1924 1529 1980 1557 tua
1996 1527 2142 1557 maxime
2156 1527 2312 1557 aliorum-

1293 1590 1356 1620 que
1375 1581 1654 1611 Christitidelium
1672 1581 1704 1610 in
1723 1581 1814 1610 tanta
1832 1580 2028 1611 necessitate
2044 1580 2196 1611 devotio!
2214 1580 2312 1611 Absit

1293 1635 1381 1674 quod
1405 1634 1609 1673 premissum
1627 1634 1882 1664 christianitatis
1903 1634 2075 1664 residuum
2100 1634 2309 1673 derelinqua-

1293 1689 1346 1718 tur
1373 1688 1515 1723 excidio,
1541 1687 1723 1718 bestiarum
1748 1687 1904 1718 dentibus
1922 1688 2122 1726 exponatur!
2142 1687 2250 1723 Absit,
2276 1689 2312 1718 ut

1293 1741 1528 1780 Redemptoris
1547 1741 1651 1771 nostri
1673 1740 1854 1779 negotium,
1877 1741 1965 1779 quod
1983 1741 2018 1771 tu
2038 1743 2069 1770 et
2084 1741 2133 1771 tui
2154 1742 2309 1780 progeni-

1293 1796 1380 1826 tores
1394 1795 1500 1825 incliti
1515 1796 1561 1825 tot
1577 1794 1657 1825 estis
1670 1794 1842 1833 hucusque
1857 1794 2026 1833 prosecuti
2042 1794 2227 1828 laboribus,
2241 1795 2309 1825 tam

1293 1848 1470 1878 immensis
1488 1848 1697 1878 sustinuistis
1712 1848 1880 1886 expensis,
1896 1847 1962 1878 imo
1978 1851 2009 1878 et
2025 1847 2206 1878 eorundem
2219 1847 2311 1887 prin-

1292 1902 1404 1941 cipum
1427 1901 1623 1931 destitutum
1647 1901 1775 1931 auxilio
1796 1902 1826 1931 et
1850 1909 1910 1940 per
1931 1901 1992 1931 hoc
2016 1901 2108 1931 finali
2134 1901 2308 1940 precipitio

1292 1955 1501 1989 derelictum,
1526 1955 1558 1984 in
1584 1954 1675 1984 illius
1702 1954 1945 1993 desperationis
1971 1954 2140 1984 baratrum
2164 1956 2308 1991 corruat,

1293 2009 1378 2047 quod
1392 2009 1428 2038 ut
1445 2009 1597 2046 resurgat
1614 2010 1646 2038 in
1664 2009 1848 2046 posterum,
1864 2007 1935 2046 spei
1952 2007 2093 2046 reliquie
2112 2016 2177 2037 non
2196 2015 2309 2046 super-

1294 2062 1375 2092 sint!
1396 2061 1588 2091 Accendant
1604 2061 1704 2099 igitur
1719 2060 1827 2090 zelum
1842 2062 1937 2090 tuum
1952 2061 1999 2090 tot
2015 2062 2045 2090 et
2062 2062 2151 2090 tante
2170 2060 2217 2090 tui
2233 2069 2308 2091 con-

1292 2115 1430 2145 tumelie
1447 2114 1647 2145 Salvatoris!
1670 2114 1828 2151 Exin—gat,
1848 2122 2044 2152 quesumus,
2063 2114 2309 2152 magnificentia

1292 2168 1394 2207 regia,
1418 2169 1556 2206 exurgat
1582 2168 1615 2197 in
1639 2167 1841 2206 adjutorium
1864 2167 1997 2197 Christo
2019 2167 2096 2197 suo!
2123 2168 2308 2206 Consul-ge,

1292 2222 1353 2255 fili,
1370 2221 1514 2252 Domino
1531 2221 1695 2251 adversus
1708 2221 1930 2259 malignantes
1948 2222 1979 2250 et
1995 2220 2157 2250 adversus
2173 2229 2309 2260 operan-

1291 2277 1340 2306 tes
1359 2275 1582 2314 iniquitatem,
1602 2274 1631 2304 ei
1649 2274 1897 2313 perseverantia
1915 2275 2075 2304 consueta
2090 2275 2251 2305 consiste!

1332 2328 1498 2359 Ceterum,
1516 2327 1592 2357 licet
1612 2327 1793 2357 nonnullos
1810 2327 1894 2357 alios
1916 2327 2007 2357 orbis
2030 2328 2115 2357 terre
2137 2329 2309 2366 magnates

1291 2383 1331 2412 ad
1349 2381 1619 2412 subveniendum
1637 2382 1722 2411 terre
1742 2381 1888 2419 predicte
1910 2380 2031 2411 litteris
2050 2381 2173 2411 nostris
2199 2381 2306 2419 horte-

1290 2444 1374 2471 mur,
1392 2435 1471 2474 quia
1488 2436 1598 2464 tamen
1615 2436 1708 2464 tuum
1726 2433 1925 2473 specialiter,
1944 2433 2158 2464 serenissime
2175 2442 2304 2473 regum,

1290 2489 1361 2519 orat
1376 2490 1405 2518 et
1424 2488 1578 2527 implorat
1593 2488 1756 2517 auxilium
1775 2496 1875 2517 causa
1891 2487 1993 2526 Regis
2010 2487 2127 2521 eterni,
2143 2487 2306 2518 excellen-

1289 2542 1368 2572 tiam
1384 2541 1509 2580 regiam
1526 2542 1703 2572 affectuose
1720 2549 1877 2579 rogamus
1894 2541 1924 2570 et
1939 2540 2153 2570 obsecramus
2169 2542 2305 2578 attente,

1288 2595 1322 2625 in
1347 2595 1581 2625 remissionem
1599 2594 1659 2624 tibi
1678 2594 1908 2633 peccaminum
1935 2593 2113 2624 suadentes
2139 2595 2304 2633 quatenus

1288 2648 1380 2678 illius
1399 2656 1525 2687 sueque
1543 2647 1714 2686 genitricis
1739 2647 1953 2677 vindicandis
1979 2646 2179 2685 obprobriis,
2203 2655 2305 2686 super

1288 2709 1387 2741 quem
1405 2710 1463 2740 pro
1487 2701 1582 2731 nobis
1599 2701 1777 2740 obprobria
1801 2700 2074 2739 exprobrantium
2099 2699 2302 2734 ceciderunt,

1288 2754 1533 2785 auxiliatricem
1552 2754 1721 2784 dexteram
1745 2754 1834 2792 regie
1851 2754 2034 2792 majestatis
2050 2753 2244 2789 extendens,
2264 2753 2304 2784 ad

1288 2808 1506 2847 prestandum
1538 2809 1623 2838 terre
1651 2809 1830 2837 memorate
1861 2806 2094 2837 subventionis
2121 2805 2241 2836 celeris
2266 2815 2305 2837 ac

1289 2863 1450 2900 oportune
1472 2861 1670 2894 remedium,
1688 2862 1795 2900 prout,
1815 2860 1924 2900 ipsius
1940 2859 2088 2899 pensatis
2104 2858 2302 2890 conditioni—

1287 2915 1363 2952 bus,
1379 2923 1463 2955 quas
1478 2916 1533 2945 tua
1551 2914 1740 2945 sublimitas
1759 2922 1824 2944 non
1839 2913 1979 2953 ignorat,
1995 2912 2152 2952 expedire
2167 2914 2304 2951 putave-
