2547 3289
989 255 1228 294 'rucisOEME
1259 255 1423 293 ANNEE.

166 361 181 380 n
199 350 388 386 declaretis,
400 350 494 388 ipsas
507 349 693 379 sententias
707 348 917 387 aggravando
931 357 967 378 ac
977 348 1062 378 alias
1075 356 1176 387 quan-

166 413 181 432 »
200 405 273 434 tum
292 403 332 433 de
346 403 421 441 jure
437 402 604 438 videritis,
623 402 737 432 contra
755 401 891 431 eosdem
910 401 1132 440 procedendo,
1144 404 1175 431 et

167 466 181 485 ›)
200 456 242 486 ad
267 456 474 486 solutionem
495 455 689 494 quindecim
719 463 909 484 marcarum
936 453 1175 491 sterlingorum

168 520 182 537 n
199 509 308 539 teneri
328 508 394 547 ipsi
411 507 708 547 Gregori0‚quoad
726 506 1060 542 vixerit,faciendam
1079 505 1176 535 annis

125 598 128 600 v
167 572 182 591 »
200 561 357 601 singulis,
383 561 543 600 ipsosque
565 560 604 590 de
631 559 814 590 subtractis
838 559 1031 598 quindecim
1051 558 1176 588 marcis

167 625 182 644 »
202 615 324 645 annuis
347 614 418 653 jam
441 622 500 652 per
522 613 775 652 quatriennium
794 612 1034 642 satisfaciendo
1052 612 1173 648 eidem,

167 678 181 697 n
199 668 314 698 eadem
334 667 501 697 sententia
516 666 782 704 condempnetis,
802 668 959 704 ipsasque
978 665 1174 698 sententias,

167 720 319 751 »diebus
345 719 490 759 singulis
520 719 701 750 dominicis
727 721 759 749 et
785 718 929 754 festivis,
954 718 1104 748 candelis
1127 727 1176 747 ac-

167 784 181 802 »
199 773 322 809 censis,
358 773 503 812 pulsatis
538 772 723 811 campanis,
750 771 834 802 locis
867 771 988 810 quibus
1016 771 1176 809 expedire

166 836 181 855 n
202 825 370 859 videritis,
392 825 524 855 faciatis
539 824 774 863 sollempniter
788 824 968 862 publicari,
985 826 1176 862 protestans

166 888 181 907 n
201 880 313 909 autem
331 886 500 916 expensas
516 877 688 907 faciendas
706 877 739 906 in
757 877 828 912 lite,
848 885 933 915 quas
950 885 1010 915 pro
1024 878 1176 915 ternpore

166 942 181 961 »
200 930 397 966 declarabit,
417 931 511 960 salvo
526 930 601 969 jure
619 930 774 965 addendi,
793 929 945 959 mutandi
963 931 1025 959 etc.
1044 941 1057 956 »

204 984 306 1014 «Nos
322 983 436 1022 igitur,
449 982 534 1012 visis
552 983 583 1013 et
597 982 761 1020 inspectis
777 990 853 1012 cum
868 982 1045 1020 diligentia
1060 982 1177 1012 libello

162 1036 357 1075 hujusmodi
388 1037 419 1066 et
450 1035 576 1065 litteris
609 1035 806 1074 apostolicis
831 1036 863 1064 et
891 1034 1043 1064 clausula
1067 1035 1101 1064 in
1127 1035 1176 1065 eis

162 1089 343 1128 inscripta,
370 1088 528 1118 videlicet
556 1088 645 1127 quod
674 1088 763 1118 idem
796 1088 943 1118 decanus
974 1087 1177 1118 rescriberet

163 1142 325 1181 quicquid
342 1151 443 1180 super
462 1141 529 1171 hiis
548 1142 683 1172 duceret
709 1141 900 1171 faciendum
918 1159 966 1178 —,
985 1149 1069 1179 quas
1086 1141 1176 1171 idem

163 1195 348 1235 Gregorius
366 1195 518 1226 exhibuit
533 1203 646 1225 corani
662 1194 772 1230 nobis,
791 1194 878 1224 facta
894 1194 1034 1233 insuper
1050 1195 1090 1224 de
1103 1202 1177 1233 pre-

163 1249 295 1285 missis,
321 1249 465 1279 Domino
492 1248 651 1287 propitio,
684 1247 847 1278 relatione
879 1247 982 1283 fideli,
1013 1249 1044 1278 et
1071 1247 1112 1277 ab
1138 1256 1176 1278 eo

165 1301 305 1341 speciali
321 1302 477 1332 mandato
498 1301 619 1331 iterato
642 1303 787 1339 recepto,
808 1302 844 1330 ut
861 1300 895 1330 in
912 1301 1045 1339 negotio
1062 1301 1177 1339 hujus-

164 1355 255 1386 modi
273 1355 534 1394 procederemus
555 1354 640 1384 sicut
662 1353 761 1384 nobis
776 1354 947 1384 videretur
964 1354 1003 1384 de
1015 1354 1103 1393 jure,
1123 1354 1178 1385 ha-

163 1408 234 1439 bito
258 1417 392 1447 quoque
421 1416 524 1446 super
545 1407 612 1437 hiis
641 1407 783 1438 consilio
803 1407 991 1446 peritorum
1016 1409 1048 1438 et
1077 1408 1177 1446 plena

164 1461 408 1492 deliberatione
420 1461 605 1496 nobiscum,
623 1461 736 1491 citatis
753 1459 908 1499 partibus
921 1461 961 1490 ad
974 1461 1177 1491 sententiam

165 1515 367 1545 audiendam
395 1516 427 1545 et
456 1514 545 1544 dicto
574 1513 738 1552 Gregorio
767 1516 982 1552 comparente
1011 1516 1042 1544 ct
1073 1515 1178 1544 altera

164 1569 259 1607 parte
275 1577 312 1598 se
330 1568 573 1598 contumaciter
597 1567 808 1603 absentante,
827 1567 922 1605 cujus
946 1567 1099 1598 absentia
1114 1568 1177 1598 Dei

165 1621 294 1660 repleta
321 1621 504 1659 presentia,
536 1624 568 1650 in
598 1620 734 1659 scriptis
757 1620 1006 1650 sententialiter
1029 1629 1176 1659 pronun-

164 1675 290 1706 tiamus
316 1674 424 1705 dictos
448 1674 598 1712 priorem
627 1675 659 1704 et-
687 1676 888 1704 conventum
916 1674 1023 1704 teneri
1048 1676 1117 1704 tam
1137 1675 1177 1705 ad

165 1726 370 1757 solutionem
398 1727 592 1766 quindecim
619 1735 810 1757 marcarum
841 1727 1083 1766 sterlingorum
1112 1728 1177 1766 ipsi

164 1779 327 1819 Gregorio
355 1781 465 1819 quoad
493 1780 627 1817 vixerit,
663 1780 761 1810 annis
792 1781 948 1820 singulis,
974 1781 1176 1819 faciendam,

165 1842 266 1872 quam
291 1834 332 1864 ad
357 1833 636 1864 satisfaciendum
655 1834 685 1863 ei
714 1834 753 1864 de
777 1833 959 1864 subtractis
983 1835 1177 1873 quindecim

164 1886 290 1916 marcis
307 1886 429 1916 annuis
450 1895 469 1916 a
482 1887 633 1925 tempore
651 1895 716 1925 quo
734 1886 824 1916 idem
842 1887 988 1916 decanus
1005 1888 1178 1919 mandavit

164 1939 225 1976 eis,
238 1940 438 1970 auctoritate
453 1939 645 1970 litterarum
660 1940 936 1978 apostolicarum,
948 1942 982 1970 ut
995 1940 1082 1971 dicto
1097 1942 1178 1972 Gre-

164 1993 258 2032 gorio
273 1992 308 2023 in
321 1993 410 2023 dicta
428 2001 562 2023 summa
578 1993 720 2031 pecunia
735 1993 965 2031 providerent,
985 1994 1121 2024 eosdem
1136 1995 1178 2025 ad

165 2046 372 2076 solutionem
399 2048 432 2076 et
467 2045 734 2078 satisfactionem
765 2045 961 2085 hujusmodi
990 2046 1176 2077 faciendam

164 2099 253 2129 dicto
280 2099 444 2138 Gregorio
472 2099 759 2138 condempnantes
787 2108 822 2129 ac
841 2099 1068 2138 approbantes
1089 2101 1178 2139 quod

164 2160 224 2191 per
246 2152 448 2192 jamdictum
465 2152 630 2182 decanum
650 2152 776 2182 factum
803 2152 916 2183 extitit
935 2153 970 2182 in
988 2153 1048 2183 hac
1069 2155 1176 2192 parte.

164 2205 387 2236 Declaramus
405 2205 508 2236 etiam
524 2205 661 2236 eosdem
673 2206 835 2244 priorem,
846 2206 1073 2245 suppriorem,
1084 2208 1180 2237 cella-

165 2259 306 2293 rarium,
333 2258 513 2289 sacristam
537 2260 569 2289 et
595 2260 809 2295 conventum,
838 2267 922 2297 quos
946 2260 1048 2289 etiam
1065 2262 1180 2291 contu-

164 2320 278 2342 maces
308 2313 518 2350 reputamus,
553 2311 716 2350 predictis
751 2313 1115 2342 excommunicationis
1149 2315 1181 2344 et

166 2365 404 2403 suspensionis
431 2364 612 2394 sententiis
639 2373 714 2394 esse
732 2364 868 2404 ligatos,
895 2365 989 2404 ipsos
1019 2365 1059 2395 ab
1078 2367 1180 2396 admi-

165 2417 368 2448 nistratione
399 2417 631 2457 spiritualium
655 2420 685 2448 et
710 2417 951 2456 temporalium
974 2419 1181 2457 suspenden-

164 2471 234 2506 tes3
253 2479 310 2501 eos
328 2470 572 2501 nichilominus
590 2470 624 2500 in
642 2471 764 2509 viginti
782 2470 907 2501 marcis
925 2471 1179 2510 sterlingorum,

166 2523 299 2554 anobis
322 2524 495 2554 taxatione
520 2523 695 2562 prehabita
714 2525 745 2554 et
768 2523 878 2562 ipsius
904 2524 1059 2563 Gregorii
1080 2533 1182 2564 super

167 2576 217 2607 eis
235 2576 348 2607 debito
360 2576 553 2615 juramento
571 2577 698 2612 secuto,
716 2576 848 2614 prefato
864 2576 1038 2616 Gregorio,
1059 2586 1181 2617 expen-

168 2638 284 2660 sarum
311 2629 459 2665 nomine,
493 2629 782 2668 condempnando.
818 2629 1018 2660 Mandamus
1042 2631 1183 2670 insuper

167 2683 304 2713 easdem
322 2683 509 2713 sententias
522 2690 630 2721 usque
648 2683 688 2712 ad
701 2683 966 2714 satisfactionem
980 2684 1183 2723 condignam

168 2737 239 2766 tam
256 2736 481 2774 dampnorum
508 2744 609 2774 quam
635 2744 874 2775 expensarum,
907 2738 1006 2775 prout
1028 2737 1130 2767 etiam
1148 2738 1183 2767 in

167 2789 296 2820 litteris
312 2789 510 2827 apostolicis
523 2789 725 2823 continetur,
739 2788 859 2819 diebus
877 2790 1058 2820 dominicis
1073 2792 1103 2821 et
1119 2790 1184 2821 fes—

168 2842 262 2876 tivis,
281 2842 432 2872 candelis
451 2841 614 2879 accensis,
634 2842 780 2880 pulsatis
797 2842 984 2881 campanis,
998 2842 1032 2872 in
1048 2842 1132 2873 locis
1150 2842 1185 2872 in

170 2895 295 2934 quibus
307 2895 477 2933 expediet,
489 2895 724 2934 sollempniter
738 2895 916 2934 publicari.
931 2896 1054 2926 Actum
1066 2897 1099 2926 et
1110 2904 1186 2934 pro-

171 2949 365 2979 nuntiatum
392 2948 481 2987 apud
509 2947 797 2985 Urbemveterem,
820 2949 854 2978 in
878 2948 1032 2987 hospicio
1055 2949 1185 2986 nostro,

2187 269 2248 299 455

1238 348 1454 385 presentibus
1472 349 1725 379 venerabililms
1743 350 1896 388 patribus
1912 352 1972 381 Dei
1991 352 2097 390 gratia
2116 354 2166 387 A.‚
2186 353 2246 383 [Τ-

1237 399 1380 438 gellensi
1407 402 1438 430 et
1458 401 1505 437 P„
1524 401 1744 440 Aquinatensi
1769 403 1950 442 episcopis,
1978 405 2138 443 magistro
2163 406 2247 435 Mar-

1237 452 1307 482 tino
1345 453 1469 483 decano
1509 455 1707 488 Amor-ensi,
1748 456 1910 494 magistro
1946 457 2046 487 Pctro
2088 459 2246 489 ‹anonis-0

1237 505 1405 535 Jauriensi
1432 508 1463 536 et
1491 507 1652 545 magistro
1676 508 1884 538 Bernardino
1909 510 2050 545 notarim
2072 511 2245 548 Jambino,

1238 558 1380 589 Gerardo
1398 559 1437 589 de
1460 559 1615 595 Miiessa,
1638 560 1864 591 familiaribus
1885 564 2022 598 nostris,
2045 565 2188 594 testibus
2207 566 2246 595 ad

1238 610 1298 640 hoc
1336 612 1464 642 vocatis
1505 613 1698 650 specialiter
1737 616 1767 644 et
1804 615 1949 653 rogatis,
1987 625 2073 646 anno
2111 618 2246 648 bomini

1237 663 1480 701 M.CC.LXIII,
1511 665 1726 703 pontificatus
1755 666 1883 697 domini
1917 669 2040 699 Urbani
2072 679 2157 709 pape
2183 672 2246 702 IIII

1238 724 1325 746 anno
1334 717 1445 752 tertio,
1462 717 1646 748 indictione
1661 719 1736 756 VH,
1755 720 1808 750 die
1824 721 2073 759 quintadecima
2091 725 2248 754 exeuntis

1239 769 1397 800 octobris
1416 771 1454 800 In
1473 771 1568 810 cujus
1588 772 1636 802 rei
1654 773 1899 809 testimonium,
1915 783 2055 812 presens
2073 777 2246 814 publicum

1238 821 1502 854 instrumentum
1517 824 1590 854 fieri
1611 824 1752 855 fecimus
1772 828 1803 856 et
1817 826 1920 865 sigilli
1938 828 2044 858 nostri
2061 830 2248 861 munimine

1239 874 1402 905 roborari.
1421 877 1461 907 Et
1477 885 1549 915 ego,
1561 878 1712 916 Angelus
1725 879 1764 908 de
1781 878 1948 916 Palliano,
1967 884 2079 911 sancte
2096 883 2248 914 ltwniane

1239 928 1380 959 ecclesie
1408 929 1620 964 scriniarius,
1648 931 1830 968 prolationi
1859 933 2025 964 sententie
2053 934 2249 970 liujusi'nodi

1239 980 1390 1016 interfui,
1416 984 1447 1012 et
1479 982 1519 1013 de
1547 983 1704 1014 mandato
1730 984 1882 1022 ejusdem
1909 985 2037 1016 domini
2067 989 2250 1019 vudinalis

1239 1033 1373 1072 scripsi,
1389 1036 1421 1065 et
1438 1037 1574 1074 rogatus
1591 1036 1737 1066 fideliter
1752 1037 1935 1075 publicavi.
1955 1048 1970 1067 »

1278 1087 1371 1116 Nulli
1400 1096 1478 1127 ergo
1508 1090 1622 1119 nostre
1644 1090 1911 1120 confirmationis
1931 1093 1992 1122 etc.
2017 1092 2141 1123 Datum
2161 1095 2250 1132 apud

1238 1138 1529 1177 Urbemveterem,
1554 1150 1614 1171 xm
1636 1142 1799 1172 kalendas
1814 1143 1975 1182 januarii,
1999 1153 2084 1175 anno
2102 1147 2212 1177 tertio.
2235 1160 2249 1175 l*

1327 1310 1401 1341 958

1735 1311 1859 1342 Orviet0‚
1878 1313 1910 1340 15
1927 1314 2079 1341 decembre
2097 1315 2174 1342 lzffl.

1274 1390 1365 1417 Priori
1396 1393 1421 1418 et
1444 1391 1582 1419 fratribus
1602 1393 1759 1428 Hospitalis
1785 1394 2012 1422 Jerosolimitani
2034 1396 2061 1423 in
2082 1397 2204 1424 Moravia
2224 1401 2252 1426 ct

1238 1439 1356 1466 Polonia
1384 1440 1510 1468 restituit
1539 1441 1666 1468 decimas
1691 1445 1718 1469 et
1744 1442 1810 1478 jura
1834 1443 2026 1478 parrochialia
2053 1446 2188 1474 ecclesiae
2215 1449 2250 1475 de

1239 1488 1418 1523 Cumgelvelt
1437 1489 1456 1521 ¹,
1471 1498 1486 1516 a
1503 1492 1612 1516 rectore
1629 1491 1770 1518 ecclesiae
1786 1500 1808 1517 s.
1827 1492 1925 1519 Jacobi
1942 1493 1976 1520 dc
1996 1493 2118 1520 Brutina.
2136 1497 2250 1523 olomu-

1239 1538 1332 1564 censis
1348 1537 1481 1569 diocesis,
1503 1538 1628 1566 indebite
1644 1543 1792 1574 occupata,
1810 1549 1867 1567 non
1884 1541 2015 1569 obstante
2039 1544 2166 1578 ejusdem
2189 1551 2250 1570 rec-

1238 1587 1309 1613 toris
1328 1588 1521 1618 contumacia,
1544 1580 1707 1622 praeposito
1726 1589 1863 1617 ecclcsiae
1880 1590 2077 1618 Olomucensis
2102 1596 2251 1619 executore

1240 1635 1387 1670 deputato.
1409 1637 1493 1670 (nso.
1512 1637 1556 1667 29,
1576 1636 1625 1663 fol.
1643 1639 1668 1668 5,
1685 1643 1715 1664 n⁰
1730 1639 1771 1670 o.)

1280 1755 1294 1769 ι(
1330 1743 1488 1782 Ρνεροεὶιο
1520 1743 1640 1773 ecclesie
1670 1743 1882 1775 Olomucensis.
1910 1746 1977 1776 Sua
2007 1746 2105 1777 nobis
2136 1747 2251 1778 dilecti

1239 1796 1303 1826 filii
1322 1820 1342 1826 ..
1370 1797 1462 1835 prior
1494 1799 1525 1827 et
1550 1797 1673 1827 fratres
1698 1797 1889 1836 Hospitalis
1914 1799 2183 1831 Jerosolimitani
2216 1802 2251 1831 in

1239 1850 1391 1880 Mor-avia
1409 1852 1440 1880 et
1457 1850 1611 1886 Polonia,
1624 1850 1787 1889 petitione
1806 1853 2037 1883 monstrarunt
2056 1854 2157 1892 quod,
2175 1863 2251 1884 cum

1239 1903 1305 1942 ipsi
1330 1927 1350 1934 ..
1378 1905 1542 1934 rectorem
1573 1904 1714 1934 ecclesie
1747 1905 1853 1935 sancti
1885 1905 2002 1935 Jacobi
2034 1906 2069 1936 in
2100 1907 2249 1944 Brunna,

1239 1957 1476 1988 Olomucensis
1503 1956 1661 1992 diocesis,
1689 1965 1790 1996 super
1820 1957 2023 1996 quibusdam
2051 1960 2192 1990 decimis
2216 1969 2252 1991 ac

1235 2009 1371 2049 juribus
1391 2009 1663 2048 parocchialilms
1683 2010 1748 2040 loci
1773 2011 1812 2041 de
1836 2011 2046 2050 Cumgelvelt
2071 2013 2111 2042 ad
2129 2013 2252 2052 Hospi-

1238 2063 1306 2094 tale
1323 2063 1435 2102 ipsum
1451 2063 1694 2102 spectantibus,
1716 2072 1780 2102 que
1795 2064 1884 2094 idem
1904 2066 2013 2095 rector
2031 2069 2253 2104 occupaverat

1240 2119 1355 2148 contra
1372 2116 1544 2155 justitiam
1564 2121 1595 2146 et
1615 2119 1775 2155 occupata
1795 2117 1940 2154 tenebat,
1961 2127 2072 2149 coram
2093 2143 2110 2148 ..
2133 2119 2252 2150 abbate

1240 2170 1486 2208 Montis-syon,
1526 2170 1855 2200 Premonstratensis
1893 2171 2033 2208 ordinis,
2068 2172 2253 2211 Pragensis

1241 2223 1399 2258 diocesis,
1419 2223 1560 2261 ejusque
1577 2222 1823 2262 conjudicibus,
1844 2224 2042 2255 auctoritate
2060 2225 2253 2256 litterarum

1242 2276 1333 2307 sedis
1349 2276 1546 2315 apostolice,
1562 2275 1749 2306 traxissent
1764 2276 1798 2306 in
1811 2285 1960 2312 causam,
1981 2277 2060 2316 quia
2081 2278 2170 2308 idem
2184 2287 2253 2310 rec-

1241 2331 1293 2360 tor
1312 2329 1443 2368 pluries
1469 2329 1592 2367 citatus
1615 2329 1778 2367 legitime,
1798 2329 1831 2358 in
1847 2330 1988 2368 prefixis
2007 2330 2072 2360 sibi
2096 2332 2253 2362 terminis

1241 2382 1481 2421 peremptoriis
1503 2390 1697 2420 comparere
1711 2391 1823 2412 coram
1841 2382 1912 2412 illis
1932 2384 2173 2414 contumaciter
2187 2393 2253 2415 non

1242 2435 1384 2471 curavit,
1403 2435 1483 2465 dicti
1497 2433 1607 2465 'abbas
1626 2437 1657 2465 et
1674 2435 1863 2474 conjudices
1882 2444 1970 2470 eum,
1989 2439 2124 2475 propter
2138 2437 2254 2477 hujus-

1242 2488 1334 2519 modi
1349 2497 1429 2518 suas
1447 2490 1675 2518 contumacias
1693 2488 1905 2526 manifestas,
1923 2489 1956 2518 in
1976 2489 2152 2520 duodecim
2169 2500 2254 2521 mar-

1242 2542 1291 2572 cis
1320 2541 1580 2572 Brunnensibus
1609 2541 1770 2580 ponderis
1797 2542 1829 2572 et
1858 2542 1934 2581 puri
1957 2543 2088 2582 argenti
2111 2543 2254 2582 prefatis

1242 2593 1349 2633 priori
1374 2592 1605 2627 et-fratribus‚
1633 2601 1860 2632 expensarum
1877 2594 2025 2631 nomine,
2045 2595 2254 2625 sententiali-

1242 2648 1294 2677 ter
1308 2647 1606 2685 condempnantes,
1623 2647 1757 2677 tandem
1768 2655 1904 2677 causam
1918 2646 2113 2686 hujusmodi
2129 2648 2170 2678 ad
2180 2657 2253 2684 nos,

1244 2701 1343 2739 prout
1357 2708 1399 2730 ex
1418 2699 1580 2730 beneficio
1596 2699 1762 2729 dictarum
1779 2699 1969 2730 litterarum
1985 2701 2151 2739 poterant,
2175 2701 2255 2739 legi—

1244 2753 1326 2783 time
1343 2753 1560 2787 remiserunt,
1576 2751 1705 2790 prefixo
1725 2751 1880 2791 partibus
1901 2753 2045 2784 termino
2065 2756 2253 2792 perempto·

1245 2807 1296 2836 rio
1322 2805 1537 2844 competenti,
1555 2813 1620 2843 quo
1648 2813 1708 2844 per
1723 2813 1758 2835 se
1776 2805 1828 2835 vel
1845 2814 1905 2844 per
1923 2809 2159 2844 procuratores
2175 2807 2255 2846 ydo-

1279 2918 1299 2940 1.
1317 2915 1396 2940 Dans
1409 2917 1481 2940 cette
1498 2916 1585 2939 nieme
1599 2914 1686 2940 bulle.
1705 2922 1734 2939 ce
1749 2918 1804 2940 πηοί
1822 2917 1865 2940 est
1878 2915 1950 2941 ecrit
1969 2916 2126 2948 Cumyelrell
2140 2919 2164 2940 ct
2179 2916 2257 2941 Simi-

1246 2955 1350 2987 yelvelt.
