2547 3289
192 266 231 294 32
943 255 1194 287 REGISTRES
1215 254 1428 286 D'URBAIN
1454 253 1510 282 IV.

189 350 326 387 gratiam
339 349 444 378 facere
458 346 647 385 specialem,
658 345 739 375 utde
755 342 1196 383 lIeyfnrdwarin(nmquam
1223 351 1225 367 x

191 401 401 432 intitulatam,
414 400 445 428 et
461 399 500 428 dc
512 398 714 428 Thmlmerse
728 406 840 436 quam,
851 397 947 434 prout
958 395 1091 430 asseris,
1109 402 1194 424 com-

189 453 373 483 mendatam
389 451 517 481 obtines
530 449 1011 485 ecclesia<,0111·a1n:mimirum
1026 448 1195 481 habentes,

188 505 431 535 Lincolniensis
447 505 477 533 et
493 502 753 533 Saresbiriensis
770 501 1114 538 diocesium,quarum
1124 507 1196 537 pro-

188 558 306 587 ventus
345 556 526 587 secundum
558 563 768 585 communem
801 555 832 584 et
860 554 1029 592 antiquam
1061 552 1196 582 extima-

187 610 311 640 tionem
337 609 452 648 patrie,
481 608 634 638 undecim
662 616 849 637 marcarum
881 606 1117 644 sterlingorum
1143 612 1196 633 va-

187 662 290 692 lorem
307 670 455 692 annuum
472 661 528 691 vix
552 661 726 695 excedunt,
752 660 839 690 licite
858 659 970 690 valeas
986 658 1139 693 retinere,
1166 657 1197 686 et

188 715 213 744 si
237 716 268 745 te
290 715 426 744 alteram
450 714 673 752 predictarum
694 712 908 743 ecclesiarum
934 711 1102 749 resignare
1121 718 1196 739 con-

186 768 307 807 tigerit,
327 767 437 806 possis
454 767 524 797 loco
549 767 640 796 illius
663 774 761 804 qnam
779 764 1013 803 resignaveris,
1035 763 1124 793 aliud
1143 762 1196 792 be-

188 820 343 850 neficium
366 828 440 850 cum
461 819 565 849 simili
586 827 665 848 cura
686 818 844 848 canonice
865 817 925 847 tibi
947 817 1093 846 oblatum
1114 815 1196 845 reci-

187 881 263 911 pcre
278 881 315 902 ac
329 873 448 902 habere
465 872 552 902 licite
568 880 642 901 cum
657 871 785 909 reliqua
801 870 949 901 ecclesia.
960 868 1196 899 constitutione

189 925 352 965 generalis
369 925 499 955 concilii
518 933 618 962 super
636 924 696 953 hoc
712 924 883 959 e‹‘lita,non
903 922 1063 956 obstante,
1086 922 1195 951 tecum

189 978 379 1008 auctoritate
407 978 612 1016 presentium
629 977 875 1015 dispensamus,
903 975 1037 1013 proviso
1054 974 1193 1013 quod-.

187 1030 280 1060 Nulli
298 1039 424 1069 ergo—.
440 1031 561 1060 Datum
574 1029 728 1063 viterbii,
746 1038 793 1058 1111
809 1029 883 1058 idus
900 1027 1021 1062 martii,
1033 1035 1120 1057 anno
1136 1027 1196 1056 1⁰.»

256 1206 302 1235 97
759 1202 885 1234 vitm-be,
898 1202 932 1227 23
950 1209 1027 1227 mars
1048 1202 1124 1228 1262.

225 1288 295 1314 Cum
313 1286 430 1313 llenrico
449 1286 483 1313 de
502 1287 606 1312 Sarum
624 1293 709 1319 super
725 1285 883 1311 retentione
902 1284 1027 1319 plurium
1046 1285 1194 1311 beneficio-

192 1344 255 1363 rum
271 1335 428 1369 dispensat.
449 1335 524 1368 (lico,
544 1335 588 1366 20,
606 1333 654 1360 sol.
674 1334 718 1365 ⁶22,
737 1337 769 1359 n⁰
786 1335 842 1365 95.)

229 1439 245 1455 «
264 1427 393 1456 llcm'ico
411 1426 445 1455 dc
460 1426 584 1459 Sarum,
604 1424 757 1463 capellano
774 1430 886 1458 nostro,
905 1425 1015 1454 rectori
1030 1424 1149 1453 ecclesie
1163 1425 1198 1454 de

191 1479 298 1509 Stellas
320 1479 422 1508 subtus
446 1478 573 1515 Limam,
598 1477 809 1507 Coventrcnsis
831 1477 963 1506 diocesis.
992 1477 1198 1507 Devotarutn

190 1541 322 1571 precum
340 1531 500 1561 instantia
526 1531 619 1560 nobis
640 1540 659 1560 a
681 1530 800 1560 dilecto
820 1530 888 1560 filio
906 1530 1079 1566 Edwardo,
1099 1530 1198 1560 caris-

190 1586 266 1615 simi
285 1585 316 1614 in
332 1585 463 1615 Christo
491 1584 551 1613 filii
574 1583 704 1613 nostri..
724 1583 865 1612 illustris
880 1583 968 1621 regis
983 1583 1115 1621 Anglie,
1132 1583 1197 1621 pri-

190 1638 368 1677 mogenito,
384 1646 442 1676 pro
459 1639 486 1667 te
503 1636 638 1667 litterali
655 1636 739 1666 serie
757 1636 969 1671 directarum,
987 1645 1115 1666 necnon
1133 1636 1198 1666 vir-

190 1692 295 1721 tutum
312 1690 428 1720 merIta
442 1690 563 1728 quibus
578 1689 690 1727 juvari
706 1689 840 1723 diceris,
864 1698 925 1719 nos
941 1689 1103 1719 inducunt
1120 1690 1153 1719 ut
1169 1690 1198 1719 te

190 1744 325 1783 speciali
350 1743 557 1781 prerogativa
586 1742 810 1772 benivolentie
826 1743 1080 1781 prosequentes,
1099 1742 1197 1772 facia—

191 1806 264 1827 mus
293 1796 351 1827 tibi
368 1796 506 1834 gratiam
524 1795 713 1834 specialem.
734 1795 820 1825 Hinc
850 1796 899 1825 est
923 1795 1010 1833 quod
1038 1804 1111 1831 nos,
1139 1795 1198 1824 hu-

185 1849 332 1888 jusmodi
356 1848 687 1887 p1·ccil)usinclin.1ti‚
708 1849 743 1878 ut
768 1849 876 1887 preter
899 1848 1061 1878 beneficia
1087 1857 1199 1878 curam

190 1902 375 1933 animarum
394 1902 559 1935 habentia,
584 1909 725 1939 quorum
743 1910 846 1931 unum
863 1901 1065 1930 intitulatum
1084 1903 1113 1930 et
1136 1901 1201 1930 ulia

191 1955 319 1985 obtines
335 1954 574 1987 commendata,
593 1962 695 1983 unum
707 1953 813 1983 adbuc
825 1953 1086 1983 ecclesiasticum
1104 1953 1200 1983 bene-

192 2007 303 2037 ficium
321 2024 357 2028 -—
369 2006 508 2036 retinere
522 2006 679 2035 valeas—
696 2007 804 2035 tecum
815 2006 1006 2036 auctoritate
1019 2006 1200 2044 apostolica
1229 2010 1230 2013 ’

190 2060 426 2098 dispensamus·
452 2059 470 2087 ¹.
490 2075 526 2080 ——
543 2059 665 2088 Datum
682 2058 837 2094 Viterbii,
857 2069 877 2087 x
892 2058 1052 2088 kalendas
1071 2058 1199 2096 aprilis,

191 2121 278 2142 anno
297 2112 336 2142 1⁰.
357 2124 370 2138 »

259 2277 307 2307 98
772 2274 894 2306 vnerho,
914 2275 943 2300 18
959 2274 1030 2301 avril
1051 2275 1130 2301 1262.

228 2354 329 2381 Abbati
344 2356 371 2381 et
389 2354 540 2380 conventui
558 2353 762 2380 monasteriis.
782 2353 852 2380 Sixli
873 2353 1028 2380 rim-culini
1046 2353 1199 2387 sz-eessio-

193 2411 259 2429 nem
277 2402 404 2438 ejusdem
428 2402 594 2429 monasterii
615 2402 779 2428 contii-inat.
803 2402 881 2436 (linc.
900 2402 945 2434 26,
963 2402 1012 2428 sol.
1031 2403 1075 2434 22,
1094 2410 1127 2428 no
1145 2403 1199 2433 90.)

235 2509 249 2524 ι(
270 2520 290 2526 ..
309 2496 409 2525 abbati
441 2501 467 2525 ee
490 2495 648 2524 conventui
671 2495 846 2524 monasterii
869 2505 893 2524 s.
921 2494 1005 2524 sixti
1031 2494 1201 2524 Placentini
1230 2511 1232 2515 v

195 2549 235 2579 ml
264 2549 427 2579 Romanam
451 2547 603 2577 ecclesiam
630 2547 712 2576 nullo
740 2547 836 2577 medio
864 2547 1054 2587 pertinemis,
1087 2547 1202 2577 ordinis

196 2613 219 2632 s.
247 2601 414 2631 Benedicti.
440 2601 614 2631 Petitionis
637 2602 745 2631 vestre
767 2601 870 2631 series
894 2601 1084 2630 continebat
1102 2602 1201 2640 quod,

197 2707 420 2746 predecessori
438 2708 560 2740 nostro,
581 2706 667 2744 quod
686 2706 924 2736 monasterium
939 2707 1097 2740 vestrum,
1116 2707 1202 2745 quod

199 2768 263 2789 non
286 2759 414 2789 modica
433 2760 650 2789 consueverat
667 2759 891 2797 spiritualium
913 2759 945 2788 et
971 2760 1203 2797 temporalium
1232 2791 1233 2795 ,

198 2811 344 2841 ubertate
361 2811 533 2845 bonorum,
559 2811 640 2841 adeo
663 2813 732 2841 erat
758 2820 817 2849 per
835 2811 1069 2850 negligentiam
1088 2813 1119 2842 et
1136 2821 1201 2842 ma-

230 2938 250 2961 1.
269 2937 370 2962 Memes
387 2937 518 2961 roi-mules
533 2944 585 2968 que
600 2944 670 2968 pour
686 2937 709 2961 lo
722 2937 854 2969 privilege
870 2937 1025 2970 precedent.

1255 340 1363 370 litiam
1381 339 1526 368 vestram
1545 337 1577 366 in
1594 336 1744 374 utrisque
1762 336 1834 366 sine
1852 345 1911 374 spe
1933 337 2129 375 resurgendi
2145 336 2267 375 collap-

1255 391 1438 430 sum‚quosl
1455 399 1521 420 non
1538 390 1663 428 poterat
1679 389 1712 418 in
1729 397 1788 419 suo
1805 389 2016 427 aliquatenus
2035 389 2150 419 ordine
2168 389 2269 419 refor-

1256 444 1350 478 mari,
1369 443 1476 473 (lictus
1491 442 1731 481 predecessor..
1750 441 1916 479 preposito
1932 442 2070 472 ecclesie
2091 451 2118 472 s,
2137 442 2268 480 Euphe-

1256 497 1321 527 mie
1340 495 1534 526 Placentiae
1557 495 1664 533 primo
1681 502 1739 532 per
1757 494 1884 524 litteras
1907 503 1986 524 suas
2004 495 2038 525 in
2057 495 2178 525 virtute
2194 495 2271 524 obe-

1255 549 1378 579 dientie
1395 556 1431 578 ac
1446 547 1656 586 postmodum
1672 555 1731 585 per
1747 546 1830 576 alias
1852 546 2004 577 diversas
2020 547 2147 577 litteras
2164 547 2198 578 in
2215 555 2268 577 ea-

1256 602 1330 631 dem
1347 601 1467 630 virtute
1484 608 1519 629 ac
1540 599 1602 629 sub
1623 607 1707 636 pena
1722 599 2079 629 excommunicationis
2097 599 2185 629 dedit
2202 599 2269 629 ‹lis-

1255 654 1386 684 trictius
1402 654 1435 683 in
1452 652 1626 691 preceptis,
1639 653 1674 681 ut
1690 651 1910 690 personaliter
1928 651 2086 682 accedens
2102 653 2143 682 ad
2158 653 2269 682 locum

1255 708 1286 737 et
1302 706 1476 745 inquirens
1491 705 1660 744 superhoc
1674 704 1712 734 ‹le
1728 704 1826 742 plano
1841 706 1871 734 et
1888 704 1960 734 sine
1970 705 2171 743 Judicioruni
2188 707 2270 736 stre-

1255 759 1325 797 pitu
1342 758 1526 793 veritatem,
1546 758 1575 787 si
1599 758 1763 787 constaret
1780 757 1809 786 ei
1828 757 1875 786 sic
1894 765 1980 791 esse,
1998 757 2182 796 predictum
2199 766 2266 788 mo-

1258 812 1439 842 nasterium
1457 819 1530 840 cum
1561 810 1717 840 omnibns
1743 812 1813 839 suis
1830 809 2102 848 possessionibus
2125 813 2155 840 et
2170 811 2268 849 perti-

1257 865 1379 895 nentiis
1395 865 1427 894 et
1443 864 1543 894 etiam
1571 863 1776 893 ornamentis
1794 862 1926 901 ipsius..
1952 862 2118 893 abbatisse
2139 864 2170 893 et
2193 872 2269 893 con-

1257 917 1371 947 ventui
1402 916 1596 946 monasterii
1633 924 1660 945 s.
1704 915 1874 946 Francisci
1906 915 2105 951 Placentini,
2139 916 2268 946 ordinis

1258 980 1283 1000 s.
1307 969 1477 1005 Damiani,
1498 969 1539 999 ad
1558 969 1745 999 Romanam
1763 968 1937 998 ecclesiam
1959 968 2052 998 nullo
2068 968 2177 999 medio
2194 977 2267 1007 per-

1256 1023 1404 1058 tinentis,
1430 1022 1622 1052 auctoritate
1644 1021 1825 1059 apostolica
1842 1021 2015 1051 conferens
2032 1023 2062 1052 et
2079 1022 2266 1060 assignans,

1256 1075 1348 1114 ipsas
1360 1075 1414 1105 vel
1429 1076 1673 1113 procuratorem
1688 1082 1802 1104 earum
1820 1074 1853 1104 in
1864 1074 2068 1113 corporal==m
2081 1075 2264 1113 possessio-

1258 1137 1334 1159 nem
1351 1128 1573 1167 predictorum
1592 1127 1761 1157 induceret
1777 1128 1807 1156 et
1824 1128 1972 1156 tueretur
1989 1127 2152 1162 inductas,
2171 1127 2268 1157 v.·l›is

1256 1182 1376 1212 amotis
1394 1181 1434 1211 ab
1451 1181 1566 1211 eozlem
1582 1180 1783 1210 monasterio
1809 1190 1835 1209 s.
1862 1180 1947 1210 Sixti
1965 1181 1995 1210 et
2012 1189 2070 1218 per
2083 1181 2147 1210 alia
2164 1180 2267 1210 vestri

1257 1234 1384 1264 ordinis
1407 1233 1609 1263 monasteria
1625 1241 1767 1271 congrue
1789 1232 1969 1263 collocatis.
1998 1233 2267 1263 contradictores

1257 1288 1331 1321 etc.‚
1349 1295 1453 1325 usque
1472 1286 1722 1325 compescendo.
1748 1285 1840 1315 Idem
1862 1294 1939 1315 vero
1955 1286 2143 1324 prepositus
2158 1286 2267 1324 prvfa-

1256 1341 1327 1369 tum
1345 1339 1584 1369 monasterium
1600 1347 1627 1368 ss.
1654 1338 1738 1369 Sixti
1756 1346 1830 1367 cum
1852 1338 1923 1367 suis·
1948 1338 2220 1377 possessionibus
2236 1339 2268 1368 et

1258 1392 1466 1433 pertinentiis
1484 1400 1520 1421 ac
1543 1391 1642 1420 etiam
1665 1391 1879 1425 ornamentis,
1901 1391 2026 1420 eisdem
2047 1391 2213 1421 abbatisse
2237 1392 2269 1421 et

1258 1445 1436 1476 conventui
1462 1443 1600 1474 contulit
1627 1443 1819 1473 auctoritate
1851 1443 2044 1481 hujusmodi
2072 1443 2269 1479 litterarum,

1258 1499 1431 1535 dictusque
1454 1497 1669 1535 predecessor
1697 1504 1890 1534 processum
1910 1495 2017 1534 ipsius
2039 1496 2198 1534 prepositi
2217 1505 2270 1526 ra-

1258 1553 1327 1581 tum
1345 1550 1471 1580 habens
1484 1551 1514 1579 et
1527 1549 1662 1579 firmum
1679 1557 1714 1578 ac
1727 1548 1825 1578 etiam
1842 1548 2031 1586 approbans
2045 1548 2271 1588 supplensque

1259 1603 1424 1633 defectum
1441 1603 1469 1632 si
1487 1602 1562 1641 quis
1586 1602 1621 1631 in
1637 1610 1675 1631 eo
1693 1601 1779 1631 circa
1793 1601 1880 1640 juris
1897 1601 2176 1640 sollempnitatem
2195 1602 2269 1638 fnit,

1260 1657 1298 1686 de
1315 1655 1493 1695 apostolice
1510 1655 1718 1694 plenitudine
1741 1654 1924 1693 potestatis,
1942 1663 2134 1692 processum
2159 1654 2272 1694 ipsum

1260 1709 1452 1739 auctoritate
1489 1708 1671 1747 apostolica
1704 1708 1925 1743 confirmavit.
1963 1707 2147 1738 venerabili
2177 1708 2272 1738 fratri

1261 1763 1396 1792 nostro..
1415 1762 1570 1800 episcopo
1598 1761 1804 1795 Placentino,
1831 1761 1928 1790 dictis
1954 1760 2120 1790 abbatisse
2146 1762 2177 1790 et
2194 1769 2271 1791 con-

1260 1814 1375 1845 ventui
1390 1822 1489 1852 super
1505 1813 1565 1843 hoc
1582 1815 1755 1843 executore
1776 1821 1944 1843 concesso.
1973 1814 2081 1848 Quare
2100 1812 2196 1843 nobis
2213 1813 2271 1842 hu-

1261 1867 1382 1897 militer
1411 1866 1624 1905 supplicastis
1653 1867 1687 1895 ut
1712 1874 1787 1896 cum
1815 1865 2084 1904 prenominatum
2110 1866 2273 1895 monaste-

1262 1921 1347 1950 rium
1364 1922 1525 1953 vestrum,
1545 1919 1754 1949 considerata
1778 1919 1904 1949 malitia
1920 1919 2090 1956 temporis,
2109 1921 2138 1949 et
2158 1918 2272 1949 habito

1261 1972 1410 2010 respectu
1440 1972 1480 2001 ad
1517 1971 1582 2000 alia
1608 1971 1812 2001 monasteria
1842 1971 2035 2001 Placentiae
2065 1971 2209 2001 civitatis
2242 1972 2274 2001 et

1260 2024 1402 2054 diocesis
1420 2024 1451 2053 in
1473 2023 1703 2062 spiriiualibus
1728 2023 1805 2053 ssore
1818 2025 1839 2053 it
1865 2025 1895 2053 ct
1914 2024 2081 2053 habundet
2097 2024 2131 2053 in
2148 2024 2273 2062 tempo-

1262 2077 1399 2111 ralibus,
1416 2076 1591 2115 providere
1608 2076 1703 2106 vobis
1720 2076 1752 2106 in
1770 2076 1830 2106 hac
1846 2078 1938 2114 parte
1959 2078 2095 2114 paterna
2111 2076 2273 2106 sollicitu-

1261 2130 1337 2159 dine
1353 2137 1758 2167 curaremus,processum
1778 2129 1970 2168 hujusmodi
1988 2129 2184 2159 revocando.
2203 2129 2273 2159 Nos

1262 2183 1371 2221 itaque
1396 2182 1601 2212 attendentes
1626 2182 1712 2219 quod
1735 2181 1952 2211 ecclesiarum
1980 2182 2097 2219 prelati
2124 2181 2274 2220 ejusdem

1261 2235 1406 2265 civitatis
1424 2235 1518 2264 nobi<
1536 2243 1636 2273 super
1650 2235 1709 2265 hoc
1725 2243 1877 2272 persnas
1902 2235 2027 2264 litteras
2045 2235 2274 2264 testimonium

1262 2288 1447 2327 perhibent,
1468 2296 1660 2326 processum
1676 2288 1827 2326 jamdicti
1843 2288 2003 2327 prepositi
2022 2297 2122 2327 super
2139 2288 2199 2318 hoc
2215 2287 2274 2317 ha-

1262 2341 1367 2371 bitum
1384 2342 1414 2371 et
1431 2340 1588 2379 quicquid
1605 2349 1644 2370 cx
1661 2349 1698 2370 eo
1713 2342 1863 2371 secutum
1879 2343 1926 2370 est
1943 2341 1996 2370 vel
2012 2341 2053 2370 ol)
2068 2341 2191 2379 ipsum,
2209 2349 2275 2370 non

1263 2394 1411 2424 obstante
1430 2394 1487 2423 tali
1509 2393 1759 2424 confirmatione
1783 2394 1861 2424 dieti
1884 2394 2144 2432 predecessoris,
2163 2395 2275 2424 aucto-

1263 2447 1355 2477 ritate
1374 2446 1555 2485 apostolica
1573 2455 1744 2477 cassamus
1759 2448 1789 2477 et
1816 2447 1988 2476 irritamus
2012 2448 2042 2477 et
2063 2447 2276 2477 decernimus

1263 2500 1389 2530 nullius
1415 2499 1556 2529 existere
1582 2500 1752 2529 firmitatis
1781 2502 1811 2530 et
1841 2500 2048 2538 imponimus
2077 2501 2276 2539 perpetuum

1263 2552 1433 2583 silentium
1450 2560 1549 2591 super
1565 2552 1638 2590 ipso
1653 2553 1853 2583 monasterio
1872 2561 1899 2582 s.
1917 2552 2002 2583 Sixti
2019 2554 2051 2582 et
2064 2552 2276 2592 pertinentiis

1231 2646 1232 2650 Ἰ
1263 2606 1334 2644 ejus
1360 2605 1526 2636 abbatisse
1560 2607 1591 2636 et
1620 2606 1799 2636 conventui
1831 2606 2033 2636 memoratis.
2072 2605 2166 2635 Nulli
2198 2613 2275 2644 ergo

197 2655 350 2692 suggesto
365 2653 488 2683 (ludum
507 2654 613 2684 felicis
638 2653 876 2683 recordationis
900 2653 1087 2683 Alexandro
1108 2663 1200 2693 pape,
1231 2652 1232 2655 ’

1264 2659 1374 2688 nostre
1405 2658 1613 2692 cassationis
1638 2658 1840 2688 visitationis
1872 2660 1903 2688 et
1934 2658 2181 2688 constitutionis
2213 2659 2274 2688 etc.

1264 2711 1386 2741 Datum
1402 2710 1556 2745 Viterbii,
1575 2720 1647 2740 x1111
1666 2711 1827 2741 kalendas
1845 2711 1937 2745 maii,
1956 2719 2042 2740 anno
2059 2711 2098 2741 1⁰.
2118 2722 2132 2737 »

1332 2856 1380 2886 99
1845 2855 1972 2887 Viturbe,
1992 2856 2022 2881 ts
2037 2854 2108 2881 avril
2126 2854 2204 2881 1262.

1301 2935 1402 2962 Abbati
1430 2935 1599 2962 monasterii
1628 2944 1651 2961 s.
1678 2935 1774 2962 Snvini
1804 2935 1962 2962 Placentini
1990 2934 2108 2961 mandat
2133 2937 2274 2969 quatenus
