2547 3289
295 257 334 287 56

293 336 483 367 auctoritate
505 335 618 365 nostra
642 332 833 363 denuntiari
858 330 990 370 publice
1013 331 1144 367 faceret,
1169 333 1203 362 ut
1226 332 1300 371 qui-

293 396 434 426 cumque
459 388 492 417 in
509 386 665 426 predictis
681 394 715 415 se
728 384 932 415 confiderent
949 384 1085 423 aliquod
1096 385 1152 423 jus
1168 384 1300 420 habere,

295 441 382 470 infra
403 440 527 470 certum
553 438 733 468 terminum
758 445 868 467 coram
893 445 932 467 eo
951 439 1192 476 comparerent,
1210 438 1301 476 quic-

293 493 371 531 quid
386 492 511 531 dejure
528 500 588 521 suo
605 490 921 529 vellentproponere
935 491 1113 527 ostensuri„
1127 490 1196 521 illis
1204 499 1304 530 super

293 544 450 584 predictis
463 553 527 574 non
544 543 720 574 audiendis
732 543 771 573 110
783 544 890 574 001010
902 543 959 581 qui
973 543 1006 573 111
1020 543 1148 582 prcfixo
1161 544 1302 574 termino

294 597 419 628 nollent
444 597 498 627 vel
525 597 728 635 negligerent
758 604 960 634 comparere.
990 596 1124 633 Verum,
1152 597 1238 626 sicut
1263 605 1304 627 ex

293 649 383 680 fideli
397 649 555 680 relatione
566 649 685 689 prefati
700 648 862 688 capellani
876 649 1133 688 cognovimus..
1144 649 1303 688 syndicus

292 703 478 733 communis
489 703 723 737 viterbiensis,
735 703 769 732 in
782 701 909 742 prefixo
920 702 1060 732 termino
1075 710 1184 732 coram
1197 702 1302 740 capel-

1332 470 1335 562 “ι

1334 682 1336 714 't

292 755 369 786 lano
383 756 527 794 predicto
544 764 749 794 comparens,
762 755 933 794 proposuit
949 755 1113 794 prefatum
1129 763 1304 785 commune
1334 762 1336 764 ·

294 808 328 838 111
355 808 627 847 possessionibus
652 809 751 838 castri
780 808 908 838 Marthe
930 809 962 838 et
981 807 1136 846 piscariis
1156 807 1305 837 fluminis

294 869 330 891 ac
348 861 382 891 in
397 862 504 891 castro
527 861 692 892 Cornosse
716 862 747 892 ct
768 861 841 890 lacu
858 860 1001 891 vulsene
1019 869 1055 890 ac
1074 868 1188 890 eorum
1204 860 1304 898 perti-

294 914 416 944 nentiis
429 914 485 951 jus
501 913 633 949 habere,
654 922 717 952 que
741 913 852 943 omnia
873 913 936 952 ipsi
959 913 1128 943 communi
1145 913 1304 942 dilectum
1335 918 1337 921 ’

293 967 402 997 filium
427 966 620 1002 Tibuldum,
651 966 759 996 filium
791 967 959 1005 quondam
986 965 1109 995 Manioi
1133 965 1303 1003 Symonis,

293 1019 564 1050 Bartholomeum
588 1020 619 1048 et
640 1018 777 1048 Petrum
800 1019 931 1053 fratres,
949 1018 1039 1048 filios
1059 1017 1138 1048 dicti
1155 1018 1303 1054 Tibuldi,

293 1072 506 1102 Benvennate
525 1073 557 1101 et
579 1071 780 1106 Rammium,
799 1071 906 1101 filium
928 1071 1012 1110 ejus,
1031 1071 1174 1101 asseruit
1191 1071 1305 1100 vendi-

293 1124 395 1159 disse,
419 1132 518 1162 super
542 1123 603 1154 hoc
628 1123 815 1155 exhibendo
840 1124 1010 1162 publicum
1036 1123 1304 1153 instrumentum.

293 1177 453 1207 Nolentes
470 1177 571 1215 igitur
589 1177 759 1207 communi
783 1178 910 1216 prefato
929 1185 965 1207 ac
983 1176 1177 1207 hominibus
1195 1176 1306 1207 Viter-

293 1230 484 1266 biensibus,
511 1230 569 1268 qui
592 1231 670 1260 sunt
697 1230 836 1261 ecclesie
864 1231 1014 1261 Romane
1042 1230 1104 1260 filii
1130 1230 1304 1268 speciales,

294 1283 330 1313 in
340 1283 414 1321 jure
430 1291 489 1313 suo
501 1283 628 1317 deesse,
646 1283 703 1321 qui
720 1291 837 1313 sumus
849 1283 1006 1314 omnibus
1023 1283 1056 1313 in
1069 1283 1201 1322 justitia
1216 1283 1306 1314 debi—

294 1337 394 1370 tores,
414 1335 612 1366 sraternitati
627 1336 681 1366 tue
695 1344 754 1374 per
774 1336 954 1374 apostolica
970 1336 1093 1374 scripta
1107 1335 1306 1366 mandamus

296 1389 458 1427 quatenus
484 1411 503 1418 ..
524 1389 732 1427 potestatem,
750 1389 939 1427 capitaneos
955 1397 992 1419 ac
1008 1397 1185 1419 commune
1200 1389 1307 1428 prefa-

294 1442 365 1471 tum
383 1441 602 1480 peremptorie
617 1440 718 1471 citare
730 1450 900 1479 procures,
916 1441 1049 1472 utinsra
1063 1443 1134 1472 octo
1150 1441 1220 1472 dies
1232 1443 1307 1480 post

296 1494 487 1524 citationem
514 1495 604 1524 tuam
622 1502 680 1532 per
700 1494 877 1532 syndicum
900 1503 959 1524 seu
974 1495 1222 1533 procuratorem
1239 1495 1306 1524 suf—

296 1547 444 1578 ficienter
461 1547 657 1577 instructum
671 1549 881 1585 compareant
892 1556 1002 1577 corani
1015 1547 1123 1581 nobis,
1139 1547 1306 1578 ostensuri

296 1609 396 1639 super
416 1599 590 1638 premissis
609 1599 721 1630 omnia
734 1600 809 1638 jura
829 1608 900 1635 sua,
922 1608 959 1630 ac
976 1600 1124 1631 audituri
1142 1601 1173 1630 et
1194 1609 1304 1640 recep-

294 1653 359 1684 turi
376 1661 476 1692 super
489 1652 615 1683 eisdem
627 1653 715 1691 quod
729 1653 809 1683 ordo
825 1653 999 1683 dictaverit
1014 1653 1166 1688 rationis,
1180 1653 1306 1683 denun-

295 1706 406 1737 tiando
435 1705 588 1740 eosdem,
615 1705 702 1744 quod
731 1714 831 1744 super
855 1706 1014 1745 predictis
1038 1715 1103 1737 0011
1130 1707 1306 1737 audientur

295 1757 335 1787 de
349 1758 468 1793 cetero,
489 1757 516 1787 51
533 1766 643 1788 coram
667 1757 762 1788 1101115
781 1758 816 1788 10
836 1759 962 1797 prefato
978 1760 1119 1790 termino
1137 1760 1306 1791 noluerint

296 1809 349 1840 vel
371 1810 576 1849 neglexerint
597 1819 787 1850 comparere
804 1813 836 1842 et
852 1812 1094 1843 nichilominus
1112 1813 1145 1843 in
1162 1813 1235 1852 ipso
1254 1823 1307 1844 ne-

296 1863 384 1902 gotio
415 1864 644 1902 procedemus,
672 1865 770 1903 prout
794 1865 924 1903 justitia
954 1866 1125 1900 suadebit,
1156 1866 1306 1905 ipsorum

296 1915 446 1946 absentia
469 1925 535 1946 non
559 1916 721 1947 obstante.
748 1917 846 1947 Diem
865 1919 975 1948 autem
997 1918 1165 1949 citationis
1186 1921 1217 1949 et
1239 1919 1306 1949 for-

298 1975 398 2002 mam,
417 1971 447 1998 et
465 1969 625 2007 quicquid
645 1978 745 2008 super
761 1970 935 2008 premissis
953 1970 1088 2001 duxeris
1104 1971 1306 2007 faciendum,

298 2029 355 2060 per
370 2021 626 2051 instrumentum
642 2022 825 2060 publicum,
843 2023 929 2061 1111011
957 2024 1077 2054 exinde
1103 2024 1176 2054 fieri
1194 2025 1306 2059 facias,

298 2081 334 2102 ac
351 2082 409 2112 per
425 2074 496 2103 tuas
519 2073 656 2110 litteras,
673 2074 790 2104 haruin
807 2075 926 2105 seriem
944 2077 1147 2107 continentia
1166 2077 1308 2107 fideliter

299 2125 451 2168 intimare
469 2135 638 2165 procures.
659 2127 781 2157 Datum
797 2128 883 2166 apud
899 2128 1186 2165 Urbemveterem,
1204 2139 1237 2160 111
1252 2130 1307 2160 ka—

298 2178 413 2209 lendas
429 2179 601 2214 sebi-narii,
617 2189 703 2211 anno
720 2181 876 2211 secundo.
899 2193 913 2208 »

795 2348 800 2354 '
844 2356 969 2389 Ort-teto,
984 2357 1018 2382 ς11)
1034 2356 1138 2384 sevrier
1160 2358 1235 2385 1203.

366 2356 438 2387 200

335 2438 373 2465 De
390 2438 488 2465 eodem
511 2441 684 2473 argumento
707 2446 739 2465 ac
760 2439 788 2465 in
807 2440 938 2473 proximu
959 2440 1080 2475 epistola
1105 2441 1308 2469 scribiturrec-

300 2486 353 2513 tori
369 2487 538 2514 Patrimonii
550 2487 576 2513 b.
594 2487 670 2514 Petri
684 2487 712 2514 10
728 2488 839 2517 Tuscia,
856 2489 934 2521 11100.
950 2489 994 2521 27,
1009 2488 1104 2515 s01.52
1118 2498 1156 2522 ro,
1173 2498 1204 2516 no
1219 2492 1254 2523 1.)

339 2618 354 2634 «
376 2606 506 2636 Guidoni
520 2606 554 2636 dc
568 2607 665 2643 pileo,
675 2606 856 2637 subdiacono
868 2613 894 2636 rt
909 2607 1068 2646 capellano
1082 2614 1194 2644 nostro,
1205 2608 1307 2638 Patri-

301 2659 390 2689 monii
411 2659 490 2689 beati
504 2659 589 2689 Petri
608 2660 637 2689 in
655 2660 761 2689 Tuscia
777 2660 897 2689 rectori,
913 2660 997 2691 Cum
1010 2661 1049 2691 ad
1064 2663 1309 2698 nostram‚etc.‚

301 2714 336 2743 ut
351 2721 451 2751 supra
468 2721 572 2751 usque
593 2713 764 2748 1101011005,
784 2713 860 2752 jura
876 2713 1010 2744 illorum
1029 2714 1188 2753 reciperet
1206 2716 1237 2744 et
1253 2724 1308 2744 au-

301 2765 387 2796 diret
404 2765 460 2803 qui
477 2765 510 2795 10
526 2766 684 2804 predictis
696 2775 730 2796 se
740 2766 945 2797 confiderent
959 2766 1093 2806 aliquod
1106 2767 1161 2805 jus
1174 2767 1306 2798 habere.

302 2817 431 2852 Verum,
445 2818 529 2848 sicut
544 2827 584 2849 ex
600 2818 690 2849 fideli
707 2819 865 2849 relatione
877 2820 996 2859 prefati
1011 2819 1174 2858 capellani
1191 2829 1309 2857 cogno-
1339 2842 1341 2847 .

302 2869 423 2906 vimus,
452 2871 548 2901 multi
571 2880 681 2901 coram
696 2872 866 2911 capellano
885 2872 957 2911 ipso
976 2872 1009 2902 in
1026 2873 1149 2911 pretixo
1166 2873 1307 2903 termino

1088 249 1314 285 REGISTRE
1337 244 1551 282 CAMERAL

1364 332 1638 372 possessionibus
1662 332 1763 364 castri
1786 333 1913 364 Marthe
1931 341 1968 363 ac
1982 333 2137 372 piscariis
2154 335 2302 366 fluminis
2319 336 2374 376 J'us

1362 385 1496 422 habere,
1520 394 1631 416 coram
1652 386 1767 417 eodem
1792 386 1963 425 capellano
1979 386 2202 418 instrumenta
2227 390 2258 419 et
2274 390 2373 421 testes

1364 438 1404 468 ad
1419 439 1648 478 probationem
1667 448 1802 469 suorum
1817 439 1946 478 jurium
1964 439 2196 477 producentes.
2213 441 2373 473 Nolentes

1363 491 1465 530 igitur
1478 492 1615 531 prefatis
1627 492 1821 523 hominibus
1836 491 1958 531 injure
1970 500 2030 522 500
2041 492 2169 529 deesse,
2185 494 2243 532 qui
2255 503 2373 526 sumus

1363 545 1520 575 omnibus
1538 546 1709 585 injustitia
1720 545 1897 580 debitores,
1909 545 2228 586 discretionitueper
2243 549 2374 586 aposto-

1363 597 1427 627 lica
1442 598 1564 637 scripta
1581 598 1779 628 mandamus
1792 599 1955 636 quatenus
1969 606 2028 636 per
2044 598 2115 628 loca
2125 599 2373 638 circumposita,

1365 650 1399 680 in
1423 650 1545 688 quibus
1563 651 1687 681 videris
1710 651 1877 690 expedire,
1902 651 2093 681 denuntiari
2109 651 2242 689 publice
2259 652 2374 687 facias,

1363 703 1470 733 citans
1486 712 1612 737 omnes,
1631 704 1832 743 quicumque
1856 704 1889 734 in
1909 704 2066 742 predictis
2082 704 2253 735 confidunt
2269 713 2304 736 se
2319 705 2376 735 ali-

1365 756 1452 794 quod
1473 755 1530 794 jus
1546 756 1678 792 habere,
1696 766 1732 786 ac
1751 765 1806 786 eos
1829 756 1887 795 qui
1904 765 2004 795 super
2024 756 2199 795 premissis
2216 757 2374 788 exhibue-

1365 808 1430 838 rint
1450 808 1527 846 jura
1552 817 1612 839 sua
1633 818 1744 839 coram
1766 809 1938 847 capellano
1962 809 2119 847 predicto⁷
2142 811 2177 839 ut
2198 810 2285 840 infra
2303 811 2375 841 octo

1365 860 1436 890 dies
1459 863 1533 899 post
1559 861 1844 892 denuntiationem
1868 863 1899 892 et
1920 862 2110 892 citationem
2131 864 2222 892 tuam
2244 871 2376 902 compa-

1364 914 1458 943 reant
1482 922 1592 944 coram
1618 914 1726 949 nobis,
1752 915 1918 945 ostensuri
1942 924 2040 954 super
2064 915 2239 954 premissis
2264 915 2377 946 omnia

1361 965 1437 1004 jura
1460 974 1520 996 sua
1543 975 1578 996 ac
1603 967 1749 997 audituri
1774 969 1805 998 et
1828 968 1992 1006 recepturi
2017 976 2118 1007 super
2142 969 2268 999 eisdem
2286 969 2377 1008 quod

1365 1018 1445 1048 ordo
1470 1019 1645 1049 dictaverit
1672 1019 1821 1056 rationis²
1841 1020 1909 1050 illis
1933 1029 2034 1059 super
2057 1021 2215 1059 predictis
2234 1029 2298 1052 11011
2321 1029 2376 1052 au-

1365 1071 1496 1101 diendis
1513 1071 1553 1101 de
1573 1073 1692 1106 cetero,
1707 1072 1764 1110 qui
1779 1072 1812 1102 in
1830 1073 1956 1110 prefixo
1972 1074 2113 1104 termino
2137 1074 2303 1104 noluerint
2322 1074 2376 1105 vel

1366 1124 1572 1162 neglexerint
1598 1132 1799 1163 comparere,
1828 1126 1859 1155 et
1889 1133 1949 1155 nos
1975 1125 2213 1157 nichilominus
2241 1127 2275 1157 in
2302 1127 2376 1166 ipso

1366 1177 1497 1216 negotio
1520 1178 1750 1216 procedemus,
1774 1179 1872 1215 prout
1891 1178 2023 1217 justitia
2044 1179 2207 1215 suadebit,
2227 1180 2376 1218 ipsorum

1336 1236 1337 1265 ζ
1366 1230 1518 1260 absentia
1535 1239 1601 1260 non
1618 1229 1779 1260 obstante.
1800 1230 1899 1261 Diem
1918 1233 2039 1266 autem,
2054 1233 2126 1265 etc..
2146 1241 2250 1270 usque
2269 1233 2376 1263 immi·

302 2924 541 2962 comparentes,
573 2926 815 2964 proposuerunt
840 2933 875 2955 se
901 2925 935 2956 in
959 2925 1126 2961 domibus,
1150 2925 1248 2956 terris
1277 2927 1307 2956 et
1339 2946 1341 2951 -

1366 1291 1445 1313 nare
1463 1283 1526 1321 (sic)
1542 1284 1548 1300 ¹
1567 1291 1737 1321 procures.
1749 1283 1871 1313 Datum
1889 1283 1976 1322 apud
1994 1283 2376 1321 Urbemveterenhska-

1366 1335 1482 1367 lendas
1497 1336 1620 1372 martii,
1636 1345 1722 1366 anno
1738 1336 1895 1367 secundo.
1916 1349 1931 1364 »

1434 1493 1503 1524 201

1913 1492 2037 1524 Orvieto,
2059 1494 2087 1519 17
2106 1493 2213 1520 fevrier
2231 1494 2308 1521 ¹263.

1400 1575 1501 1602 Eidem
1524 1576 1643 1602 mandat
1664 1576 1794 1603 inhibeat
1810 1578 1841 1603 ut
1861 1576 1958 1603 nullus
1977 1576 2010 1603 de
2030 1576 2115 1603 domo
2132 1578 2278 1612 quondam
2296 1585 2380 1612 prae-

1366 1624 1432 1651 fecti
1458 1624 1542 1651 Urbis
1552 1624 1599 1660 jus
1617 1625 1815 1659 praefecturae
1833 1633 1883 1659 per
1898 1625 2059 1652 cessionem
2076 1626 2117 1652 vel
2131 1626 2203 1653 alias
2219 1626 2376 1661 quomodo·

1365 1672 1435 1700 libet
1452 1673 1479 1700 in
1502 1673 1641 1701 rebellem
1665 1675 1825 1701 transferre
1847 1676 2027 1709 praesumat.
2046 1675 2128 1709 (ch.
2151 1676 2196 1708 27,
2212 1674 2262 1702 fol.
2284 1677 2317 1702 52
2336 1684 2382 1707 vo,

1365 1730 1398 1748 no
1414 1723 1453 1755 2.)

1406 1828 1422 1843 «
1438 1815 1560 1846 Eidem.
1578 1816 1695 1846 Inclite
1711 1815 1952 1846 recordationis
1969 1839 1988 1845 ..
2005 1816 2151 1855 prefecto
2164 1816 2278 1853 Urbis,
2289 1816 2381 1848 viam

1366 1878 1484 1908 nuper,
1503 1869 1589 1899 sicut
1607 1869 1807 1907 accepimus,
1823 1869 1980 1899 universe
1997 1869 2108 1899 carnis
2130 1869 2293 1908 ingresso,
2310 1877 2382 1908 pre-

1367 1922 1511 1952 sentium
1540 1921 1599 1951 tibi
1623 1921 1815 1951 auctoritate
1842 1921 2040 1951 mandamus
2071 1921 2242 1960 quatinus,
2268 1922 2380 1952 statim

1367 1975 1507 2013 receptis
1529 1973 1752 2013 presentibus,
1779 1973 1842 2003 sub
1864 1982 1950 2012 pena
1967 1975 2322 2005 excommunicationis
2337 1982 2380 2005 ex

1366 2030 1458 2067 parte
1483 2028 1595 2058 nostra
1622 2027 1769 2057 districte
1795 2027 1948 2057 inhibeas
1976 2029 2005 2057 et
2032 2027 2175 2058 inhiberi
2193 2028 2297 2058 facias
2319 2036 2380 2067 per

1367 2082 1437 2112 loca
1449 2081 1696 2119 circumposita,
1714 2080 1748 2110 in
1761 2080 1883 2118 quibus
1898 2080 2024 2110 videris
2035 2080 2202 2119 expedire,
2216 2083 2253 2111 ut
2265 2081 2380 2112 nullus

1367 2134 1406 2164 de
1431 2134 1528 2164 1101110
1554 2142 1613 2163 500
1638 2141 1757 2171 genere
1780 2133 1888 2172 ipsius
1904 2133 2052 2171 prefecti,
2071 2133 2112 2163 ad
2133 2141 2231 2177 quem
2257 2134 2382 2172 spec-tet

1367 2187 1421 2217 vel
1435 2188 1582 2226 spectare
1598 2186 1772 2225 possetjus
1788 2185 1980 2225 hujusmodi
1994 2187 2256 2225 p1·esecture,Jus
2268 2187 2381 2225 ipsum

1367 2249 1426 2279 per
1435 2240 1620 2270 cessionem
1633 2239 1685 2269 vel
1699 2239 1782 2269 alias
1793 2239 2041 2278 quomodolibet
2051 2239 2083 2269 in
2093 2239 2239 2277 aliquem
2251 2247 2382 2270 excom-

1369 2293 1586 2329 municatum,
1610 2292 1780 2322 infidelem
1803 2300 1862 2322 seu
1887 2292 2080 2322 indevotum
2104 2292 2176 2322 sedi
2200 2293 2381 2331 apostolice

1369 2347 1422 2376 vel
1436 2346 1594 2376 rebellem
1607 2345 1787 2376 transferre
1797 2346 1978 2384 presumat,
1994 2353 2069 2374 cum
2085 2353 2147 2375 nos
2163 2345 2203 2375 ad
2217 2353 2316 2384 quem
2323 2345 2381 2385 jus

1368 2399 1478 2438 ipsum
1497 2399 1670 2437 pertineat,
1687 2406 1885 2437 cognoscere
1902 2397 2123 2428 intendamus,
2137 2398 2209 2428 Nos
2221 2398 2312 2429 enim
2324 2406 2379 2429 ex-

1370 2461 1456 2482 nunc
1478 2452 1663 2482 cessionem
1689 2460 1748 2481 seu
1772 2450 2025 2481 translationem
2044 2451 2132 2490 juris
2153 2451 2324 2490 ejusdem,
2351 2451 2380 2482 si

1369 2513 1469 2544 quam
1483 2504 1633 2543 presumi
1649 2503 1864 2542 contingeret,
1884 2502 2012 2533 irritam
2029 2503 2239 2534 decernimus
2255 2505 2287 2534 et
2302 2503 2379 2534 nul-

1368 2558 1435 2588 lius
1457 2557 1599 2587 existere
1626 2555 1804 2586 firmitatis.
1831 2555 1953 2586 Datum
1980 2556 2068 2595 apud
2090 2555 2378 2592 Urbemveterem,

1368 2619 1427 2640 xm
1447 2609 1607 2639 kalendas
1624 2608 1752 2644 marcii,
1770 2617 1857 2639 anno
1875 2608 2032 2639 secundo.
2050 2620 2066 2636 n

1437 2765 1510 2797 202
1913 2764 2036 2797 Orvieto,
2059 2765 2088 2791 19
2100 2763 2213 2798 jam-ier
2231 2764 2307 2791 ¹263.

1405 2849 1606 2876 Venditiouem
1628 2849 1720 2876 Casiri
1746 2849 1870 2876 Fulliaui
1892 2849 1998 2876 nullius
2019 2848 2142 2875 existere
2162 2847 2311 2875 firmitatis
2331 2848 2379 2875 de-

1405 2934 1424 2957 1.
1440 2933 1480 2958 On
1497 2940 1512 2957 a
1526 2933 1612 2957 ventu
1629 2932 1717 2957 eci-iro
1732 2933 1864 2957 intimare.
