2547 3289
1047 245 1288 283 TROIsIEME
1311 244 1473 281 ANNEE.
2244 249 2299 277 261

216 340 489 370 Humanatenses
508 338 630 368 habere
650 338 683 367 in
702 337 850 375 predicto
867 338 976 366 castro
992 338 1023 366 et
1038 336 1110 374 ejus
1130 336 1230 374 perti-

216 393 342 423 nentiis
364 393 622 427 consueverant,
641 392 717 421 ante
737 399 837 429 quam
857 390 896 419 ad
919 390 1001 419 illud
1027 389 1232 428 episcopalis

216 446 365 485 dignitas
385 445 637 479 transferretur,
653 444 780 474 eisdem
792 443 951 481 episcopo
964 445 993 472 et
1010 443 1150 472 ecclesie
1166 442 1231 471 Hu-

217 498 485 534 manatensilms,
506 498 546 527 de
566 497 718 535 ipsorum
743 497 884 526 fratrum
906 495 1047 525 consilio
1071 497 1102 524 et
1124 496 1233 533 potes-

215 554 283 583 tate
302 551 466 590 predicta,
491 551 642 589 plenarie
676 549 915 580 restituimus:
948 549 992 578 ita
1023 548 1112 586 quod
1143 548 1230 577 idem

218 607 366 635 castrum
385 606 417 634 et
437 604 509 643 ejus
533 603 688 633 homines
712 603 752 631 de
779 602 929 640 predivta
958 601 1085 630 diocesi
1108 601 1234 630 Huma-

217 658 349 688 natensi
363 657 569 691 omnimode,
584 658 680 694 prout
700 656 831 684 fuerant
849 655 889 684 ab
908 655 1058 692 antiquo,
1071 654 1230 683 existant.

217 711 312 742 Nulli
336 718 413 748 ergo
434 712 548 739 nostre
573 708 802 738 restitutionis
827 710 889 737 etc.
915 708 1038 737 Datum
1062 707 1149 745 apud
1175 707 1233 736 [Tr-

219 764 458 797 bemveterem,
478 771 513 791 111
535 762 611 791 idus
628 761 754 796 martii,
776 769 861 790 anno
880 760 948 789 1110.
978 770 991 787 »

712 944 836 969 Orvicto.
853 945 886 970 27
904 944 1067 977 sumtcmbre
1086 945 1159 971 1253.

307 948 380 979 525

254 1031 384 1058 Fratrem
401 1029 562 1056 Johannem
586 1029 620 1055 dc
638 1027 807 1062 Colopardo,
832 1028 1006 1054 monachum
1032 1028 1232 1054 Cistcrcicnsis

218 1080 338 1111 ordinis,
367 1078 522 1106 Bitcctcnsi
551 1077 681 1112 praeficit
707 1077 858 1104 ccclesiae.
887 1078 967 1111 titas..
994 1078 1038 1108 28,
1063 1076 1165 1104 s01.3s
1189 1082 1231 1109 v0,

216 1137 283 1156 ann.
303 1129 347 1159 ΙΙΙ,
363 1133 394 1154 n⁰
413 1128 485 1162 128.)

255 1244 269 1262 ι(
289 1232 397 1262 Fratri
421 1232 557 1261 „Iohanni
581 1231 617 1261 de
645 1231 832 1271 Colopurdo,
853 1232 1000 1261 monacho
1024 1232 1233 1262 Cistercz'ensz's

215 1286 345 1322 ordinis,
372 1287 466 1315 electo
490 1285 666 1315 Biceccensz'.
692 1285 852 1315 Debitum
879 1285 986 1316 nostri
1015 1286 1158 1324 requirit
1180 1304 1229 1316 —.

215 1340 301 1371 Sane
341 1339 523 1370 Bitectensi
557 1339 700 1369 ecclesia
739 1347 844 1376 nuper
880 1348 939 1377 per
973 1339 1231 1370 translationem

214 1392 422 1423 venerabilis
447 1392 564 1422 fratris
591 1392 699 1422 nostri
730 1393 778 1427 1⁴1,
800 1392 1056 1423 Terracinensis
1082 1395 1159 1423 tunc
1179 1394 1233 1424 Bi-

214 1446 376 1477 tectensis
401 1445 564 1484 episcopi,
590 1445 631 1475 ad
656 1445 934 1475 Terracinensem
963 1446 1140 1476 ecclesiam
1170 1447 1233 1477 fac-

215 1501 296 1535 tam,
326 1499 475 1538 pastoris
511 1499 632 1529 solatio
663 1499 840 1535 destituta,
869 1507 930 1528 nos
960 1500 1113 1529 nolentes
1145 1500 1233 1538 quod

218 1553 336 1583 eadem
362 1552 505 1582 ecclesia
523 1553 650 1591 gravia,
670 1561 711 1581 ex
728 1552 903 1581 vacatione
920 1552 1063 1588 diutina,
1083 1553 1116 1582 in
1135 1554 1232 1591 spiri-

214 1605 367 1636 tualibus
390 1607 421 1635 et
452 1605 699 1644 temporalibus
729 1605 848 1635 subeat
880 1606 1094 1641 detrimenta,
1127 1608 1170 1641 te,
1193 1607 1232 1636 de

216 1659 312 1697 cujus
326 1659 467 1697 provida
485 1659 788 1696 circumspectione
806 1668 842 1688 ac
860 1659 1075 1697 providentia
1092 1659 1233 1689 circum-

218 1714 332 1751 specta
352 1711 523 1742 laudabile
545 1711 644 1741 nobis
664 1721 682 1742 a
704 1711 884 1749 fidcdignis
906 1714 937 1741 et
962 1712 1061 1741 bonis
1078 1713 1234 1750 personis

216 1765 453 1795 testimonium
476 1764 682 1803 perhibetur,
711 1765 859 1803 predicte
885 1765 1068 1795 Bitectensi
1093 1766 1233 1796 ecclesie

217 1818 256 1848 de
292 1816 477 1856 apostolice
515 1818 695 1857 potestatis
722 1818 933 1857 plenitudine
970 1819 1005 1848 in
1037 1819 1233 1857 episcopum

216 1872 423 1910 prefecimus
442 1873 473 1901 et
492 1873 676 1910 pastorem,
698 1873 873 1910 sperantes
891 1872 981 1910 quod
997 1872 1113 1902 eadem
1134 1872 1235 1902 eccle-

217 1925 268 1954 sia
292 1924 355 1954 sub
374 1926 431 1954 tuo
458 1924 622 1963 regimine
647 1924 892 1959 laudabilibus,
915 1927 1049 1955 auctore
1074 1925 1231 1961 Domino,

216 1979 285 2008 tarn
315 1978 348 2007 in
385 1977 625 2016 spiritualibus
659 1987 759 2016 quam
800 1978 1047 2016 temporalibus
1082 1979 1234 2017 proficiet

216 2031 448 2061 incrementis.
463 2031 610 2070 Ideoque
624 2031 826 2061 mandamus
842 2034 1021 2070 quatenus,
1035 2031 1233 2070 impositum

217 2093 236 2114 a
248 2084 395 2114 Domino
410 2084 473 2114 tibi
489 2093 574 2114 onus
592 2087 748 2123 prompta
760 2089 872 2114 mente
887 2085 1091 2123 suscipiens,
1107 2084 1232 2121 taliter,

217 2139 352 2168 auctore
369 2138 450 2172 Deo,
475 2138 662 2176 predictam
681 2138 859 2168 ecclesiam
881 2139 1018 2168 studeas
1034 2137 1234 2177 gubernare,

217 2192 254 2220 ut
277 2190 413 2229 dignam
438 2191 477 2220 de
502 2190 682 2220 animabus
704 2192 760 2221 tue
788 2200 866 2221 cure
895 2191 1101 2227 commissis,
1122 2192 1235 2230 possis

218 2243 400 2274 Altissimo
416 2244 554 2274 reddere
570 2244 748 2279 rationem,
766 2253 895 2283 nosque
912 2245 1064 2274 videntes
1081 2246 1234 2275 nostrum

219 2296 308 2326 circa
338 2298 370 2326 te
396 2305 462 2326 non
488 2297 595 2327 fuisse
620 2297 786 2336 judicium
813 2297 1094 2334 circumventum,
1124 2298 1235 2336 provi-

220 2349 370 2380 dentiam
390 2351 483 2380 tuam
498 2350 610 2389 dignis
627 2351 661 2380 in
679 2351 825 2380 Domino
844 2351 1002 2380 laudibus
1022 2351 1235 2386 attollamus;

219 2403 356 2441 proviso
382 2411 423 2433 ne
448 2403 482 2432 in
504 2404 691 2442 predictam
713 2404 941 2434 Bitectensem
970 2404 1150 2434 ecclesiam
1177 2413 1237 2443 per

220 2455 446 2491 Manfredum,
458 2457 626 2494 quondam
644 2457 831 2495 principem
847 2457 1086 2493 'l'aventinmm
1104 2466 1163 2487 seu
1179 2466 1237 2496 per

221 2508 307 2538 offici
323 2508 384 2538 iles
401 2511 458 2539 aut
482 2509 630 2540 fautores
657 2509 779 2548 ipsius,
804 2518 863 2539 seu
883 2510 921 2540 de
943 2519 1059 2540 eorum
1077 2511 1236 2541 mandato

218 2561 272 2592 vel
290 2562 415 2597 favore,
438 2570 497 2600 per
513 2562 713 2601 electionem
729 2562 782 2592 vel
800 2563 1064 2600 postulationem
1078 2565 1136 2593 aut
1150 2564 1236 2594 alias

221 2614 459 2653 quoquomodo
479 2616 511 2644 te
531 2614 651 2644 feceris
670 2617 726 2644 aut
744 2624 867 2653 passus
888 2616 994 2646 fueris
1012 2617 1065 2646 vel
1081 2625 1236 2655 procura-

220 2667 268 2697 ris
296 2667 438 2701 intrudi,
465 2676 525 2697 seu
556 2668 666 2706 ipsius
696 2668 836 2698 ecclesie
864 2669 1195 2699 administrationem
1219 2679 1237 2699 a

220 2720 385 2760 predictis
400 2720 573 2750 Manfredo
592 2721 645 2750 vel
662 2720 867 2750 officialibus
884 2724 939 2751 aut
957 2722 1158 2758 fautoribus,
1177 2730 1236 2752 seu

223 2773 264 2804 ab
276 2773 343 2804 alio
361 2782 573 2812 (precumque
588 2773 769 2812 receperis,
785 2774 857 2803 sine
870 2775 1018 2812 predicte
1036 2776 1128 2805 sedis
1145 2784 1236 2805 raan-

222 2827 299 2857 dato
320 2827 371 2857 vel
389 2827 527 2857 licentia
545 2826 696 2865 speciali.
717 2827 786 2857 Nos
806 2836 896 2865 ergo,
916 2828 944 2857 si
964 2828 1023 2857 hec
1041 2829 1092 2858 vel
1116 2829 1235 2858 horum

221 2880 352 2919 aliquid
369 2880 480 2910 fecisti
499 2880 568 2918 jam
588 2880 641 2910 vel
659 2880 692 2909 in
719 2882 893 2917 posterum
911 2880 1043 2917 seceris,
1070 2881 1235 2920 provisio-

221 2940 299 2963 nem
315 2932 511 2972 hujusmodi
527 2932 656 2962 nullius
671 2932 817 2962 existere
830 2932 1014 2968 firmitatis,
1028 2935 1127 2972 teque
1139 2934 1237 2972 penis

1295 336 1324 364 in
1339 337 1451 365 nostro
1465 337 1490 364 et
1512 334 1620 363 felicis
1641 331 2182 369 recordatizinisAlexandripape,
2199 332 2301 360 nostri

1293 387 1557 427 predecessoris,
1572 386 1788 425 processibus
1802 387 1917 415 contra
1929 385 2015 415 tales
2028 384 2142 419 editis,
2155 385 2303 413 decerni—

1294 451 1369 471 mus
1387 440 1572 479 subjavero.
1590 441 1708 469 Datum
1727 440 1814 478 apud
1831 438 2118 471 Ijrbemvetcrcm,
2139 447 2174 465 111
2192 437 2305 466 kalen-

1293 495 1352 524 das
1373 494 1532 527 ochibi-is,
1548 502 1634 522 anno
1653 493 1720 522 111⁸.
1744 506 1758 518 »

1335 596 1370 625 [n
1388 606 1414 625 c.
1438 604 1480 625 m.
1502 595 1649 633 capitulo
1674 595 1866 624 tssitectensi.
1891 594 2050 624 Debitum
2070 593 2175 623 nostri
2195 593 2306 631 requi-

1294 649 1334 678 rit
1349 649 1448 678 ot‘ticii
1465 650 1527 677 μιν.
1544 656 1649 686 usque
1660 648 1861 677 d<trimenta
1874 647 2014 679 subiret,
2027 647 2186 676 dilectum
2197 646 2303 675 tilium

1295 702 1431 731 fratrem
1456 702 1641 730 .loli;11111e111
1670 701 1709 730 de
1734 701 1934 738 (Jolopardo,
1965 700 2108 729 electum
2141 699 2305 729 imm-ten-

1294 764 1380 787 sem,
1417 758 1492 784 nnn·
1528 754 1726 783 monachum
1761 754 1957 782 numasterii
1986 754 2024 782 de
2055 752 2304 785 Marmossolio,

1294 807 1532 837 (sslisterciensis
1559 807 1699 840 ordinis,
1723 807 1832 835 virum
1858 807 1973 844 utique
2004 806 2202 839 litteratum,
2231 805 2306 835 reli-

1293 861 1390 898 gione
1415 860 1646 897 ‹mnspicunnn
1680 860 1711 888 in
1735 858 1973 897 s111iritualibus
2000 861 2029 888 et
2061 858 2307 896 teuqmralilms

1294 913 1588 950 circumspectum,
1615 912 1762 950 predicte
1790 912 1971 941 llitevtensi
2003 912 2144 941 ecclesie
2167 911 2198 940 in
2222 911 2307 948 cpis-

1295 975 1413 1004 copum
1433 965 1638 1004 prefecimus
1660 967 1690 994 et
1708 966 1879 1003 pastorem
1897 967 1972 999 etc.,
2000 973 2105 1002 usque
2125 965 2307 993 incremen-

1295 1019 1349 1049 tis.
1375 1019 1519 1056 ldeoque
1545 1018 1758 1048 universitati
1788 1020 1897 1047 vestre
1921 1017 2121 1047 mandamus
2146 1018 2308 1055 quatinus

1296 1072 1436 1101 eundem
1455 1072 1610 1101 electum,
1630 1071 1812 1100 dummodo
1831 1071 1864 1100 in
1880 1071 2027 1108 predicta
2045 1070 2185 1100 ecclesia
2204 1071 2306 1100 intru-

1295 1134 1354 1154 sus
1378 1134 1442 1154 non
1464 1124 1563 1154 fuerit
1594 1133 1651 1162 per
1680 1124 1904 1157 Mant'redum,
1930 1124 2098 1162 quondam
2118 1124 2306 1161 principem

1295 1178 1528 1211 Tarentinum,
1540 1178 1679 1216 ejusque
1694 1177 1857 1206 officiales
1871 1180 1901 1206 et
1923 1177 2083 1211 fautores,
2094 1178 2208 1206 contra
2225 1176 2308 1205 inlli-

1293 1231 1457 1261 bitionem
1476 1231 1586 1261 felicis
1610 1231 1854 1260 recordationis
1878 1230 2064 1259 Alexandri
2086 1238 2181 1267 pape,
2202 1229 2309 1259 nostri

1294 1284 1558 1322 predecessoris
1578 1286 1611 1314 et
1633 1285 1795 1317 nostram,
1818 1286 1979 1322 tanquam
1997 1285 2127 1321 patrem
2149 1285 2179 1312 et
2200 1284 2309 1320 pasto-

1294 1346 1365 1368 rem
1393 1338 1583 1367 animarum
1614 1338 1804 1367 vestrarum
1829 1337 1946 1366 devote
1972 1336 2207 1374 suscipientes,
2236 1337 2310 1365 obe-

1294 1391 1457 1421 dientiam
1475 1391 1503 1421 ei
1524 1392 1554 1420 et
1571 1391 1796 1420 reverentiam
1810 1389 2185 1428 debitamimpendatis,
2201 1389 2310 1427 ipsius

1294 1444 1433 1474 monitis
1451 1445 1483 1474 et
1500 1444 1669 1474 mandatis
1688 1443 1884 1473 salubribus
1899 1443 2073 1472 humiliter
2091 1442 2307 1472 intendendo.

1295 1497 1455 1536 Alioquin
1474 1497 1689 1528 sententiam,
1707 1506 1809 1535 quam
1827 1497 1916 1526 idem
1931 1496 1994 1526 rite
2012 1496 2129 1525 tulerit
2149 1495 2181 1524 in
2202 1494 2308 1525 rebel-

1294 1551 1344 1580 les
1361 1553 1422 1581 etc.
1443 1551 1566 1581 Datum
1586 1553 1621 1581 ut
1642 1559 1756 1589 supra.

1334 1605 1371 1634 In
1391 1613 1419 1633 e.
1436 1613 1478 1634 m.
1501 1604 1589 1633 clero
1609 1604 1757 1633 civitatis
1772 1605 1804 1633 et
1822 1602 1967 1632 diocesis
1982 1601 2235 1632 Bitectensium.

1386 1764 1459 1794 52ss
1782 1760 1906 1787 Orvictov
1925 1760 1956 1785 ‘¹7
1975 1759 2139 1793 septembre
2160 1759 2234 1785 1204.

1331 1844 1540 1876 Terracincrisi,
1561 1844 1679 1877 signino
1693 1846 1719 1870 et
1737 1844 1872 1869 Fundano
1891 1843 2032 1877 episcopis
2051 1843 2167 1868 mandat
2181 1845 2208 1867 ut
2229 1842 2309 1869 fratri

1294 1895 1415 1922 Johanni
1431 1895 1466 1920 dc
1484 1893 1654 1927 Colopardo,
1667 1894 1758 1919 electo
1776 1892 1943 1919 Bitectcnsi,
1963 1899 2067 1917 munus
2084 1891 2310 1917 consecrationis

1295 1944 1473 1978 impendant.
1492 1942 1569 1977 (Rau.
1592 1944 1636 1969 28.
1657 1941 1703 1967 fol.
1721 1943 1764 1968 35³.
1781 1949 1847 1967 ann.
1864 1940 1910 1969 ΙΙΙ,
1927 1945 1958 1966 11ο
1977 1940 2050 1973 129.)

1337 2042 1351 2060 ι(
1365 2056 1384 2061 ..
1408 2027 2039 2067 Te›·1·acinmzsi,..&mammet..Fundano
2049 2028 2212 2067 episcopis.
2228 2028 2312 2058 Cum

1296 2093 1358 2115 nos
1372 2084 1532 2114 dilectum
1553 2083 1672 2118 tilium,
1693 2082 1830 2112 fratrem
1848 2082 2035 2112 Johannem
2053 2082 2093 2111 de
2111 2081 2311 2119 tiolopardo,

1297 2137 1535 2169 Cisterciensis
1565 2136 1707 2171 ordinis,
1740 2135 1883 2165 electum
1915 2136 2153 2169 Bitectensem,
2173 2134 2314 2164 ecclesie

1297 2190 1494 2226 Bitectensi,
1507 2192 1586 2220 tunc
1605 2188 1747 2223 vacanti,
1763 2189 1802 2217 de
1819 2188 2003 2226 apostolice
2017 2188 2197 2226 potestatis
2211 2187 2314 2225 pleni-

1297 2245 1426 2279 tudine,
1447 2244 1481 2273 in
1505 2243 1704 2281 episcopum
1722 2242 1965 2280 pret'ecerimus
1983 2243 2014 2271 et
2037 2244 2221 2279 pastorem,
2250 2240 2314 2269 fra-

1297 2297 1449 2328 ternitati
1481 2297 1591 2326 vestre
1620 2295 1822 2324 mandamus
1856 2295 2016 2332 quatinus
2050 2294 2158 2323 eidem
2195 2294 2314 2329 electo,

1298 2351 1480 2380 dummodo
1501 2350 1534 2379 in
1556 2348 1705 2387 predicta
1729 2347 1871 2377 ecclesia
1893 2356 1952 2385 per
1969 2347 2192 2379 Mant'redum,
2208 2355 2315 2384 rquon-

1299 2405 1376 2434 dam
1407 2404 1595 2442 principem
1625 2401 1858 2434 Tarentimun,
1892 2409 1951 2430 seu
1983 2408 2043 2438 per
2078 2400 2227 2429 fautores
2255 2402 2314 2429 aut.

1299 2457 1464 2488 officiales
1482 2456 1604 2494 ipsius
1630 2456 1686 2484 aut
1705 2463 1821 2484 eorum
1851 2454 1963 2483 favore
1984 2453 2035 2483 vel
2054 2453 2224 2488 mandato,
2254 2461 2313 2491 per

1299 2510 1498 2541 electionem
1524 2509 1576 2538 vel
1602 2507 1879 2546 postulationem,
1909 2508 1965 2536 aut
1990 2506 2055 2536 alio
2078 2506 2314 2544 quoquomodo

1299 2573 1335 2594 se
1353 2572 1419 2594 non
1444 2562 1561 2592 fecerit
1584 2569 1643 2590 nec
1666 2569 1789 2599 passus
1810 2559 1910 2589 fuerit
1936 2559 1988 2589 vel
2014 2559 2247 2598 procuraverit
2267 2559 2316 2588 in-

1300 2617 1403 2650 trudi,
1433 2624 1492 2645 seu
1518 2613 1849 2644 administrationem
1881 2613 2030 2651 eJusdem
2060 2612 2201 2642 ecclesie
2227 2621 2315 2642 rece-

1298 2670 1386 2709 perit
1416 2668 1456 2698 ab
1489 2667 1633 2700 eisdem,
1668 2666 1867 2696 auctoritate
1900 2668 2015 2695 nostra
2048 2666 2315 2695 consecrationis

1299 2731 1422 2752 munus
1444 2720 1631 2751 liberaliter
1656 2718 1871 2757 impendatis.
1892 2719 2061 2748 Nolumus
2087 2720 2199 2748 autem
2226 2719 2315 2757 quod

1298 2784 1339 2805 ex
1363 2775 1423 2804 hoc
1443 2775 1477 2803 in
1497 2775 1669 2811 posterum
1695 2772 1833 2802 Barensi
1854 2771 2007 2807 ecclesie,
2024 2772 2077 2802 cui
2096 2771 2185 2801 dicta
2208 2772 2315 2801 Bitec-

1298 2828 1405 2858 tensis
1436 2826 1684 2864 metropolitico
1715 2827 1766 2855 est
1793 2825 1868 2863 jure
1894 2824 2056 2863 subjecta,
2090 2825 2314 2863 preJ'udicium

1298 2882 1486 2919 generetur.
1516 2879 1640 2908 Datum
1665 2878 1755 2916 apud
1776 2877 2062 2912 [rbemveterenn
2089 2887 2124 2907 111
2151 2877 2314 2908 kalendas

1300 2932 1462 2967 octobrisr
1481 2940 1566 2962 anno
1584 2931 1655 2961 1110.
1676 2941 1690 2960 n
