2547 3289
1084 260 1323 298 TROISIEME
1344 260 1507 297 ANNEE.

249 352 302 382 nis
328 353 554 384 invalescente
579 353 741 392 potentia,
761 353 827 383 hiis
844 352 963 383 diebus
980 352 1154 391 afssigitur‚
1176 352 1256 390 Aga-

249 414 406 436 renorum
430 415 562 445 quoque
580 406 721 436 hostiles
739 406 907 441 incursus,
927 405 1051 444 quibus
1067 405 1260 435 indesinen-
1291 413 1292 433 ς

248 460 298 488 ter
338 459 609 489 Christianorum
638 459 793 497 reliquie,
823 459 855 488 in
887 458 1047 497 predictis
1072 458 1260 487 existentes

248 510 414 548 partibus,
427 509 659 546 molestantur,
672 510 777 540 tlebili
794 510 890 539 nobis
905 511 935 539 et
952 509 1115 539 fratribus
1132 508 1259 538 nostris

250 563 412 593 relatione
439 566 630 599 narrarunt,
662 564 785 593 mentis
804 565 917 593 nostre
936 562 1086 595 vulnera,
1105 570 1168 600 que
1188 570 1261 600 pre-
1289 581 1290 587 1

252 616 403 646 cedentia
422 616 460 645 de
487 615 661 648 doloribus
683 618 712 646 et
732 615 923 645 meroribus
946 615 1054 653 ipsius
1070 617 1157 645 terre
1175 623 1260 644 nova

249 668 439 698 visceribus
464 669 590 698 nostris
608 668 813 698 inflixerant.
833 668 965 697 iteratis
981 676 1153 697 rumorum
1169 667 1259 706 jacu-
1288 673 1290 692 ῑ

249 721 293 751 lis
321 723 547 756 cruentantes,
575 730 611 751 ac
635 721 732 751 nobis
760 720 991 759 supplicantes
1022 720 1196 749 lmmiliter
1212 722 1256 756 ut,

247 782 323 804 cum
334 774 443 804 dictus
461 774 635 809 soldanus,
654 774 710 812 qui
723 774 763 803 ad
779 773 1018 803 exterminium
1031 773 1259 811 predictorum

248 827 518 858 Christianorum
560 827 727 856 ferventer
758 825 902 862 anhelat,
931 826 1129 855 advemente
1170 826 1259 855 veris
1289 843 1290 850 1

247 881 410 918 tempore,
426 888 491 918 quo
508 888 603 918 reges
620 881 652 909 et.
667 879 838 918 principes
858 880 1106 908 consueverunt
1120 879 1160 908 ad
1170 877 1259 908 bella

247 933 440 971 procedere,
457 932 618 968 intendat,
638 932 791 962 conflatis
811 934 841 961 et
860 931 1014 961 collectis
1036 931 1184 969 undique
1206 931 1258 960 sui

248 985 379 1015 viribus
405 987 609 1024 potentatus,
638 985 809 1015 hostiliter
836 985 965 1023 ingredi
985 986 1015 1014 et
1038 984 1173 1023 aggredi
1192 987 1259 1013 ter—

246 1045 318 1067 ram
336 1038 447 1076 ipsam
468 1046 634 1076 suumque
655 1038 686 1067 in
704 1037 763 1067 illa
781 1045 938 1067 exercere
956 1036 1116 1069 furorem,
1140 1035 1259 1065 subve-

247 1091 318 1120 nire
336 1090 402 1129 ipsi
428 1093 516 1121 terre
535 1091 574 1120 de
592 1091 693 1120 celeri
721 1091 752 1120 et
776 1092 941 1128 oportuno
960 1089 1108 1119 remedio
1128 1090 1260 1127 aposto—

247 1143 312 1173 lica
340 1143 569 1174 sollicitudine
588 1152 795 1174 curaremus.
816 1143 886 1173 Nos
909 1144 1032 1178 autem,
1052 1142 1131 1180 quia
1144 1141 1260 1181 hujus-

248 1197 336 1226 modi
386 1197 505 1227 relatio
549 1197 656 1227 nostri
698 1196 809 1226 cordis
851 1195 971 1226 intima
1016 1195 1083 1226 telo
1127 1195 1260 1225 letifero

250 1250 446 1288 perforavit,
475 1251 654 1289 exquirere
683 1250 835 1289 cepimus
859 1249 932 1279 vias
948 1251 980 1279 et
998 1249 1117 1279 modos
1135 1247 1260 1287 quibus

247 1303 402 1333 celeriter
429 1312 625 1333 succurrere
652 1303 739 1333 dicte
756 1306 844 1333 terre
863 1310 1054 1341 possemus,
1073 1304 1105 1332 et
1126 1301 1260 1332 tandem

248 1358 360 1386 nostre
388 1358 530 1386 occurrit
548 1357 711 1386 memorie
727 1356 816 1395 quod
837 1364 898 1386 nos
916 1355 1136 1385 centesimam
1158 1354 1259 1384 eccle-

247 1409 463 1439 siasticorum
488 1412 724 1448 proventuum,
744 1418 851 1447 usque
871 1409 912 1439 ad
929 1408 1211 1447 quinquennium,
1229 1409 1261 1438 et

247 1463 314 1492 alia
331 1463 525 1501 pecuniaria
543 1463 707 1499 subsidia,
729 1471 793 1502 que
808 1462 922 1501 colligi
942 1462 1179 1492 mandavimus
1202 1470 1260 1499 per

247 1517 360 1545 omnia
382 1524 485 1554 regna
512 1516 629 1546 mundi
660 1524 723 1554 que
747 1515 933 1545 christiana
958 1515 1170 1554 professione
1189 1523 1262 1544 cen-

248 1569 376 1603 sentur,
398 1569 547 1608 predicte
565 1571 653 1599 terre
673 1578 733 1607 pro
749 1569 821 1607 ejus
835 1568 988 1598 subsidio
1009 1568 1170 1598 duximus
1185 1575 1261 1597 con-

247 1621 407 1657 cedenda,
442 1622 598 1660 quodque
642 1621 894 1652 venerabilibus
932 1621 1095 1651 fratribus
1133 1620 1261 1650 nostris

247 1675 419 1704 universis
444 1675 709 1713 archiepiscopis
727 1677 758 1704 et
778 1674 960 1713 episcopis,
980 1675 1012 1704 et
1030 1674 1163 1704 dilectis
1180 1673 1261 1703 tiliis

249 1727 441 1762 abbatibus,
468 1727 653 1767 prioribus,
681 1728 828 1761 decanis,
858 1727 1104 1757 archidiaconis
1133 1735 1262 1757 necnon

249 1781 421 1820 prioribus
444 1781 699 1811 Predicatorum
728 1783 760 1811 et
787 1781 967 1817 ministris,
1001 1779 1200 1810 custodibus
1230 1781 1263 1810 et

247 1834 445 1873 guardianis
475 1834 645 1864 Minorum
682 1834 851 1869 ordinum,
887 1833 1075 1872 ceterisque
1106 1832 1262 1871 personis

248 1887 502 1922 ecclesiasticis,
531 1887 744 1917 secularibus
769 1889 801 1917 et
829 1886 1012 1925 religiosis,
1040 1895 1100 1924 per
1122 1894 1262 1925 regnum

248 1940 389 1970 Francie
417 1941 449 1970 et
465 1949 525 1978 per
553 1940 843 1976 Cameracensem,
865 1939 1075 1975 Tullensem,
1101 1939 1263 1969 Leodien-

248 2002 332 2029 sem,
356 1993 543 2024 Metensem
565 1997 597 2023 et
612 1993 862 2023 Yirdunensem
880 1993 1034 2023 civitates
1049 1994 1079 2022 et
1097 1992 1261 2028 dioceses,

248 2047 289 2077 ad
315 2046 434 2078 Crucis
456 2046 630 2086 negotium
649 2047 681 2076 et
701 2046 742 2076 ad
768 2045 963 2085 hujusmodi
981 2045 1167 2084 colligenda
1186 2045 1264 2075 sub-

248 2099 336 2130 sidia
359 2109 420 2138 pro
445 2100 533 2130 dicte
561 2102 648 2130 terre
680 2099 902 2129 subventione
927 2108 945 2128 a
971 2099 1048 2129 sede
1077 2098 1264 2137 apostolica

250 2153 432 2191 deputatis,
451 2153 578 2183 nostris
602 2152 664 2183 sub
681 2155 771 2183 certa
788 2152 896 2182 forma
912 2152 947 2182 in
966 2152 1089 2182 virtute
1108 2151 1264 2182 obedien-

249 2207 295 2236 tie
315 2207 470 2236 dedimus
486 2207 611 2236 litteris
628 2207 661 2236 in
679 2207 861 2245 preceptis,
877 2208 913 2236 ut
932 2214 1066 2236 ornnem
1083 2206 1263 2244 pecuniam

250 2262 434 2298 cunctaque
450 2260 516 2290 alia
531 2262 609 2290 tunc
626 2260 767 2290 collecta
781 2268 840 2298 per
855 2268 912 2290 eos
925 2260 964 2289 de
978 2259 1172 2298 hujusmodi
1188 2258 1264 2288 sub-

251 2312 360 2347 sidiis,
373 2314 405 2343 et
419 2321 482 2351 que
494 2313 709 2351 postmodum
721 2313 928 2352 contingeret
942 2312 1067 2351 colligi,
1076 2311 1264 2342 venerabili

250 2365 347 2395 fratri
364 2367 478 2396 nostro
494 2366 624 2404 Egidio,
644 2366 788 2405 Tyrensi
803 2365 1070 2404 archiepiscopo,
1090 2367 1121 2395 et
1141 2365 1264 2395 dilecto

252 2418 322 2448 filio
340 2418 446 2448 nobili
470 2419 542 2449 viro
559 2418 703 2449 Johanni
733 2419 772 2449 de
792 2419 1009 2455 Valencenis,
1026 2418 1162 2448 domino
1183 2418 1266 2457 Cay-

250 2471 326 2511 phe,
345 2471 496 2510 ejusdem
512 2474 600 2502 terre
624 2472 766 2507 nuntiis,
785 2473 842 2502 aut
867 2471 918 2501 illi
935 2472 988 2502 vel
1008 2471 1080 2501 illis
1094 2480 1194 2510 quem
1213 2470 1265 2501 vel

252 2533 337 2564 quos
352 2526 389 2554 tu
415 2525 464 2554 eis
481 2525 533 2555 vel
551 2533 666 2554 eorum
693 2525 791 2555 alteri
809 2524 1011 2564 adjungeres
1025 2525 1079 2554 vel
1095 2524 1198 2554 etiam
1213 2533 1266 2554 su—
1295 2524 1297 2550 ἴ

252 2578 424 2617 brogarffi,
441 2579 497 2607 aut
516 2586 631 2607 eorum
647 2577 748 2608 certis
766 2578 895 2608 nuntiis
913 2587 973 2608 seu
988 2577 1266 2616 procuratoribus
1295 2582 1297 2609 '1

252 2631 381 2670 integre
408 2639 445 2660 ac
472 2630 617 2660 fideliter
640 2631 864 2669 assignarent,
881 2639 942 2670 per
969 2639 1039 2667 eos,
1054 2631 1152 2670 Juxta
1168 2632 1264 2660 tuum

252 2684 435 2714 consilium
461 2685 492 2713 et
518 2692 708 2718 assensum,
728 2683 760 2712 in
785 2683 936 2722 eJusdem
964 2684 1052 2713 terre
1074 2682 1265 2713 subsidium

252 2737 434 2767 totaliter¹
464 2736 699 2766 convertenda.
731 2736 877 2775 Ideoque
908 2736 1127 2766 serenitatem
1159 2737 1264 2770 tuam,

253 2799 353 2829 quam
376 2798 510 2828 semper
533 2789 567 2819 in
593 2789 703 2827 ipsius
728 2791 816 2819 terre
833 2788 1041 2827 profectibus
1057 2789 1195 2828 vigilem
1219 2789 1267 2819 in-

253 2843 420 2878 venimus,
439 2843 623 2873 sollicitam
633 2844 663 2872 et
676 2843 850 2878 attentam,
869 2850 1027 2881 rogamus
1043 2843 1075 2872 et
1092 2841 1266 2872 hortamur
1294 2827 1295 2834 ἵ

287 2961 310 2984 ¹.
327 2962 364 2985 Ge
381 2961 438 2983 mot
452 2966 467 2983 a
485 2958 527 2983 cte
543 2958 636 2989 ajoute
655 2958 726 2982 dans
740 2958 768 2982 la
784 2965 893 2989 marge.

2275 271 2336 300 235

1323 354 1458 387 attente,
1477 351 1537 381 tibi
1556 352 1839 382 nichilominusin
1858 354 2092 383 remissionem
2112 356 2245 383 tuorum
2260 363 2334 391 pec-

1323 405 1492 434 caminum
1521 404 1702 434 suadentes
1730 408 1895 443 (pratentis
1924 408 2129 436 memoratos
2155 406 2335 444 archiepis-

1321 465 1440 495 copum
1469 458 1655 496 'tyrensem
1674 460 1702 487 et
1719 458 1906 488 ,Iohannem
1922 459 1961 487 dc
1977 459 2190 495 Yalcncenis,
2208 458 2333 497 quibus

1322 518 1424 548 super
1441 510 1502 540 hoc
1519 510 1712 547 scribimus,
1733 520 1772 540 cx
1789 514 1882 549 parte
1898 514 2011 541 nostra
2029 521 2103 541 cum
2121 512 2210 542 omni
2227 514 2335 541 atten-

1321 563 1411 592 tione
1430 564 1595 601 requiras,
1618 566 1651 593 ut
1679 564 1837 602 quicquid
1861 565 1900 593 de
1920 565 2081 602 predictis
2099 564 2283 594 centesima
2300 565 2332 594 et

1321 615 1486 645 subsidiis
1503 616 1542 645 ad
1564 625 1683 645 manus
1701 617 1852 655 pervenit
1870 626 1997 653 00111111,
2012 618 2042 646 111
2062 617 2199 647 instanti
2219 626 2333 656 passa-

1320 669 1385 706 gio,
1399 668 1495 707 juxta
1515 670 1804 699 t1u¹111consilium
1823 672 1851 699 ct
1875 679 2063 699 assensum.
2083 671 2114 700 111
2132 679 2330 700 succursum

1289 740 1290 745 ,
1320 721 1468 759 predicte
1484 724 1571 751 terre
1592 724 1798 758 convertant,
1820 732 2004 761 procurans
2023 723 2203 761 diligenter
2220 725 2251 753 ct
2266 723 2331 753 sol-

1321 773 1412 803 licite
1439 775 1584 813 qualiter
1612 775 1726 814 aliqua
1749 775 1833 805 bona
1863 784 1992 805 summa
2010 776 2149 813 pecunie
2168 776 2330 814 predictis

1321 826 1572 866 archiepiscopo
1597 828 1740 866 Tyrensi
1767 831 1797 858 ct
1827 828 1931 858 nobili
1950 838 2050 867 supcr
2073 829 2200 858 cisium
2223 830 2331 859 cente-

1321 879 1407 909 sima
1433 882 1463 909 et
1489 880 1654 910 subsidiis
1685 883 1877 916 mutuetur,
1909 891 2009 920 quam
2036 882 2206 917 slmiliter,
2234 882 2331 919 juxta

1320 934 1414 962 tuum
1440 933 1621 963 consilium
1648 936 1677 963 et
1708 943 1898 969 assensum,
1918 934 1950 963 in
1969 934 2225 964 subventionem
2244 934 2331 964 dicte

1321 986 1408 1014 terre
1435 986 1467 1014 in
1497 986 1614 1016 eodem
1641 987 1798 1025 passagio
1827 987 1915 1016 mitti
1945 987 2100 1016 volumus
2120 989 2148 1017 ct
2167 988 2328 1017 converti.

1320 1038 1390 1067 Nos
1405 1038 1494 1067 enim
1505 1038 1633 1068 eisdem
1654 1039 1905 1078 archiepiscopo
1919 1040 2063 1078 Tyrensi
2083 1042 2113 1069 et
2131 1039 2233 1069 nobili
2248 1039 2331 1070 obli·

1320 1091 1419 1129 gandi
1448 1091 1553 1121 libere
1577 1092 1795 1122 centesimam
1824 1094 1855 1122 et
1877 1092 1944 1121 alia
1968 1092 2161 1131 hujusmodi
2180 1092 2332 1122 subsidia

1321 1144 1414 1182 regni
1438 1144 1579 1174 Francie
1600 1153 1635 1174 ac
1653 1145 1826 1174 civitatum
1847 1147 1877 1174 et
1895 1145 2067 1175 diocesum
2091 1145 2331 1183 predictorum,

1322 1205 1397 1226 cum
1414 1198 1471 1227 tuo
1490 1197 1633 1227 consilio
1651 1199 1681 1227 et
1702 1206 1858 1231 assensu,
1875 1206 1981 1236 usque
2001 1198 2040 1228 ad
2062 1198 2331 1237 quinquennium

1321 1249 1527 1287 hujusmodi,
1551 1250 1637 1280 sicut
1668 1251 1717 1280 eis
1742 1250 1911 1280 videbitur
1933 1251 2104 1288 expedire,
2135 1260 2169 1280 ac
2201 1251 2334 1281 satisfa-

1322 1303 1430 1333 ciendi
1463 1303 1502 1333 de
1533 1303 1794 1333 obventionibus
1827 1304 2009 1333 centesimo
2039 1305 2070 1334 et
2103 1303 2333 1334 subsidiorum

1321 1356 1473 1394 ipsorum
1489 1356 1726 1392 creditoribus,
1739 1357 1795 1395 qui
1808 1357 2001 1395 hujusmodi
2016 1358 2191 1396 pecuniam
2206 1360 2335 1386 mutua<

1321 1409 1399 1445 rint,
1421 1409 1555 1448 plenam
1576 1410 1791 1440 concedimus
1806 1419 1864 1449 per
1881 1410 1966 1440 alias
1982 1412 2117 1440 nostras
2134 1410 2265 1440 litteras
2288 1410 2335 1439 fa-

1321 1462 1492 1492 cultatem.
1501 1463 1638 1497 Verum,
1651 1463 1729 1501 quia
1739 1463 1826 1492 intsr
1835 1464 1962 1492 ceteras
1972 1464 2080 1492 terras
2093 1461 2334 1492 ultramarinas

1322 1524 1406 1554 quas
1425 1515 1611 1546 Christiani
1635 1518 1761 1550 tenent,
1781 1518 1928 1545 castrum
1949 1516 2117 1554 Joppense
2140 1514 2333 1554 specialiori

1323 1570 1355 1599 et
1374 1569 1546 1599 attentiori
1566 1569 1754 1599 munitione
1771 1568 1925 1612 indigere
1939 1568 2139 1604 dinoscitur,
2159 1568 2244 1598 sicut
2262 1576 2334 1606 pre-

1322 1622 1412 1652 fatus
1429 1622 1532 1652 frater
1549 1621 1824 1653 Guillelmustibi
1841 1622 1961 1652 referet
1975 1621 2052 1651 viva
2068 1630 2159 1657 voce,
2178 1621 2335 1651 volumus

1322 1677 1359 1705 ut
1378 1676 1425 1705 sic
1451 1676 1667 1714 provideatur
1686 1676 1725 1705 ‹le
1742 1675 1935 1714 hujusmodi
1956 1675 2151 1711 centesima,
2170 1674 2336 1704 subsidiis

1324 1731 1355 1759 et
1371 1730 1513 1768 pecunia
1529 1729 1617 1759 circa
1634 1729 1743 1768 ipsius
1760 1729 1861 1758 castri
1881 1728 2069 1758 custodiam
2087 1730 2119 1758 et
2146 1729 2333 1764 munimen,

1324 1782 1413 1821 quod
1425 1791 1465 1812 ex
1476 1782 1607 1812 defectu
1623 1782 1825 1812 muniminis
1842 1781 2024 1811 hostilibus
2039 1781 2257 1819 aggressilssuis
2270 1789 2336 1811 nou

1323 1837 1434 1874 pateat
1460 1835 1701 1874 occupandum,
1730 1836 1864 1864 Attente
1882 1843 2014 1873 quoque
2030 1834 2208 1872 provideas
2226 1836 2260 1864 ut
2275 1833 2334 1863 hu-

1322 1889 1471 1927 jusmodi
1489 1888 1632 1927 pecunia
1650 1888 1772 1918 dilecto
1789 1888 1859 1917 tilio
1876 1887 1981 1917 nobili
2000 1887 2108 1921 viro..‚
2126 1888 2239 1917 comiti
2256 1888 2335 1926 «1ορ-

1325 1941 1433 1980 pensi,
1461 1941 1676 1980 aliquatenus
1705 1949 1770 1971 11011
1797 1941 1960 1975 tradatur,
1979 1943 2027 1970 set
2054 1940 2264 1978 expendatur
2277 1948 2336 1978 per

1325 2003 1446 2025 manus
1470 1994 1661 2033 aliquarum
1690 1994 1841 2024 fidelium
1869 2001 2090 2032 personarum
2123 1993 2162 2022 de
2193 1992 2336 2022 consilio

1325 2047 1531 2078 venerabilis
1548 2046 1664 2077 fratris
1682 2047 1829 2083 nostri..,
1847 2045 2036 2085 patriarche
2054 2045 2336 2081 jerosolimitani,

1326 2103 1358 2131 et
1385 2101 1529 2131 aliarum
1554 2109 1775 2138 personarum
1798 2108 1882 2139 quas
1901 2099 1942 2129 ad
1961 2099 2021 2129 hoc
2042 2099 2107 2129 sibi
2126 2099 2265 2129 duxeris
2283 2099 2338 2128 ad-

1322 2155 1524 2194 jungendas.
1550 2155 1720 2190 Ceterum,
1742 2154 1931 2192 predictum
1956 2153 2095 2183 fratrem
2113 2152 2336 2183 Guillelmum

1326 2208 1396 2246 qui⁷
1415 2207 1503 2237 sicut
1520 2207 1607 2237 scire
1623 2208 1655 2237 te
1668 2207 1850 2243 credimus,
1868 2215 1933 2236 non
1949 2207 2057 2236 cessat
2075 2214 2134 2244 pro
2152 2205 2337 2235 dicteterre

1325 2260 1534 2300 profectibus
1559 2260 1726 2294 laborare,
1755 2268 1934 2299 personam
1959 2268 2054 2289 suam
2072 2259 2176 2288 maris
2201 2261 2229 2289 et
2248 2261 2336 2288 terre

1326 2314 1487 2353 periculis
1502 2314 1711 2353 exponendo,
1731 2315 1761 2343 et
1780 2314 1836 2352 qui
1855 2313 1996 2342 adtuam
2016 2314 2152 2350 propter
2166 2312 2226 2341 hoc
2246 2320 2336 2341 acce-

1327 2368 1374 2398 dit
1390 2367 1609 2406 presentiam,
1637 2367 1729 2405 regia
1745 2366 1952 2405 benignitate
1970 2365 2113 2403 recipias
2134 2365 2230 2403 eique
2247 2364 2338 2394 beni-

1326 2419 1437 2449 volam
1454 2419 1594 2458 prebeas
1613 2419 1818 2449 audientiam
1839 2419 1871 2447 in
1889 2418 2033 2457 negotiis
2051 2418 2137 2447 dicte
2155 2419 2254 2453 terre,
2274 2426 2337 2456 que

1327 2473 1399 2511 ipse
1415 2474 1471 2502 tue
1487 2472 1713 2511 magnitudini
1731 2471 1937 2501 confidenter
1954 2475 2110 2509 exponet.
2130 2470 2258 2500 Taliter
2276 2470 2338 2509 igi-

1326 2528 1382 2556 tur
1409 2525 1613 2564 apostolicas
1641 2533 1758 2563 preces
1789 2524 1976 2562 adimpleas
2008 2523 2096 2562 quod
2126 2523 2337 2562 unigenitum

1328 2579 1388 2609 Dei
1418 2579 1527 2608 filium
1552 2579 1667 2607 Jesum
1693 2577 1878 2613 Christum,
1910 2577 1967 2615 qui
1985 2578 2016 2606 te
2047 2576 2123 2606 fecit
2151 2576 2223 2606 oleo
2251 2575 2338 2606 sacri

1328 2632 1499 2661 crismatis
1530 2631 1694 2660 christum
1728 2639 1842 2665 suum,
1877 2630 2062 2668 propitium
2096 2629 2217 2659 exinde
2241 2629 2248 2647 ¹
2276 2628 2339 2659 tibi

1328 2684 1515 2714 constituas
1548 2686 1577 2713 et
1606 2683 1800 2721 benignum,
1830 2690 1957 2720 nosque
1988 2682 2201 2712 devotionem
2231 2681 2344 2717 tuam}

1328 2746 1428 2776 quam
1462 2737 1495 2766 111
1530 2736 1758 2774 adimplendis
1794 2736 1920 2764 divinis
1951 2738 1981 2765 et
2014 2735 2210 2773 apostolicis
2243 2735 2342 2765 bene-

1328 2790 1462 2828 placitis
1497 2791 1687 2828 promptam
1717 2797 1849 2827 semper
1885 2788 2077 2818 invenimus
2111 2790 2141 2818 et
2175 2791 2338 2827 paratam,

1329 2843 1440 2881 dignis
1479 2842 1519 2872 ol)
1557 2842 1616 2871 lioc
1651 2842 1787 2872 laudum
1825 2841 1995 2880 preconiis
2028 2841 2238 2872 attollamus.
2275 2842 2341 2871 Da-

1362 2957 1384 2979 1.
1403 2955 1438 2979 Ce
1456 2957 1512 2979 mot
1528 2962 1542 2978 a
1560 2954 1602 2978 ι’·ιό
1623 2954 1717 2986 aj0ute
1734 2962 1767 2978 cn
1785 2960 1890 2985 marge.
