2547 3289
1186 236 1400 266 D'URBAIN
1418 237 1478 267 IV.
2333 248 2370 276 25

293 322 384 357 visti,
403 331 605 360 quamquam
623 323 656 352 in
679 331 735 352 eos
753 332 810 360 pro
831 331 868 352 eo
886 323 974 361 quod
995 323 1112 352 moniti
1130 322 1306 351 voluerunt

275 374 335 404 'ab
356 374 548 413 hujusmodi
570 375 776 414 oppositione
798 376 967 408 desistere,
992 373 1303 405 excommunicatio-

294 427 346 458 nis
362 428 561 457 sententiam
576 428 809 467 promulgaris.
828 429 897 458 Nos
915 428 1014 466 igitur
1030 427 1178 457 nolentes
1193 427 1305 464 hujus-

292 480 383 510 modi
405 488 520 510 eorum
541 481 825 519 presumptionem
848 481 1035 518 relinquere
1056 479 1304 518 quomodolibet

292 532 502 572 impunitam,
528 543 564 563 ac
588 534 754 572 predictos
775 534 1013 563 ι1011011000001
1037 534 1068 562 01
1088 532 1302 570 Raynaldum

292 586 431 624 ejusque
456 586 704 621 filios-,clericos
729 586 881 616 videlicet
906 586 1062 615 oninibus
1085 586 1218 623 propter
1243 584 1304 613 1100
1331 596 1334 641 Ι

293 639 464 669 beneficiis
491 639 737 674 ecclesiasticis,
767 639 870 668 laicos
895 647 972 668 vero
998 638 1107 668 feudis
1136 639 1167 667 et
1191 637 1301 670 bonis,

292 693 321 722 si
338 701 402 730 qua
413 701 431 722 a
447 692 712 731 quibuscumque
726 693 838 721 tenent
853 691 1014 726 ecclesiis,
1030 690 1209 729 apostolica
1226 699 1300 719 auc-

292 745 420 775 toritate
436 745 619 784 privantes,
637 744 834 774 fraternitati
846 745 899 774 tue
911 752 970 782 per
983 743 1163 782 apostolica
1180 743 1301 781 scripta

292 799 326 828 111
348 798 468 827 virtute
490 797 676 827 obedientie
700 796 847 826 districte
870 797 1083 835 precipiendo
1104 796 1302 826 mandamus

291 852 454 890 quatenus
471 850 636 888 predictos
668 849 918 883 Johannonum,
937 850 1151 888 Raynaldum
1167 850 1198 879 et
1215 848 1302 878 filios

291 903 417 933 tamdiu
438 903 485 933 sic
505 903 654 941 privatos
674 903 706 932 et
723 903 1028 933 excommunicatos
1051 903 1083 932 10
1110 902 1227 938 majori
1250 910 1301 931 ec-

290 956 392 986 clesia
414 956 556 986 Reatina
583 955 725 993 singulis
749 955 867 985 diebus
894 955 1073 985 dominicis
1100 957 1132 985 et
1157 955 1300 990 festivis,

290 1009 433 1047 pulsatis
448 1008 620 1047 campanis
638 1010 670 1038 et
685 1009 833 1038 candelis
857 1009 1016 1043 accensis,
1037 1017 1095 1047 per
1116 1010 1146 1038 te
1168 1008 1221 1038 vel
1245 1016 1303 1045 per

291 1059 395 1089 alium
410 1059 606 1089 denuntiare
622 1068 792 1097 procures,
808 1060 911 1090 donec
928 1060 986 1090 tibi
1001 1060 1039 1089 de
1056 1059 1219 1090 fructibus
1235 1059 1300 1088 dic-

290 1113 398 1142 tarum
421 1113 570 1151 segetum
596 1113 722 1150 integre
762 1113 873 1142 nostro
900 1113 1033 1142 nomine
1056 1113 1205 1142 satisfiat.
1228 1112 1300 1142 Non

292 1165 501 1195 obstantibus
517 1183 566 1194 -.
585 1165 709 1195 Datum
731 1165 882 1199 Viterbii,
906 1175 952 1195 x11
976 1166 1136 1196 kalendas
1158 1165 1300 1203 augusti,

290 1218 502 1255 pontificatus
522 1219 625 1248 nostri
642 1227 728 1248 anno
746 1219 865 1256 primo.
892 1232 904 1243 »

379 1404 427 1434 95
679 1420 690 1425 -
837 1403 963 1435 Viterbe,
984 1405 1015 1429 21
1032 1403 1130 1438 juillet
1155 1405 1230 1430 1262.

327 1487 464 1522 Episcopo
480 1487 604 1514 Reatino
626 1488 745 1514 mandat
764 1489 907 1521 quatenus
929 1487 1062 1514 Reatinos
1083 1490 1255 1522 potestatem
1275 1490 1303 1514 et

288 1544 442 1563 commune
454 1536 607 1571 compellat
623 1536 659 1562 ad
675 1536 842 1562 solvendum
855 1544 988 1563 camerae
1003 1537 1082 1563 mille
1099 1537 1187 1563 libras
1202 1545 1302 1571 prove-

289 1584 432 1612 sinorum.
448 1585 529 1619 (Rae.
545 1585 590 1617 27,
612 1584 661 1611 fol.
674 1585 707 1610 ‘21
727 1593 764 1617 vo,
779 1591 810 1610 0ο
822 1585 861 1619 4,)

333 1703 348 1717 «
371 1690 482 1720 Eidem
508 1690 659 1730 episcopo.
679 1690 767 1721 Olim
789 1690 1002 1729 Raynaldum
1021 1691 1176 1725 Ranucii,
1196 1692 1302 1721 civem

291 1744 484 1779 Reatinum,
504 1752 563 1782 pro
581 1752 619 1773 eo
636 1744 723 1782 quod
738 1744 914 1782 pecuniam
930 1745 961 1773 et
976 1744 1118 1781 quedam
1138 1744 1204 1774 alia
1216 1744 1303 1774 bona

289 1796 427 1827 mobilia
437 1805 500 1835 que
510 1796 524 1826 f
526 1797 644 1826 uerunt
653 1797 821 1834 quondam
832 1796 981 1835 magistri
993 1797 1164 1831 Palmerii,
1174 1806 1302 1827 camere

288 1851 399 1880 nostre
416 1849 540 1883 0101101,
556 1850 588 1879 01
600 1858 664 1887 que
680 1858 782 1888 penes
800 1858 835 1879 se
851 1849 1004 1883 habebat,
1022 1850 1119 1880 nobis
1130 1851 1160 1880 et
1175 1859 1303 1880 camere

289 1904 398 1933 nostre
422 1903 594 1933 restituere
617 1911 717 1941 super
734 1902 795 1932 hoc
813 1903 960 1932 monitus
985 1911 1051 1933 non
1067 1903 1212 1938 curabat,
1232 1912 1303 1942 per-

288 1956 447 1986 sonaliter
462 1955 536 1993 capi
552 1955 788 1985 mandavimus
804 1956 835 1984 et
850 1955 1008 1985 carcerali
1019 1956 1167 1985 custodie
1181 1957 1304 1986 manci-

287 2009 370 2048 pari.
389 2009 430 2039 Et
446 2009 523 2039 licet
539 2008 752 2048 postmodum
780 2031 799 2037 ..
822 2009 967 2047 potestas
984 2010 1015 2039 et
1030 2017 1206 2039 commune
1223 2010 1303 2040 civi-

286 2062 363 2092 tatis
379 2063 518 2092 Reatine
536 2062 576 2092 ad
589 2061 788 2092 solvendum
802 2062 898 2091 nobis
912 2063 940 2092 et
958 2062 1044 2092 dicte
1060 2071 1188 2093 camere
1204 2072 1302 2102 prop-

286 2117 335 2146 ter
343 2116 405 2146 hoc
415 2116 505 2146 mille
516 2115 619 2145 libras
629 2115 884 2153 provesinorum
895 2115 981 2145 infra
990 2117 1115 2146 certum
1125 2117 1303 2146 terminum

286 2177 322 2199 se
345 2169 442 2199 nobis
464 2168 693 2207 principaliter
712 2168 901 2207 obligarint,
927 2168 1040 2207 elapso
1057 2170 1166 2199 tamen
1190 2170 1303 2208 hujus-

286 2222 376 2252 modi
395 2222 548 2256 termino,
571 2221 666 2251 nobis
688 2222 728 2251 de
747 2222 938 2260 hujusmodi
956 2222 1097 2260 pecunia
1113 2231 1179 2252 non
1197 2223 1303 2252 extitit

288 2275 507 2306 satisfactum.
542 2275 686 2313 Ideoque
718 2275 917 2306 fraternitati
950 2277 1004 2305 tue
1034 2284 1093 2314 per
1122 2277 1303 2314 apostolica

287 2329 410 2367 scripta
425 2329 459 2358 in
476 2329 597 2358 virtute
617 2328 804 2358 obedientie
818 2329 965 2358 districte
984 2329 1198 2368 precipiendo
1212 2338 1303 2359 man-

286 2382 405 2411 damus
431 2383 595 2420 qnatenus
614 2382 811 2420 potestatem
830 2383 861 2412 et
882 2390 1057 2412 0011101000
1074 2383 1250 2421 predictos,
1269 2385 1304 2413 ut

288 2434 397 2464 tibide
409 2435 567 2473 predictis
583 2435 674 2464 mille
691 2435 787 2465 libris
799 2435 840 2465 ad
854 2444 913 2465 nos
931 2444 988 2474 per
1002 2437 1030 2465 te
1043 2436 1137 2474 juxta
1151 2438 1301 2466 nostrum

287 2487 532 2525 beneplacitum
547 2487 686 2518 fideliter
699 2488 910 2518 transmitten
923 2488 977 2524 lis,
989 2490 1099 2519 nostro
1114 2490 1145 2519 et
1159 2490 1302 2527 predicte

288 2548 416 2569 camere
453 2540 585 2570 nomine
612 2541 738 2578 integre
767 2540 971 2575 satisfacere,
999 2542 1129 2572 sublata
1156 2543 1304 2580 qualibet

288 2593 495 2626 difficultate,
510 2594 696 2631 procurent,
712 2593 894 2623 monitione
908 2595 1084 2632 premissa,
1100 2604 1158 2633 per
1175 2604 1301 2625 excom-

287 2646 524 2676 municationis
546 2646 579 2675 in
602 2654 760 2683 personas
779 2648 809 2676 et
827 2647 993 2676 interdicti
1010 2647 1043 2677 in
1061 2648 1242 2686 predictam
1259 2649 1302 2678 ci-

290 2700 424 2729 vitatem
437 2699 630 2733 sententia&
641 2699 861 2737 appellatione
874 2702 1009 2734 remota,
1023 2701 1213 2739 compellas.
1228 2702 1302 2731 Non

289 2753 441 2783 obstante
459 2753 487 2782 si
506 2752 632 2781 eisdem
652 2753 804 2790 potestati
819 2753 850 2782 et
863 2754 1031 2783 communi
1047 2762 1065 2783 a
1081 2755 1158 2784 sede
1175 2756 1301 2793 aposto-

288 2806 352 2836 lica
369 2806 412 2835 sit
426 2805 605 2840 indultum,
621 2805 709 2842 quod
725 2806 971 2836 excomunicari
987 2807 1041 2836 vel
1056 2808 1143 2845 quod
1157 2809 1303 2845 predicta

290 2859 408 2889 civitas
433 2858 657 2889 ecclesiastico
689 2858 863 2888 interdicto
890 2860 1034 2898 supponi
1058 2862 1223 2898 nequeant
1246 2870 1304 2899 per

290 2913 416 2942 litteras
434 2912 633 2950 apostolicas
649 2911 782 2949 plenam
802 2913 833 2940 et
849 2919 1042 2949 expressam
1060 2922 1125 2943 non
1144 2914 1302 2945 facientes

437 2960 580 2988 URBAIN
604 2959 657 2991 IV,
679 2962 699 2986 t.
723 2959 748 2985 Ι.
774 2959 847 2993 Reg.
869 2967 949 2986 cam.

1368 322 1406 351 de
1436 322 1564 352 indulto
1590 324 1781 363 hujusmodi
1798 327 2010 357 mentionem.
2032 328 2155 358 Datum
2173 330 2336 368 utsupra.
2355 344 2367 356 n

1453 499 1501 528 9ss
1915 502 2038 532 Viterbe,
2055 505 2083 529 *21
2102 504 2195 536 juillet
2222 506 2295 530 ¹202.

1399 580 1496 606 Eidem
1511 582 1627 607 mandat
1641 585 1671 608 ut
1686 583 1845 616 emptiones
1862 585 2000 611 bonorum
2021 587 2229 614 navi-eticorum
2247 590 2281 615 al»
2300 590 2367 623 ipsis

1362 627 1513 655 haereticis
1532 630 1642 656 modico
1658 631 1749 664 pretio
1767 631 1867 661 faetus,
1885 633 1978 659 irritet
1996 636 2024 660 et
2044 638 2146 662 cesset.
2164 638 2242 669 (111-304
2257 640 2301 669 27,
2315 638 2364 664 sol.

1361 676 1393 701 211
1408 684 1450 708 vo,
1471 684 1503 702 no
1525 679 1562 709 5.)

1403 797 1416 811 α
1448 785 1570 815 Eidem.
1601 787 1653 816 Ad
1686 789 1830 817 nostram
1862 789 1995 818 noveris
2020 790 2223 820 audientiam
2255 801 2366 829 perve-

1361 839 1463 874 nisse,
1481 839 1567 877 quod
1592 839 1733 869 dilectus
1752 840 1842 869 filius
1867 841 1967 870 frater
1981 841 2173 875 (1.,0101110
2188 844 2366 880 Minorum,

1361 892 1539 930 inquisitor
1567 893 1710 922 heretice
1739 893 1912 931 pravitatis
1944 895 1975 923 in
2007 895 2157 925 Romana
2185 897 2365 934 provincia,

1361 946 1474 974 contra
1485 945 1663 975 nonnullos
1676 946 1765 975 cives
1781 946 1940 976 Reatinos
1952 947 2366 987 110101100101031101100103,

1362 998 1506 1028 fautores
1531 1000 1561 1028 et
1589 1000 1806 1037 receptatores
1835 1000 2016 1038 apostolica
2039 1002 2230 1031 auctsjiritate
2258 1012 2367 1040 proce-

1362 1051 1454 1085 dens,
1478 1052 1606 1081 tertiam
1634 1053 1759 1090 partem
1779 1052 1942 1082 bonorum
1966 1054 2139 1083 mobilium
2165 1056 2194 1085 et
2218 1056 2369 1086 immobi—

1362 1105 1444 1134 lium
1467 1105 1682 1139 eredentium,
1710 1105 1877 1135 fautorum
1902 1107 1933 1135 et
1956 1109 2197 1145 receptatorum
2223 1109 2369 1146 ipsorum

1363 1158 1511 1187 Romane
1528 1158 1665 1188 ecclesie
1682 1167 1740 1187 seu
1755 1159 1863 1188 nostre
1876 1168 2003 1189 01101010
2017 1161 2256 1190 sententialiter
2269 1162 2370 1200 appli-

1363 1211 1459 1240 cavit.
1478 1210 1542 1241 Sed
1561 1211 1639 1240 dicti
1655 1211 1838 1245 credentes,
1856 1211 2001 1241 fautores
2016 1213 2046 1241 et
2063 1214 2280 1251 rcreptatores
2296 1223 2369 1244 con-

1363 1264 1466 1293 suetis
1489 1271 1604 1293 eorum
1630 1264 1787 1293 versutiis
1812 1264 2012 1299 inherentes,
2035 1264 2122 1294 bona
2144 1266 2337 1303 hujusmodi
2354 1275 2373 1297 a

1363 1316 1493 1346 dilectis
1511 1316 1592 1346 filiis
1619 1340 1638 1346 ..
1662 1317 1821 1354 potestate
1847 1317 1878 1346 et
1899 1317 2067 1347 communi
2091 1318 2242 1348 Reatinis
2263 1328 2320 1357 per
2337 1328 2372 1350 se

1365 1369 1416 1399 vel
1431 1378 1489 1408 per
1505 1369 1589 1399 alios
1606 1378 1663 1408 pro
1679 1371 1766 1399 certo
1785 1370 1889 1408 pretio
1905 1370 1979 1400 licet
1995 1371 2125 1400 modico
2141 1380 2249 1401 emere
2270 1372 2303 1402 10
2322 1381 2371 1402 ec-

1362 1422 1462 1452 clesie
1489 1422 1634 1460 predicte
1653 1423 1875 1461 prejudicium
1898 1426 2129 1462 procurarunt.
2150 1424 2292 1462 Ideoque
2309 1425 2371 1454 sra-

1362 1475 1508 1505 ternitati
1527 1476 1578 1504 tue
1597 1483 1655 1513 per
1670 1475 1851 1513 apostolica
1867 1476 1989 1514 scripta
2006 1476 2040 1506 in
2055 1477 2174 1506 virtute
2187 1477 2372 1508 obedientie

1362 1528 1509 1558 districte
1532 1528 1744 1567 precipiendo
1771 1529 1969 1558 mandamus
1995 1532 2158 1567 quatenus
2181 1530 2372 1569 hujusmodi

1363 1581 1548 1619 emptiones
1573 1582 1604 1610 et
1633 1581 1841 1611 venditiones
1872 1582 2065 1612 auctoritate
2099 1584 2211 1612 nostra
2239 1584 2372 1622 penitus

1363 1642 1523 1664 revocans
1549 1635 1580 1663 et
1602 1634 1807 1668 rescindens,
1821 1643 1857 1664 ac
1880 1634 2061 1664 decernens
2083 1635 2209 1665 nullius
2231 1636 2372 1667 existere

1362 1687 1540 1721 firmitatis,
1566 1686 1695 1716 tertiam
1721 1688 1845 1725 partem
1862 1687 2025 1717 bonorum
2042 1688 2203 1725 ipsorum,
2219 1690 2286 1718 tam
2304 1697 2370 1719 mo-

1362 1739 1481 1768 bilium
1504 1748 1603 1777 quam
1627 1739 1860 1773 immobilium,
1888 1739 2087 1778 ubicumque
2110 1742 2142 1770 et
2165 1741 2252 1779 apud
2275 1750 2372 1779 quos-

1362 1800 1504 1830 cumque
1515 1792 1574 1822 illa
1583 1792 1764 1827 inveneris,
1776 1794 1888 1822 nostro
1898 1793 1929 1822 et
1937 1793 2082 1832 predicte
2090 1793 2227 1823 ecclesie
2238 1793 2371 1824 nomine

1363 1845 1508 1883 recipere
1533 1853 1569 1875 ae
1590 1845 1732 1875 fideliter
1755 1854 1951 1875 conservare
1968 1854 2136 1884 procures.
2157 1847 2313 1876 Invocato
2331 1847 2371 1876 ad

1363 1897 1435 1931 hoc,
1461 1897 1489 1926 si
1515 1905 1650 1927 necesse
1672 1897 1781 1932 fuerit,
1807 1897 1932 1928 auxilio
1957 1897 2085 1928 brachii
2100 1899 2271 1929 secularis.
2289 1899 2372 1929 Con·

1363 1950 1568 1985 tradictores,
1586 1951 1646 1980 etc.
1664 1951 1786 1980 Datum
1804 1952 1839 1980 ut
1855 1960 1965 1989 supra.
1984 1962 1998 1978 »

1452 2126 1499 2155 97
1833 2125 2059 2157 Montetfflseone,
2071 2125 2203 2159 eojuillet
2223 2126 2299 2152 ¹262.

1398 2181 1533 2216 Magistro
1545 2181 1670 2208 Thomae
1686 2182 1718 2207 de
1733 2181 1760 2208 la
1776 2182 1848 2208 Wile
1867 2182 1994 2217 indulget
2009 2185 2038 2209 ut
2054 2185 2167 2217 praeter
2177 2183 2326 2209 ecelesiam
2338 2183 2372 2210 de

1363 2230 1564 2261 Oskereuelle,
1573 2230 1792 2256 Saresbiriensis
1809 2231 1941 2262 diocesis,
1951 2231 2103 2257 ecclesiam
2114 2232 2148 2258 de
2162 2232 2372 2258 Avekechirelie

1362 2279 1440 2305 licite
1453 2279 1575 2305 retinere
1593 2279 1696 2305 valeat.
1712 2279 1787 2313 (nac.
1807 2280 1849 2311 27,
1866 2279 1915 2306 fol.
1933 2280 1975 2312 22,
1993 2288 2025 2305 no
2046 2280 2085 2315 1.)

1406 2400 1419 2413 «
1436 2385 1588 2422 Urbanus,
1604 2392 1658 2415 ccc.
1675 2386 1784 2416 dilecto
1799 2386 1866 2425 filio
1881 2387 2025 2425 maffl'slro
2044 2387 2152 2417 Tharne
2174 2388 2209 2417 cle
2226 2388 2254 2417 [α
2285 2389 2370 2423 ll'ile,

1364 2440 1474 2469 rectori
1508 2439 1627 2469 ecclesie
1662 2439 1696 2468 de
1737 2439 1939 2475 (werewelle,
1972 2441 2203 2469 Saresbiricnsis
2234 2441 2370 2471 diocesis.

1368 2479 1582 2522 Attendentes
1615 2494 1670 2522 tue
1690 2493 1805 2522 merita
1826 2492 2010 2531 probitatis,
2031 2493 2070 2522 de
2093 2493 2215 2531 quibus
2231 2494 2371 2524 111111110-

1364 2545 1472 2575 dabile
1503 2545 1729 2575 testimonium
1752 2545 1952 2583 perhibetur,
1976 2554 2012 2574 ac
2035 2546 2243 2576 intendentes
2264 2549 2293 2576 te
2315 2556 2373 2585 per

1364 2598 1424 2628 1100
1443 2598 1556 2628 favore
1582 2598 1737 2636 prosequi
1758 2597 1861 2634 gratie
1886 2598 2052 2635 specialis
2076 2599 2111 2627 ut
2142 2602 2249 2636 preter
2271 2600 2369 2629 eccle-

1364 2652 1446 2681 siam
1475 2652 1514 2681 de
1541 2651 1776 2686 Oskerewelle,
1802 2651 2060 2681 Saresbiriensis
2083 2651 2236 2686 diocesis,
2259 2661 2372 2682 curam

1365 2704 1537 2734 habentem
1554 2704 1739 2734 animarum
1757 2712 1931 2737 annexam,
1951 2712 2049 2741 quam
2074 2706 2103 2733 te
2124 2705 2279 2734 canonice
2299 2714 2372 2743 pro-

1363 2758 1461 2796 ponis
1476 2757 1810 2796 adeptum,cujusque
1829 2757 2008 2794 proventus
2026 2757 2208 2786 secundum
2223 2766 2371 2787 commu-

1364 2819 1439 2840 nem
1456 2810 1705 2840 extimationem
1724 2809 1827 2847 patrie
1841 2810 1983 2847 quatuor
2000 2818 2185 2839 marcarum
2204 2810 2373 2847 sterlingo-

1364 2872 1438 2892 rum
1464 2863 1611 2892 valorem
1643 2869 1802 2896 annuum,
1830 2862 1915 2891 sicut
1950 2862 2083 2895 asseris,
2113 2862 2170 2891 vix
2199 2863 2371 2897 excedunt,

1363 2915 1538 2945 ecclesiam
1555 2915 1594 2944 de
1613 2914 2026 2953 Avekechirclie,ejusdem
2041 2914 2194 2952 diocesis,
2204 2924 2279 2945 cum
2296 2924 2372 2946 cura

2209 2964 2225 2990 4
