2547 3289
229 237 288 268 136

227 321 343 351 nostre
358 316 533 348 conamina
548 315 661 353 (jugem
683 310 950 349 importabilium
972 308 1107 347 exigant
1124 316 1236 338 reeen-

225 373 308 404 tiam
325 376 561 408 expensarum.
584 365 690 401 Unde,
713 372 789 393 cum
810 364 949 402 propter
966 361 1027 391 hoc
1044 370 1061 391 a
1087 360 1184 391 vobis
1205 361 1237 390 et

225 425 304 456 aliis
327 417 714 458 ecclesiarumgprelatis,
733 415 946 455 regularibus
968 416 999 445 et
1013 413 1235 449 secularibus,

223 483 408 514 eorumque
426 472 585 511 capitulis
604 472 636 501 et
648 469 880 505 conventibus,
897 477 934 498 ac
944 467 1066 498 ceteris
1080 466 1236 505 personis

223 526 478 561 ecclesiasticis,
500 524 667 562 exemptis
693 524 724 553 et
739 531 804 552 non
828 523 1006 560 exemptis,
1031 519 1180 550 civitatis
1204 520 1236 549 et

222 581 368 612 diocesis
383 588 421 610 ac
435 577 607 617 provincie
620 574 935 608 Terraconensium,
949 573 1164 603 caritativum
1177 581 1236 611 per

221 636 356 664 nostras
377 632 509 662 litteras
534 629 727 659 subsidium
744 627 967 667 postulemus,
987 625 1235 656 fraternitatem

220 685 381 720 vestram,
401 690 543 722 quorum
561 680 773 719 diligentiam
790 681 821 709 et
840 678 1105 709 sollicitudinem
1127 677 1160 706 in
1174 677 1235 707 hoc

220 737 318 767 valde
350 735 576 766 necessariam
606 735 637 764 et
666 733 847 772 perutilem
880 740 954 761 esse
986 730 1232 770 cognoscimus,

221 798 380 829 rogamus
407 790 439 819 et
467 788 642 818 hortamur
667 787 803 822 attente,
834 794 892 824 per
922 785 1108 823 apostolica
1139 783 1235 813 vobis

221 843 349 882 scripta
380 842 592 875 mandantes,
619 841 798 878 quatenus
830 838 917 868 sicut
934 837 1096 867 honorem
1124 836 1234 875 ipsius

220 896 362 927 ecclesie
381 894 537 934 diligitis,
568 892 818 931 argumentosis
843 893 874 921 et
898 890 1092 921 efficacibus
1112 889 1234 920 studiis

220 958 318 987 opem
340 946 545 986 impendatis
569 948 600 976 et
624 953 773 984 operam,
794 944 882 982 quod
900 943 1094 982 hujiismodi
1120 944 1235 972 nostra

218 1001 337 1040 petitio
363 1000 508 1030 celerem
539 1000 569 1029 et
601 997 832 1028 desideratum
873 996 1035 1026 sortiatur
1066 996 1231 1025 effectum.

218 1053 379 1085 Firmiter
408 1052 499 1082 enim
542 1059 719 1089 speramus
743 1051 774 1080 et
806 1050 976 1079 credimus
1003 1048 1104 1087 quod,
1138 1047 1234 1078 vobis

219 1116 321 1146 super
335 1107 401 1136 hiis
413 1107 523 1136 vestre
539 1103 818 1143 promptitudinis
832 1104 980 1133 savorem
995 1101 1234 1132 exhibentibus

219 1161 251 1191 et
277 1159 412 1190 labores
438 1158 604 1189 sollicitos
620 1156 908 1196 impendentibus,
921 1156 1108 1186 memorata
1123 1164 1235 1185 conse-

219 1215 339 1252 quetur
357 1212 500 1242 ecclesia
527 1211 716 1247 comodum,
740 1210 830 1249 quod
851 1209 1005 1242 intendit.
1034 1210 1065 1239 et
1091 1209 1234 1247 prestito

219 1266 286 1296 sibi
326 1266 430 1304 petite
469 1263 706 1294 subventionis
746 1262 887 1297 auxilio,
925 1262 1060 1301 poterit,
1098 1264 1233 1292 auctore

218 1319 376 1352 Domino,
394 1318 574 1357 respirare.
596 1317 648 1347 Ad
671 1317 704 1346 id
729 1324 860 1355 quoque
883 1315 1003 1345 merito
1020 1324 1080 1345 vos
1105 1314 1235 1345 debetis

220 1371 380 1403 exhibere
418 1370 596 1407 sollicitos,
622 1378 694 1400 cum
718 1369 876 1408 juvantes
903 1369 1027 1399 dictam
1056 1368 1234 1399 ecclesiam

220 1425 262 1455 ab
292 1423 550 1455 imminentibus
587 1423 728 1452 relevari
768 1422 953 1461 pressuris,
988 1424 1120 1460 gratum
1163 1422 1234 1452 Deo

219 1477 381 1517 prestetis
400 1476 613 1515 obsequium,
629 1475 824 1514 placiditate
838 1474 936 1504 nobis
954 1474 1151 1513 gratissima
1167 1483 1235 1504 ser-

219 1531 322 1561 viatis
353 1531 384 1560 et
410 1529 586 1559 ecclesiam
615 1529 725 1567 ipsam
760 1528 801 1557 ad
836 1536 933 1557 omne
959 1528 1063 1558 vestri
1094 1527 1234 1557 honoris

220 1584 437 1623 augmentum
466 1582 680 1612 constituatis
712 1580 808 1611 vobis
842 1582 1004 1619 perpetuo
1036 1580 1230 1620 obligatam.

219 1637 345 1668 Datum
363 1637 397 1666 ut
413 1645 526 1674 supra,
544 1644 563 1664 v
582 1634 745 1665 kalendas
762 1634 852 1673 julii.
874 1644 889 1663 11

260 1689 298 1719 Ι11
329 1689 473 1719 eundem
512 1688 647 1718 modum
677 1712 696 1718 ..
734 1687 986 1726 archiepiscopo
1024 1687 1232 1726 Compostel-

219 1741 297 1773 lano
316 1744 347 1773 et
363 1742 586 1780 sutl'raganeis
604 1742 687 1781 ejus.

259 1796 299 1826 In
323 1795 465 1826 eundem
484 1795 621 1825 modum
647 1817 666 1825 ..
686 1794 940 1833 archiepiscopo
960 1791 1183 1824 Bracharensi
1201 1795 1233 1824 et

220 1849 443 1888 suffraganeis
462 1849 545 1888 ejus.

259 1902 298 1932 In
330 1902 473 1931 eundem
514 1901 649 1931 modum

220 1954 444 1992 sull'raganeis
463 1954 547 1993 ejus.

260 2007 298 2037 In
324 2007 478 2037 eumdem
506 2007 642 2036 modum
670 2031 689 2036 ..

219 2061 344 2091 letane.

259 2113 297 2143 In
326 2112 468 2142 eundem
501 2112 637 2141 modum
658 2135 676 2142 ..

220 2166 253 2196 et
269 2165 490 2203 suli'1·21gnr1cis
511 2165 594 2203 ejus.

258 2219 296 2248 In
327 2218 471 2248 eundem
504 2217 677 2248 modum..
709 2217 962 2256 archiepiscopo
1002 2217 1174 2248 Auxitauo
1200 2218 1232 2248 et

219 2271 439 2310 suffraganeis
457 2271 540 2310 ejus.

257 2324 296 2354 In
330 2324 473 2354 eundem
504 2324 640 2354 modum
667 2346 686 2353 ..

218 2378 251 2408 et
268 2377 490 2416 suffraganeis
504 2377 587 2416 ejus.
611 2389 625 2403 »

676 1925 695 1930 ..
715 1900 968 1939 archiepiscopo
995 1900 1178 1938 Yspalensi
1201 1901 1234 1930 et

726 2005 949 2044 suffraganeis
975 2005 1117 2035 ecclesie
1156 2006 1233 2036 Tol-

704 2111 955 2150 archiepiscopo
988 2111 1232 2150 Burdegalensi

729 2323 983 2362 archiepiscopo
1018 2324 1231 2355 Narbonensi

307 2570 380 2601 ,489
803 2568 929 2599 orvieto,
947 2569 980 2595 27
994 2568 1056 2604 juin
1078 2570 1154 2597 1261.

250 2648 503 2683 Arcliiepiscopum
530 2648 703 2674 Auxitanum
724 2650 807 2683 rogat
832 2650 860 2675 et
877 2647 1008 2675 hortatur
1035 2651 1065 2675 111
1083 2650 1119 2675 ad
1137 2649 1229 2676 suble-

216 2697 322 2723 vandas
340 2696 476 2724 ecelesiae
498 2697 640 2723 Romanae
660 2697 846 2723 necessitates
863 2696 974 2723 labores
995 2696 1141 2731 impendat
1172 2699 1228 2726 sol·

216 2744 320 2773 licitos.
338 2745 414 2779 (Rea.
435 2747 478 2779 27,
498 2744 545 2771 fol.
567 2746 625 2775 135,
643 2750 672 2771 11⁰
690 2746 729 2778 3.)

259 2853 273 2868 «
292 2865 322 2871 ..
351 2840 579 2881 archiepiscopo
599 2840 769 2871 Auxitano.
798 2841 976 2872 Generalis
1000 2841 1140 2872 ecclesie
1164 2844 1226 2873 etc.

217 2901 324 2932 usque
341 2894 570 2932 presidemus,
589 2902 747 2933 magnum
772 2895 803 2925 et
822 2893 1020 2925 honorabile
1038 2895 1227 2926 membrum

1042 223 1262 255 REGISTRE
1283 214 1498 253 CAMERAL

1299 314 1374 336 esse
1407 305 1606 341 dinosceriS,
1628 305 1744 343 sieque
1768 305 1903 335 sortiris
1920 314 1995 336 cum
2015 306 2100 344 ipsa,
2127 308 2188 336 etc.
2217 309 2253 336 ut
2277 307 2311 336 in

1297 359 1417 398 prima,
1430 357 1544 389 verbis
1561 359 1789 396 competenter
1805 358 1946 389 mutatis
1962 359 1996 388 in
2009 359 2186 398 singulari,
2205 368 2311 398 usque

1298 420 1536 450 expensarum.
1548 411 1654 446 Unde,
1669 420 1744 441 cum
1761 413 1898 450 propter
1911 412 1972 442 hoc
1990 421 2008 442 a
2026 413 2172 452 singulis
2184 413 2311 452 coepis-

1297 465 1391 504 copis
1422 466 1455 495 et
1479 464 1641 495 fratribus
1669 464 1808 501 nostris,
1835 473 1963 495 necnon
1989 464 2029 495 ab
2054 465 2132 495 aliis
2157 466 2308 496 ecclesia·

1296 526 1372 548 rum
1402 518 1555 557 prelatis,
1586 516 1801 556 regularibus
1831 518 1863 547 et
1879 517 2100 553 secularibus,
2127 527 2313 557 eorumque

1296 570 1456 609 capitulis
1474 572 1506 601 et
1521 569 1744 601 conventibus
1758 571 1815 600 tue
1829 571 2001 609 provincie
2014 571 2229 601 caritativum
2247 574 2309 601 ete.

1296 632 1404 662 usque
1436 623 1662 662 postulemus,
1697 623 1947 654 fraternitatem
1977 626 2080 661 tuam,
2112 624 2208 662 cujus
2235 625 2309 654 dili-

1296 675 1445 714 gentiam
1468 677 1529 706 etc.
1555 684 1662 714 usque
1687 684 1866 714 speramus
1890 678 1922 706 et
1951 676 2120 707 credimus
2155 677 2243 715 quod
2279 679 2311 707 te

1297 736 1399 767 super
1416 728 1482 759 hiis
1512 730 1568 759 tue
1587 729 1867 768 promptitudinis
1895 729 2074 760 exhibente
2100 730 2249 760 favorem
2279 731 2311 760 et

1296 781 1431 812 labores
1448 782 1663 821 impendente
1679 782 1846 813 sollicitos
1865 806 1871 812 .
1891 806 1896 811 .
1918 806 1924 812 .
1943 784 2003 813 etc.
2022 783 2176 822 usquein
2196 784 2308 813 tinem.

1295 834 1475 871 Datumss'ut
1491 843 1604 873 supra.

1335 889 1374 918 In
1395 888 1538 918 eundem
1569 889 1705 918 modum
1726 912 2308 920 .....................

1386 1077 1459 1108 470
1888 1076 2012 1109 Orvieto,
2034 1078 2066 1104 23
2078 1077 2140 1112 juin
2161 1079 2236 1105 1261.

1332 1155 1536 1190 Infraseriptos
1557 1156 1592 1182 ud
1608 1154 1782 1190 adjutorium
1804 1155 1942 1182 ecelesiae
1959 1155 2082 1183 invocat.
2101 1157 2180 1192 (nm.
2196 1160 2239 1189 27,
2262 1158 2311 1186 fol.

1299 1205 1346 1230 ¹35
1361 1209 1401 1236 νῦ,
1419 1208 1450 1230 110
1468 1205 1506 1238 1.)

1337 1314 1351 1329 «
1368 1301 1620 1341 Areliiepiscopis
1631 1306 1658 1330 el
1675 1301 1836 1341 episcopis,
1857 1311 1891 1329 (lc
1907 1300 2025 1330 dilectis
2039 1301 2115 1340 filiis
2128 1302 2239 1339 electis,
2261 1303 2312 1333 ab·

1297 1355 1424 1390 batibus,
1437 1347 1606 1394 prioribus,
1621 1354 1754 1391 decanis,
1769 1354 2005 1391 archidiaconis,
2017 1355 2195 1395 prepositis,
2210 1356 2313 1385 arelli-

1293 1408 1478 1448 presbylcris
1488 1418 1650 1447 corumque
1668 1407 1813 1447 capitulis
1825 1413 1852 1437 ec
1866 1407 2072 1445 conventibus,
2089 1408 2310 1447 Cisterciensis,

1297 1461 1598 1497 Promonslratensis,
1630 1460 1849 1497 Cluniacensis,
1878 1460 1988 1489 Sancti
2014 1460 2184 1498 Benedicti,
2203 1462 2314 1493 Sanc-li

1295 1514 1460 1554 Aziyicslini
1472 1519 1498 1543 el
1510 1513 1640 1543 aliorum
1661 1513 1814 1550 ordinum,
1830 1523 1943 1543 necnon
1956 1515 2114 1553 mayislrz's
2122 1525 2312 1557 sc’uprecep-

1297 1567 1410 1597 toi-ihus
1425 1572 1453 1596 et
1476 1567 1628 1606 fratribus
1646 1566 1802 1596 domorum
1822 1566 1933 1596 Mililie
1959 1567 2074 1607 Templi
2094 1573 2122 1597 el
2141 1567 2313 1609 Hospitalis

1294 1621 1404 1651 Sancti
1433 1620 1580 1650 johannis
1620 1620 1875 1656 Jcrosolimicani,
1913 1620 2025 1650 Jlile'eie
2057 1620 2168 1651 Sancti
2205 1621 2314 1653 Jacobi

1298 1674 1461 1711 (sodomis,
1481 1672 1718 1710 Calatraeensis,
1744 1674 1857 1702 Sancle
1879 1673 1976 1703 Mario
2010 1674 2264 1705 Tloeutonicorum
2282 1681 2312 1705 et

1294 1726 1534 1763 Roscidc-vallis,
1557 1736 1592 1755 ac
1614 1727 1720 1756 celeris
1745 1726 1940 1756 ecclesiarum
1955 1726 2086 1766 prelatis
2109 1733 2136 1757 et
2158 1727 2311 1758 ecclesias-

1295 1780 1518 1820 ticispmsonis,
1531 1780 1678 1819 exemplis
1692 1784 1718 1808 e!
1733 1790 1790 1809 non
1805 1780 1963 1819 exemptis,
1975 1789 2035 1820 pei·
2050 1780 2190 1816 castelle,
2205 1781 2312 1821 [09ἱο-

1295 1834 1352 1871 nis,
1371 1833 1561 1873 Portuqalie,
1575 1833 1713 1862 Naum-rc
1728 1837 1754 1862 ct
1771 1833 1930 1872 Arayonie
1948 1843 2042 1873 reqna
2061 1839 2088 1863 el
2108 1834 2312 1875 circumadja-

1295 1892 1392 1917 centes
1404 1891 1522 1926 partes,
1549 1896 1662 1916 necnon
1686 1896 1745 1926 per
1767 1885 1981 1916 Catlzaloniam
2009 1892 2035 1916 01
2057 1887 2258 1918 Guasconiam
2277 1898 2313 1918 ac

1295 1939 1548 1980 Bcwcleyrilensem
1585 1945 1613 1969 et
1647 1939 1871 1969 Narbonensem
1911 1940 2088 1979 proc-incias
2127 1942 2308 1972 constitutis.

1293 1994 1480 2032 Postquam
1513 1993 1728 2031 omnipotens
1756 1993 1926 2023 Dominus
1958 1995 2033 2029 etc.²
2070 1995 2105 2023 ut
2138 1993 2172 2023 111
2201 1995 2310 2032 prima

1295 2056 1358 2085 que
1381 2046 1542 2076 scribitur
1561 2071 1581 2076 ..
1603 2046 1856 2084 archiepiscopo
1879 2046 2102 2076 Braeharensi
2121 2055 2228 2086 usque
2255 2048 2309 2079 de-

1294 2099 1516 2129 liberavimus
1546 2101 1680 2129 nostras
1709 2100 1740 2129 et
1769 2099 1921 2137 ejusdem
1949 2099 2090 2129 ecclesie
2116 2100 2308 2132 1011151100-

1294 2153 1471 2183 cessitates
1494 2161 1674 2191 exponere,
1706 2155 1924 2191 vestrumque
1950 2153 2132 2183 consilium
2162 2155 2224 2184 etc.
2255 2163 2308 2185 us-

1294 2215 1358 2245 que
1386 2206 1570 2245 requirere,
1592 2206 1683 2236 velut
1702 2205 1839 2235 illorum
1860 2205 1898 2235 de
1918 2205 2057 2244 quibus.
2079 2206 2166 2237 inter
2192 2216 2310 2238 omnes

1294 2260 1513 2290 ecelesiarum
1525 2260 1674 2298 prelatos
1687 2261 1717 2289 et
1736 2259 1986 2289 ecclesiasticas
2002 2260 2118 2290 mundi
2130 2269 2307 2299 personas,

1294 2313 1475 2352 specialem
1506 2313 1664 2343 fiduciam
1691 2312 1895 2347 obtinemus,
1915 2313 2174 2343 universitatem
2195 2314 2308 2353 itaque

1292 2367 1441 2396 vestram
1459 2375 1637 2396 monemus
1655 2367 1716 2396 etc.
1735 2374 1842 2404 usque
1861 2374 1993 2395 summa
2012 2367 2166 2405 pecunie,
2187 2367 2227 2397 de
2242 2376 2309 2406 qua

1293 2419 1415 2449 dilecto
1437 2419 1505 2449 lilio
1523 2419 1684 2457 magistro
1697 2418 1830 2457 Synitio
1848 2420 1909 2448 etr.
1928 2427 2036 2457 usque
2053 2419 2305 2457 destinandum,

1293 2472 1517 2502 consideratis
1542 2471 1693 2510 ejusdem
1718 2471 1859 2502 ecclesie
1880 2472 2143 2503 necessitatibus
2170 2482 2207 2503 ae
2233 2481 2307 2512 per-

1292 2535 1452 2556 sonarum
1464 2527 1493 2555 et
1511 2525 1662 2555 locorum
1678 2524 1909 2560 facultatibus,
1929 2525 2120 2564 diligenter,
2132 2526 2230 2565 juxta
2247 2534 2308 2557 sue.

1293 2578 1510 2609 discretionis
1528 2577 1719 2612 arbitrium,
1738 2578 1898 2616 expedire
1916 2577 2097 2610 videbitur.
2117 2580 2178 2609 etc.
2199 2587 2308 2618 usque

1292 2632 1488 2666 liberemus,
1512 2640 1640 2670 nosque
1664 2631 1703 2661 ad
1732 2632 1842 2661 vestra
1869 2633 1899 2661 et
1929 2631 2151 2661 ecclesiarum
2178 2640 2214 2662 ac
2237 2640 2306 2662 mo-

1291 2685 1519 2715 nasteriorum
1541 2687 1573 2715 et
1599 2684 1755 2714 ordinum
1784 2687 1974 2715 vestrorum
2000 2685 2141 2715 comoda
2164 2686 2226 2715 etc.
2253 2693 2307 2715 us-

1291 2746 1354 2776 que
1371 2738 1610 2776 promptiores.
1636 2737 1762 2767 Datum
1780 2739 1814 2767 111
1845 2745 1959 2776 supra,
1976 2746 2010 2767 ix
2034 2737 2197 2767 kalendas
2212 2737 2305 2776 julii,

1290 2799 1377 2821 anno
1394 2791 1504 2821 tertio.
1525 2802 1541 2818 »

1329 2843 1366 2873 In
1386 2843 1530 2874 eundem
1547 2843 1684 2874 modum
1717 2842 1908 2877 abbatibus,
1922 2842 2094 2881 prioribus
2109 2844 2139 2873 et
2161 2851 2303 2874 conven-

1289 2896 1380 2928 tibus
1403 2896 1643 2927 Cisterciensis
1671 2896 1800 2926 ordinis
1821 2904 1880 2935 per
1898 2904 2000 2935 regna
2016 2895 2152 2934 Ispanie
2171 2898 2201 2926 et
2219 2897 2303 2927 Ara-
