2547 3289
1162 275 1373 307 D'URBAIN
1397 276 1454 306 IV.
2291 288 2346 315 117

269 365 310 386 ex
336 356 397 385 hoc
420 356 539 386 iterato
567 354 761 385 scandalum
788 356 926 385 oriatur.
954 356 1076 386 Datum
1101 357 1189 395 apud
1216 357 1277 387 Ur-

267 409 505 444 bemveterem,
523 418 554 437 vi
572 417 678 438 nonas
695 409 820 441 martii,
847 418 932 438 anno
950 409 1058 439 tertio.
1080 422 1094 436 n

856 603 978 633 Orvieto,
1002 605 1032 630 18
1049 604 1105 630 mai
1128 605 1202 630 1261,

357 604 429 634 [120

299 681 424 712 Alsonso,
456 681 615 708 Pictavensi
633 683 661 707 et
679 681 838 708 Tholosano
856 681 965 711 comiti,
987 683 1105 708 mandat
1129 682 1213 709 saciat
1239 690 1272 708 nc

262 730 457 765 Raymundus.
483 729 658 756 Tholosanus
684 730 844 764 episcopus,
868 730 964 755 cleriei
983 732 1009 755 et
1034 730 1097 757 laici
1118 731 1142 756 ei
1162 731 1275 757 adhae-

261 781 366 809 rentes,
382 778 531 805 occasione
543 778 737 812 inquisitionis
751 779 851 804 contra
862 786 927 804 eum
940 778 1078 809 directae,
1092 779 1119 805 in
1134 780 1269 812 personis

259 829 287 854 et
303 827 384 854 bonis
403 827 527 854 indebite
545 827 744 853 molestentur.
762 826 838 860 (nm.
857 828 904 858 27,
921 826 969 853 t'ol.
992 827 1040 852 120
1060 831 1098 857 v0,
1120 832 1150 853 n⁰
1166 827 1205 862 2.)

299 933 313 951 ((
338 921 441 951 Nobili
462 922 525 951 viro
552 921 692 960 Alfonso,
712 922 888 951 pictavensi
909 926 936 950 cl
958 922 1125 952 leolosono
1156 924 1268 955 comiti.

257 975 423 1010 Quoniam
438 975 672 1005 intelleximus
692 975 792 1013 quod,
808 976 963 1013 pretextu
982 976 1106 1014 negotii
1124 976 1271 1015 inquisi-

255 1029 361 1058 tionis
382 1030 498 1058 contra
516 1027 744 1058 venerabilem
764 1027 904 1058 fratrem
924 1030 1075 1058 nostrum
1096 1029 1268 1068 Raymun-

256 1081 347 1118 dum,
367 1081 564 1120 episcopum
582 1081 825 1115 Tholosanum,
841 1081 1027 1111 venerabili
1044 1081 1140 1112 fratri
1154 1085 1268 1113 nostro

257 1158 264 1166 .
284 1159 291 1165 .
311 1134 563 1173 archiepiscopo
577 1133 791 1165 Narbonensi
809 1134 949 1173 ejusque
961 1135 1101 1174 collegis
1116 1135 1156 1165 ab
1172 1145 1269 1175 apos-

254 1187 357 1218 tolica
392 1187 471 1218 sede
501 1187 694 1223 commisse,
725 1187 812 1217 bona
840 1187 984 1218 mobilia
1012 1190 1043 1219 et
1075 1188 1269 1219 immobilia

254 1241 395 1271 ecclesie
425 1240 615 1271 Tholosane
640 1249 676 1270 ac
703 1240 812 1279 ipsius
837 1241 989 1279 episcopi
1017 1244 1047 1271 et
1067 1241 1268 1273 clericorum

254 1302 405 1329 suorum,
428 1302 556 1324 necnon
580 1295 611 1324 et
632 1294 797 1325 laicorum
816 1293 882 1324 sibi
903 1294 1151 1332 adherentium,
1172 1304 1268 1326 occu-

253 1349 386 1386 pantur,
425 1348 656 1384 destruuntur,
694 1349 724 1378 et
764 1348 1000 1386 multipliciter
1033 1349 1264 1386 devastantur,

252 1401 426 1431 nonnullis
457 1401 514 1440 qui
544 1409 610 1431 non
633 1409 697 1440 que
726 1401 789 1431 Dei
819 1402 907 1438 sunt,
935 1403 983 1431 set
1010 1410 1074 1440 que
1101 1411 1162 1432 sua
1188 1404 1266 1434 sunt

250 1455 366 1493 potius
396 1455 430 1484 in
453 1454 647 1493 hujusmodi
665 1455 865 1493 perquirunt
886 1455 1030 1493 negotio,
1050 1464 1110 1493 pro
1135 1464 1194 1486 sue
1210 1465 1266 1487 vo-

251 1507 392 1538 luntatis
425 1507 522 1538 libito
555 1507 833 1543 debachantilms,
864 1510 894 1538 et
921 1508 1101 1546 principali
1131 1510 1264 1547 negotio

250 1560 488 1599 inquisitionis
513 1569 577 1590 non
598 1560 863 1594 intendentibus,
884 1563 918 1591 ut
933 1560 1103 1597 deberent,
1127 1570 1187 1592 nos
1206 1563 1265 1592 ali—

250 1616 418 1653 quatenus
446 1614 614 1644 sustinere
642 1613 795 1644 nolentes
823 1614 912 1653 quod
940 1613 1027 1643 bona
1051 1614 1261 1652 hujusmodi,

250 1668 433 1706 presertim
452 1667 487 1697 in
510 1667 662 1706 ejusdem
680 1667 830 1706 episcopi
850 1666 1015 1703 absentia,
1040 1668 1088 1698 sic
1108 1668 1263 1698 inhuma-

238 1716 352 1757 nitus,
374 1721 489 1759 sicque
508 1720 697 1758 periculose
714 1721 911 1756 tractentur,
937 1720 1151 1750 nobilitatem
1170 1723 1261 1752 tuam

248 1773 432 1812 rogandam
452 1773 613 1803 duximus
630 1774 790 1803 attentius
812 1774 844 1803 et
864 1773 1063 1803 hort-andam
1086 1783 1146 1812 per
1164 1783 1262 1813 apos-

246 1826 347 1857 tolica
365 1825 427 1856 tibi
446 1826 571 1865 scripta
588 1826 786 1856 mandantes
805 1827 964 1864 quatinus
980 1827 1148 1864 predictos
1169 1828 1259 1865 epis-

246 1887 368 1918 copum
386 1880 417 1909 et
440 1879 592 1913 clericos,
614 1887 743 1909 necnon
769 1881 800 1909 et
824 1879 930 1909 laicos
955 1879 1020 1909 sibi
1045 1880 1257 1917 adherentes,

246 1932 287 1962 ob
309 1933 533 1963 reverentiam
555 1932 740 1971 apostolice
759 1932 850 1962 sedis
870 1934 899 1962 et
920 1933 1084 1968 nostram,
1099 1934 1257 1971 oportuni

246 1985 372 2016 favoris
387 1986 536 2024 presidio
550 1986 730 2025 protegens
746 1985 982 2018 etdefendens.
997 1994 1062 2016 non
1074 1986 1257 2024 permittas

243 2038 338 2077 ipsos
357 2039 391 2068 in
411 2039 566 2078 personis
582 2039 635 2069 vel
650 2039 815 2074 ecclesiis,
835 2039 940 2074 villis,
960 2039 1091 2075 castris,
1108 2039 1256 2070 beveriis

243 2092 297 2122 vel
322 2092 399 2122 aliis
424 2091 522 2123 bonis
546 2100 662 2122 eorum
688 2091 728 2122 ab
751 2091 924 2130 aliquibus
948 2100 1147 2130 quacunque
1168 2101 1259 2122 occa-

244 2146 525 2184 sione,quantum
546 2146 579 2175 in
596 2146 628 2175 te
647 2145 761 2181 fuerit,
780 2145 928 2175 indebite
946 2145 1132 2179 molestari,
1148 2145 1259 2184 injun-

243 2200 360 2237 gentes
382 2199 442 2229 hoc
465 2199 577 2237 ipsum
599 2198 669 2228 tuis
687 2198 721 2228 in
741 2198 895 2237 partibus
913 2198 1117 2228 Tholosanis
1140 2207 1259 2237 prepo-

244 2251 321 2282 sitis
345 2254 375 2282 et
403 2251 553 2289 ballivis,
590 2260 657 2282 non
686 2251 899 2282 obstantibus
926 2251 1099 2290 aliquibus
1128 2251 1253 2282 litteris

242 2304 440 2342 apostolicis
469 2305 498 2335 si
525 2313 589 2343 que
607 2305 649 2335 ad
669 2306 712 2341 te,
726 2304 921 2343 hujusmodi
945 2306 1101 2343 pretextu
1116 2306 1253 2343 negotii,
1287 2295 1289 2326 5

244 2356 386 2387 forsitan
398 2359 607 2388 emanarunt.
616 2358 859 2389 Verumtamen
875 2358 1032 2388 volumus
1045 2360 1080 2388 ut
1092 2358 1253 2396 predictis

242 2410 504 2449 inquisitoribus
528 2410 562 2440 in
582 2410 712 2449 prefato
734 2411 868 2450 negotio
888 2411 1123 2449 inquisitionis
1151 2411 1255 2441 facias

242 2463 283 2493 ab
301 2463 429 2493 eisdem
447 2464 630 2502 prepositis
643 2466 674 2494 et
690 2463 828 2494 ballivis
845 2465 972 2499 assisti,
991 2464 1036 2494 ita
1053 2464 1142 2502 quod
1160 2464 1247 2494 idem

242 2517 412 2555 negotium
430 2515 560 2547 turbari
578 2518 721 2555 nequeat
739 2517 792 2547 vel
811 2517 852 2547 ab
875 2517 1047 2556 aliquibus
1074 2517 1250 2556 impediri.

241 2570 364 2600 Datum
391 2570 479 2608 apud
496 2569 784 2606 Urbemveterem,
805 2579 846 2600 xv
863 2570 1025 2600 kalendas
1042 2570 1144 2609 junii,
1166 2579 1252 2600 anno
1285 2586 1286 2590 =

242 2623 351 2654 tertio.
371 2634 386 2651 »

834 2807 957 2837 Orvieto,
978 2808 1007 2833 ¹8
1026 2808 1082 2834 mai
1101 2809 1178 2835 1261.

332 2810 400 2841 421

276 2892 437 2920 Senescallo
450 2892 610 2919 Tholosano
629 2891 704 2918 idem
718 2891 911 2918 committitur
927 2891 1084 2926 negotium.
1105 2892 1191 2926 (Rssc.
1206 2893 1250 2923 27,
1282 2923 1283 2927 ¹

238 2941 288 2977 fol.
305 2943 354 2967 120
372 2947 408 2972 v0,
429 2945 460 2968 n⁰
479 2943 516 2975 3.)

1379 368 1393 386 ((
1410 358 1511 388 Nobili
1527 360 1589 389 niro
1610 384 1614 390 .
1633 386 1639 392 ,
1659 362 1819 391 senesmllo
1839 363 1867 391 in
1881 364 2021 402 partibas
2044 365 2216 395 Tlmlosmzis
2236 368 2344 398 nobilis

1338 411 1397 439 viri
1425 411 1559 449 Alfatzsi,
1580 413 1764 443 Pium-ensis
1787 421 1813 445 el
1846 416 2004 445 leolosaemi
2022 420 2151 449 comitis.
2175 420 2342 455 Quoniam

1339 464 1569 495 intelleximus
1586 469 1659 501 etc,
1679 470 1840 507 utsupra.
1861 470 1980 500 Datum
2003 475 2035 501 ut
2056 473 2088 501 in
2108 472 2184 503 alla.
2207 486 2219 499 »

1427 563 1499 594 422
1922 568 2046 595 tsstrvieto.
2070 572 2097 596 18
2117 571 2172 597 mai
2194 573 2269 599 1261.

1373 641 1533 668 Seneseallo
1563 643 1781 671 Cau-vassoneasi
1809 648 1835 672 et
1857 647 2009 674 Biterrensi
2042 650 2115 676 idem
2142 653 2336 679 ‹·‹:›11·1111iuin¹1·

1337 689 1493 723 negotium.
1514 691 1590 716 (Ihm.
1607 692 1651 723 27,
1667 692 1714 718 t'ol.
1735 695 1780 718 120
1798 700 1832 719 ν).
1852 701 1880 720 110
1898 697 1922 721 st.

1377 797 1391 812 «
1408 786 1512 815 Nobili
1529 787 1592 816 1-1ιό
1610 813 1615 818 .
1638 811 1644 817 .
1661 789 1821 818 senescallo
1845 791 1874 819 in
1891 793 2031 831 pas-(ihm-
2052 794 2337 828 Fas-rassfflzensihus

1333 844 1359 868 et
1374 839 1596 869 Bitm-r‹›nsilms
1613 842 1760 871 rarissimi
1778 843 1807 871 in
1826 842 1947 873 Clertsssto
1963 846 2023 883 filii
2044 849 2137 876 masi
2156 875 2161 879 .
2185 873 2190 879 .
2211 850 2339 881 illuseris

1333 892 1411 931 regis
1428 892 1627 923 Francorum.
1644 896 1810 930 Quoniam
1833 897 2063 929 intelleximus
2082 904 2155 933 vro..

1331 954 1390 984 per
1409 948 1525 976 totum.
1547 956 1561 973 »

2182 906 2212 932 ut
2235 914 2335 942 supra

1420 1119 1492 1151 423

1813 1123 1935 1155 Orvieto,
1955 1126 1988 1150 2-2
2004 1127 2165 1160 sept-‘embre
2188 1129 2262 1156 ¹263.

1364 1198 1517 1225 Guillelmo
1534 1199 1567 1225 ‹le
1589 1199 1752 1235 Triangulo,
1777 1204 1914 1230 canonico
1933 1206 2098 1232 senonensi.
2117 1208 2336 1240 canonicatum,

1328 1247 1520 1281 praebendam
1550 1250 1576 1274 et
1599 1251 1782 1282 personatum
1812 1252 1948 1278 ecclesiae
1979 1254 2112 1280 ‚tielensis
2139 1257 2278 1288 coneedit,
2307 1258 2330 1284 si

1328 1298 1430 1323 vacant
1445 1296 1488 1322 vel
1503 1297 1716 1331 quamprimum
1734 1301 1905 1327 vacaverint.
1923 1302 2001 1333 (Res.
2020 1304 2062 1334 27,
2083 1304 2131 1330 t'ol.
2153 1306 2213 1335 121,
2234 1310 2264 1331 110
2286 1306 2320 1337 1.)

1369 1403 1382 1418 «
1415 1390 1574 1421 Guillelmo
1598 1391 1633 1420 de
1659 1391 1838 1432 Trianqulo,
1868 1393 2025 1433 capellano
2055 1401 2166 1431 nostro,
2192 1397 2336 1426 canonico

1327 1443 1504 1473 Senonensi.
1530 1445 1724 1484 Exposcunt
1745 1448 1799 1477 tue
1825 1447 2014 1477 devotionis
2031 1466 2080 1478 —.
2106 1449 2229 1479 Datum
2247 1451 2335 1489 apud

1327 1497 1614 1535 Urbemveterem,
1634 1509 1651 1527 x
1669 1499 1831 1529 kalendas
1848 1500 2005 1532 octobris.
2025 1510 2110 1532 anno
2129 1503 2241 1533 tertio.
2260 1513 2274 1531 »

1417 1673 1487 1704 424
1814 1674 1936 1705 Orvieto,
1952 1676 1985 1701 22
2001 1677 2166 1710 septembre
2186 1678 2261 1704 1263.

1359 1749 1542 1784 infrascripto
1560 1752 1703 1785 predictae
1721 1753 1875 1780 committit
1899 1755 2095 1781 executionem
2125 1756 2330 1783 concessionis.

1325 1798 1404 1832 (nm.
1418 1800 1462 1829 27,
1484 1798 1530 1826 fol.
1553 1801 1611 1831 121,
1631 1805 1661 1826 n⁰
1676 1802 1716 1835 2.)

1364 1900 1378 1919 «
1401 1915 1406 1920 .
1430 1915 1435 1920 .
1453 1891 1554 1930 priori
1569 1893 1746 1922 monasterii
1760 1893 1794 1923 S.
1811 1894 2033 1933 Simphorirnzi.
2048 1895 2164 1924 ordinis
2181 1896 2214 1926 S.
2237 1895 2332 1925 Bene-

1322 1941 1397 1971 dicti
1416 1953 1451 1972 ac
1473 1967 1478 1973 .
1500 1969 1505 1974 .
1529 1943 1641 1974 decano
1667 1946 1793 1985 majoris
1815 1946 1937 1976 ecclesie
1962 1947 2114 1978 itJetensis.
2139 1949 2328 1986 Exposcunt

1322 1995 1447 2032 dilecti,
1460 1996 1521 2026 filii
1535 2015 1583 2028 —.
1598 1998 1722 2028 Datum
1736 2000 1824 2038 apud
1832 1999 2119 2031 Urbemveterem.
2134 2011 2152 2030 x
2169 2001 2331 2031 kalendas

1322 2049 1478 2085 octobris,
1499 2059 1585 2080 anno
1603 2051 1714 2081 tertio.
1738 2064 1751 2079 n

1815 2223 1938 2254 Orvieto⁷
1958 2225 1989 2250 23
2007 2224 2158 2251 decembre
2181 2227 2259 2252 1263,

1412 2224 1483 2255 425

1356 2301 1562 2330 Archidiacono
1580 2303 1715 2329 Meldensi
1733 2303 1888 2329 committit
1908 2303 2104 2330 ‹letemionein
2120 2308 2221 2332 contra
2242 2315 2332 2340 quos-

1318 2358 1439 2385 cumque
1457 2351 1656 2378 molestatores
1675 2354 1702 2378 et
1721 2351 1967 2378 conservationem
1982 2352 2092 2387 jurium
2111 2353 2210 2380 decani
2232 2357 2257 2379 et
2286 2363 2330 2381 ca-

1317 2399 1401 2434 pituli
1418 2401 1444 2426 S.
1461 2400 1563 2427 Auiani
1579 2400 1802 2427 Aurelianensis.
1819 2401 1896 2435 (nse.
1912 2402 1956 2426 27.
1974 2400 2024 2427 sol,
2046 2403 2086 2427 121
2112 2407 2150 2433 v0,
2173 2408 2201 2428 11Ο
2223 2404 2258 2437 t.)

1356 2502 1371 2521 «
1390 2492 1615 2522 Arclzidiacono
1634 2492 1789 2522 Meldensi.
1810 2493 1849 2523 Et
1867 2493 1895 2522 si
1910 2492 2117 2531 quibuslibet
2132 2513 2180 2525 —.
2200 2495 2326 2525 Datum

1316 2546 1405 2584 apud
1442 2546 1736 2582 Urbemveterem,
1779 2556 1799 2576 x
1837 2546 1997 2576 kalendas
2032 2547 2202 2585 januarii,
2242 2556 2328 2578 anno

1316 2598 1428 2629 tertio.
1449 2611 1463 2626 »

1407 2766 1479 2798 426
1869 2763 1990 2793 Oiwieto,
2009 2763 2025 2789 4
2039 2763 2153 2799 janvier
2176 2765 2252 2792 1264.

1347 2843 1539 2878 Infrascriptis
1556 2843 1670 2870 mandat
1689 2845 1827 2876 quatenns
1845 2842 1979 2869 (lanfrido
1997 2843 2030 2869 :le
2052 2842 2165 2870 ⁴trliaeo
2184 2844 2218 2869 ‹le
2243 2852 2321 2878 prae·

1313 2893 1402 2919 benda
1422 2893 1533 2927 integra
1562 2893 1590 2919 in
1611 2891 1731 2918 eeclesia
1762 2891 1927 2917 Nivernensi
1958 2891 2138 2925 provideant.
2169 2892 2250 2925 (nm.
2280 2894 2322 2923 27,

1313 2940 1361 2968 fol.
1380 2943 1424 2968 121
1444 2947 1479 2972 w,
1499 2947 1528 2968 11ο
1544 2943 1584 2973 2.)
