2547 3289
1038 204 1278 242 'rRoIsOEME
1301 204 1462 240 ,xxxi-313.

206 293 327 323 iterato
355 294 521 332 requiras,
549 294 645 332 juxta
674 294 832 324 traditam
858 294 919 324 tibi
950 294 1108 330 formann
1135 297 1165 324 et
1188 294 1251 324 εἰς-

207 345 272 384 ipsi
297 346 357 376 illa
385 346 567 377 efficaciter
594 347 779 385 adimplere
807 347 985 383 voluerint,
1011 349 1042 377 et
1068 356 1127 385 pro
1152 347 1217 376 hiis

206 399 445 436 adimplendis,
460 399 532 429 sine
548 399 727 438 cujuslibet
741 408 833 429 more
847 400 1035 438 dispendio.
1053 400 1139 429 bona
1155 400 1216 429 tide

206 460 242 481 se
258 460 370 481 coram
390 454 423 482 te
437 453 630 491 ,iuramento
645 453 867 482 astrinxerint
889 455 918 482 et
939 452 1161 491 obligaverint
1181 462 1216 482 se

205 503 279 540 tibi,
299 504 539 543 obligationem
561 505 736 543 recipienti
759 505 830 534 vice
849 507 975 541 nostra,
997 505 1059 535 snb
1077 506 1217 544 ydoneis

206 559 237 587 et
256 557 504 588 sufficientibus
527 558 733 596 pecuniariis
753 559 859 596 penis.
879 558 918 588 de
943 558 1066 596 quibus
1092 559 1216 588 rideris

205 611 376 648 expedire,
399 620 435 641 ac
461 620 496 641 se
514 613 546 641 et
564 611 735 641 (ivitatem
761 620 876 641 eorum
900 613 996 650 penis
1017 612 1217 650 privationis

204 663 504 702 archiepiscopalis
532 664 708 702 dignitatis
740 673 776 693 ac
804 665 1060 703 privilegiorum
1085 674 1217 694 conces-

209 725 323 746 sorum
342 717 391 746 eis
411 726 428 746 a
446 717 525 746 sede
542 717 703 754 predicta,
722 717 940 755 omniumque
960 718 1122 747 bonorum
1141 726 1215 747 sno-

205 778 281 799 rum
294 770 412 807 sponte
428 768 644 806 subjecerint,
659 771 705 801 tu,
717 771 896 807 postquam
910 770 974 808 ipsi
987 771 1216 808 jin-amenum]

205 823 237 852 et
255 821 495 860 obligationem
515 821 709 860 hujusmodi
738 821 834 859 plene
862 823 1083 860 prestiterim,
1113 832 1216 861 seque

203 874 398 913 hujusmodi
415 874 597 912 privationi
615 875 860 910 summiserint,
879 877 909 904 et
926 875 1075 904 confecta
1092 876 1217 905 fuerint

203 927 390 966 superbiis
416 927 552 965 publica
576 927 812 963 instrumenta,
835 928 1020 965 predictam
1048 928 1216 958 interdicti

203 980 418 1016 sententiam,
435 980 533 1018 juxta
553 980 696 1010 formam
730 980 792 1010 tibi
821 989 922 1018 super
954 981 1012 1010 hoc
1043 981 1215 1015 traditam,
1248 1015 1249 1022 ἵ

203 1033 403 1064 auctoritate
422 1035 539 1069 nostra
565 1033 765 1071 suspendas.
786 1033 909 1063 Datum
928 1033 1017 1071 apud
1038 1033 1219 1064 Urbemve-
1248 1027 1249 1038 ¹

203 1088 322 1122 terem=
343 1095 401 1115 xm
422 1086 585 1115 kalendas
604 1085 810 1121 novembris,
832 1095 918 1116 anno
938 1086 1048 1116 tertio.
1072 1097 1086 1112 n

743 1271 866 1298 (li-victo.
887 1272 918 1298 19
933 1272 1048 1298 octobre
1069 1272 1143 1299 1203.

297 1272 365 1302 721

237 1354 429 1381 Janucnsibus
446 1356 562 1382 mandat
588 1356 704 1382 mittant
729 1356 943 1382 ambassatorcs
967 1356 1003 1382 ad
1022 1357 1120 1382 sedem
1137 1364 1217 1390 apos-
1248 1369 1249 1391 ;

199 1403 330 1434 tolicam,
345 1404 380 1429 ad
398 1412 497 1438 pacem
513 1412 577 1430 cum
596 1404 710 1430 Venetis
729 1405 985 1435 ineundam.(REG.
1003 1405 1046 1432 28.
1064 1404 1111 1431 t'ol.
1123 1406 1155 1431 81
1175 1409 1216 1436 νῦ,

199 1459 258 1477 cur.
277 1460 345 1479 ann.
364 1452 407 1483 ΙΙΙ,
428 1457 458 1478 n⁰
480 1453 519 1487 Τ.)

240 1575 254 1590 «
275 1589 280 1594 .
301 1565 476 1604 .poleslali,
498 1563 624 1593 consilio
641 1569 668 1592 ct
691 1565 840 1594 communi
857 1564 1060 1594 januensibus
1073 1566 1215 1605 spiritum

199 1617 320 1647 consilii
338 1618 481 1646 sanim-ss.
508 1617 672 1648 Navicule
692 1618 783 1647 Petri
802 1626 903 1656 quam
922 1635 970 1648 —.
992 1618 1215 1648 Attendentes

199 1671 304 1710 igitur
337 1673 369 1701 et
406 1671 511 1701 tlebili
549 1671 768 1701 meditatione
804 1673 986 1709 pensantes
1025 1673 1213 1701 castrorum

198 1724 413 1762 aliorumque
427 1724 579 1754 locorum
595 1724 749 1753 incendia
769 1726 800 1754 et
820 1724 1113 1762 depopulationes,
1133 1728 1215 1754 stra-

197 1785 256 1816 ges
276 1786 455 1815 corporum
478 1779 509 1807 et
535 1777 694 1807 interitus
719 1777 921 1813 animarum,
945 1786 980 1807 ac
1001 1777 1067 1807 alia
1085 1778 1213 1815 pericu-

197 1830 272 1860 losa
303 1830 482 1869 dispendia
512 1839 575 1868 que
609 1830 657 1860 rei
690 1829 824 1868 publice
860 1830 1136 1866 christianitatis,
1172 1840 1212 1860 ex

198 1883 367 1913 discordia
383 1883 465 1913 olim
479 1883 566 1913 inter
579 1892 638 1913 vos
651 1885 682 1913 et
696 1884 845 1913 Venetos
859 1884 1033 1917 suscitata,
1049 1884 1213 1913 accidisse

196 1936 360 1966 hactenus
381 1938 413 1966 et
440 1936 590 1966 accidere
611 1936 738 1975 jiigitei·
759 1937 993 1972 dinoscuntur,
1011 1938 1043 1966 et
1061 1937 1212 1966 conside-

195 1991 310 2021 rantes
329 1990 429 2028 quod,
458 1989 653 2028 hujusmodi
683 1990 858 2020 occasione
883 1989 1062 2020 discordie
1090 1999 1212 2028 corpus

195 2042 365 2082 generalis
380 2042 522 2072 ecclesie
539 2041 691 2072 membro
706 2042 935 2077 nobilissimo,
956 2043 1104 2080 Imperio
1124 2042 1212 2072 vide·
1242 2056 1243 2075 1

195 2095 274 2125 licet
297 2095 687 2134 Constantinopolitano,
716 2095 868 2125 totaliter
892 2095 1117 2129 mutilabitur,
1144 2096 1210 2125 nIsi

196 2148 295 2178 aliter
321 2156 422 2186 super
446 2148 506 2177 hoc
530 2148 730 2177 duxerimus
755 2148 1013 2186 providendum,
1041 2148 1209 2187 disposui-

194 2209 271 2230 mus
299 2200 441 2231 firmiter
466 2201 500 2230 in
526 2201 638 2231 auimo
665 2203 781 2231 nostro
804 2201 891 2231 inter
916 2209 976 2231 vos
1005 2203 1035 2232 et
1062 2203 1210 2232 Venetos

195 2254 291 2292 ipsos
318 2254 411 2292 pacis
433 2254 580 2293 cogitare
599 2254 753 2288 consilia,
775 2256 806 2284 et
825 2263 969 2289 omnem,
993 2255 1026 2284 in
1045 2257 1207 2293 quantum

194 2307 381 2345 apostolica
399 2315 434 2337 se
451 2307 610 2338 extendet
624 2307 808 2337 auctoritas
822 2309 853 2337 et
867 2309 1030 2345 potestas,
1050 2308 1208 2338 adhibere

194 2368 293 2398 opem
318 2362 350 2390 et
371 2368 507 2398 operam
533 2361 717 2396 efficacem,
738 2361 834 2390 firmo
858 2361 1072 2391 intendentes
1090 2370 1208 2400 propo·

193 2412 260 2442 sito
291 2414 322 2443 et
347 2413 534 2443 intentione
560 2413 675 2443 stabili
702 2415 929 2452 proponentes
954 2414 988 2443 in
1012 2414 1207 2452 hujusmodi

193 2465 289 2504 pacis
321 2467 354 2495 et
386 2466 563 2496 concordie
592 2466 748 2496 inchoare
776 2468 966 2499 tractatum,
1000 2468 1048 2502 ut,
1080 2466 1207 2506 absque

193 2518 460 2552 intermissione,
483 2518 683 2549 insistamus
706 2519 827 2554 eidem,
851 2521 882 2549 et
900 2519 1029 2549 tamdiu
1048 2520 1207 2550 continua
1237 2539 1238 2555 2

194 2571 291 2601 illum
314 2571 491 2610 vigilantia
512 2580 770 2610 prosequamur,
796 2572 900 2602 donec
924 2572 1013 2602 idem
1042 2574 1207 2603 tractatus

192 2624 235 2654 ad
251 2624 363 2662 finem,
379 2624 512 2655 favente
526 2625 683 2661 Domino,
700 2625 903 2663 perducatur
925 2626 1089 2664 optatum.
1114 2626 1206 2656 Ideo-

190 2686 257 2717 que
287 2678 545 2708 universitatem
579 2679 726 2708 vestram
758 2686 948 2714 monemus,
983 2687 1142 2717 rogamus
1175 2681 1205 2709 et

190 2731 365 2761 hortamur
383 2732 508 2762 attente
531 2739 590 2769 per
613 2731 799 2770 apostolica
819 2731 945 2770 scripta
963 2731 1115 2762 districte
1134 2740 1206 2770 pre-

191 2784 358 2822 cipiendo,
388 2785 588 2814 mandantes
611 2784 784 2823 quatinus,
809 2784 897 2814 sicut
921 2784 1072 2814 divinam
1091 2793 1203 2815 caram

189 2836 323 2868 habetis
339 2837 496 2877 gratiam,
513 2837 602 2867 infra
618 2837 719 2867 unius
739 2837 867 2867 mensis
890 2837 1038 2876 spatium
1056 2846 1074 2867 a
1092 2846 1203 2876 recep-

190 2890 283 2920 tione
300 2890 510 2929 presentium
527 2890 801 2929 computandum,
821 2898 921 2928 quem
937 2898 996 2928 pro
1014 2892 1204 2928 perempto·
1232 2901 1234 2914 ε

2227 212 2284 240 343

1273 293 1304 323 io
1332 293 1430 323 vohis
1462 294 1659 332 pretigimns
1685 294 1853 323 termino.
1883 293 2088 332 sollenipms
2115 293 2285 322 ambassa-

1279 348 1369 376 tores
1386 346 1437 376 vel
1455 347 1625 384 syndicus,
1641 347 1799 375 babentes
1820 357 1836 375 a
1851 347 1944 375 vobis
1962 347 2153 376 mandatnm
2173 346 2283 384 plcna-

1278 399 1365 428 rium
1384 400 1604 437 componendi
1632 402 1659 429 ct
1687 400 1978 437 eoinpronnuendi
2004 409 2104 437 supe-1·
2128 399 2284 428 omnibns

1278 451 1469 481 discordiis.
1493 453 1606 482 causis>
1634 461 1691 482 sen
1720 453 1959 481 controversiis
1981 461 2044 490 qm¹
2071 452 2156 481 inter
2178 461 2235 479 vos
2254 454 2282 481 ct

1279 505 1446 543 predictos
1465 508 1639 534 vertuntur
1665 507 1819 535 chctos.
1836 506 1874 534 ad
1898 509 2045 535 nostram
2067 505 2283 543 presentiam,

1278 557 1411 587 sublato
1443 558 1620 594 cujuslibet
1651 559 1860 587 dit'ticnltatis
1881 558 2066 593 obstaculo,
2095 558 2283 591 destitutis,

1248 599 1249 609 ἵ
1278 610 1567 640 ambassatoribus
1596 620 1654 640 scu
1688 611 1839 649 symlicis
1880 611 1963 649 ipsis
2001 611 2096 639 illnm
2128 611 2283 640 ultimum

1280 663 1477 692 intentionis
1503 666 1613 693 restro
1643 664 1866 701 propositnni,
1893 664 1979 701 quod
2001 673 2101 701 snper
2127 664 2285 693 rct'orma-

1248 731 1249 747 l
1278 716 1368 745 tione
1384 716 1575 753 hujusmodi
1597 717 1689 754 pacis
1710 720 1741 746 et
1760 717 1935 745 concordie
1954 716 2074 745 balufre
2094 717 2282 751 noscimini,

1278 769 1425 798 finaliter
1450 769 1690 806 exl‘trimentos.
1716 770 1785 798 Nos·
1804 769 1892 798 enim
1921 769 2052 798 dilectis
2075 769 2154 798 tiliis
2182 769 2285 798 nobili

1278 821 1350 850 viro
1376 846 1381 851 .
1401 846 1406 851 .
1431 821 1519 853 duci,
1537 822 1679 850 consilio
1695 824 1725 851 ot
1744 822 1912 851 ctusnnmni
1934 823 2135 851 Vcnetorum
2156 822 2286 851 similo-s

1279 874 1387 911 quoad
1409 874 1500 911 ipsos
1516 874 1647 903 litteras
1667 875 1889 904 destinamus.
1906 875 2026 903 Datum
2047 875 2132 912 apud
2152 875 2286 903 t’rlwm—

1278 929 1437 961 veterem,
1471 935 1546 956 xnn
1580 927 1741 956 kalendas
1774 927 1978 960 novembris,
2012 936 2098 956 anno
2127 928 2236 956 tertio
2274 939 2286 953 vr

1319 1039 1356 1068 In
1374 1040 1515 1068 eundem
1539 1040 1674 1068 modum
1704 1039 1806 1068 nobili
1827 1040 1897 1068 viro
1924 1062 1954 1068 ..
1981 1039 2067 1068 duci.
2090 1040 2231 1068 consilio
2256 1042 2287 1069 ct,

1279 1092 1448 1121 comnmni
1467 1093 1685 1127 Yenetorum,
1705 1092 1843 1121 mutatis
1862 1092 2042 1121 mutandis.

1368 1274 1440 1303 722
1818 1273 1940 1299 orvicts„
1955 1274 1988 1299 23
2004 1273 2118 1299 octobr*¹
2140 1274 2213 1299 120134

1314 1356 1351 1381 Dc
1387 1355 1578 1390 publicatione
1609 1356 1747 1382 bonorum
1780 1357 1884 1382 civium
1917 1356 2097 1383 Sericusium.
2131 1357 2208 1389 {lli-20.
2243 1359 2286 1382 *J

1279 1403 1327 1430 sol.
1346 1404 1390 1430 82.
1409 1405 1509 1431 cnrial.
1527 1412 1594 1430 ann.
1614 1404 1660 1430 111.
1678 1409 1708 1430 n⁰
1723 1408 1763 1430 Ν.)

1319 1520 1333 1535 «
1351 1509 1499 1548 ⁴lsayistro
1516 1509 1634 1543 Miloniv
1653 1509 1796 1548 scriptori
1812 1513 1839 1537 cl
1865 1509 1970 1537 nuntio
1991 1513 2091 1536 noso-u
2109 1509 2139 1536 in
2159 1507 2288 1537 anm'e

1278 1567 1304 1590 el
1321 1561 1431 1601 Anqlie
1448 1563 1558 1599 requi&
1576 1562 1676 1595 Olim,
1698 1562 1853 1600 exigente
1867 1562 2007 1600 pertidia
2022 1562 2146 1591 civium
2163 1563 2285 1591 Senen-

1277 1615 1365 1645 simn
1384 1616 1441 1653 qni
1467 1615 1637 1645 civitatem
1661 1615 1844 1645 Scuensem
1864 1615 1923 1644 hoc
1947 1617 2097 1652 tempore
2122 1615 2283 1647 detinent,

1276 1667 1363 1697 bona
1382 1668 1533 1706 ipsorum
1552 1677 1659 1706 usque
1678 1668 1719 1697 ad
1738 1668 1851 1697 decem
1879 1668 1973 1697 milia
1993 1676 2181 1697 marcarum
2205 1670 2284 1697 ster-

1275 1720 1456 1759 lingorum,
1467 1721 1506 1750 de
1517 1721 1658 1750 fratrum
1670 1722 1862 1750 nostrorum
1873 1720 2027 1754 consilio,
2037 1720 2284 1749 sententialiter

1275 1773 1525 1812 publicavimus
1553 1773 1798 1808 distribuenda,
1825 1773 1985 1803 tradenda
2012 1776 2039 1803 et
2067 1773 2282 1811 assignanda,

1271 1827 1368 1865 Juxta
1387 1828 1539 1857 nostrum
1559 1826 1737 1856 arbitrium
1752 1828 1782 1856 ct
1801 1826 2007 1861 mandatum.
2024 1828 2120 1864 prout
2140 1826 2170 1855 in
2189 1835 2283 1863 apos-

1275 1880 1386 1909 tolicis
1403 1880 1526 1909 litteris
1543 1888 1644 1918 super
1662 1879 1722 1909 hoc
1741 1879 1913 1914 confectis,
1929 1879 2063 1916 plenius
2080 1879 2281 1913 continetur,

1274 1933 1467 1971 nostrisque
1492 1932 1553 1962 tibi
1582 1932 1644 1961 sub
1673 1934 1763 1962 certa
1790 1933 1896 1962 forma
1921 1932 2077 1961 dedimus
2102 1931 2226 1961 litteris
2251 1932 2281 1961 in

1274 1986 1455 2022 mandatis,
1482 1988 1517 2016 ut
1543 1994 1602 2015 sex
1630 1985 1725 2015 milia
1759 1994 1946 2015 marcarum
1975 1985 2213 2023 sterlingorum
2243 1985 2282 2014 dc

1272 2039 1466 2078 hujusmodi
1483 2039 1596 2068 decem
1615 2039 1749 2068 milium
1766 2047 1899 2068 summa
1917 2064 1922 2068 .
1942 2062 1946 2066 .
1968 2038 2176 2076 procuratori
2196 2047 2281 2067 com-

1273 2093 1386 2123 munis
1406 2092 1544 2125 Lucani,
1570 2092 1643 2122 sine
1661 2091 1841 2130 cujuslibet
1859 2091 2071 2121 difficultatis
2095 2091 2280 2123 obstaculo,

1272 2148 1478 2185 assignares,
1498 2148 1529 2175 in
1548 2145 1730 2175 utilitatem
1751 2145 1859 2183 ipsius
1882 2146 2080 2179 communis⁷
2099 2146 2195 2182 prout
2216 2144 2280 2173 silvi

1272 2200 1430 2239 expedire
1448 2200 1613 2235 viderent,
1630 2198 1780 2228 totaliter
1795 2198 2030 2227 convertenda.
2049 2199 2186 2232 Verum,
2202 2197 2280 2235 qnia

1271 2254 1371 2284 iidem
1387 2253 1478 2283 cives
1492 2252 1659 2282 Senenses
1674 2252 1707 2281 in
1720 2251 1923 2289 profundum
1939 2251 2106 2280 malorum
2120 2251 2278 2282 demersi,

1270 2307 1488 2345 desperantes
1512 2305 1656 2335 ulterius
1679 2307 1709 2334 et
1733 2305 1835 2334 etiam
1861 2304 2147 2342 contempnentes,
2175 2312 2279 2341 nuper

1270 2362 1385 2390 contra
1404 2361 1551 2389 castrum
1568 2357 1778 2390 Radicofani,
1797 2357 1887 2395 quod
1904 2359 1953 2386 est
1971 2356 2110 2386 ecclesie
2128 2356 2278 2386 Romane

1270 2413 1417 2452 speciale
1437 2411 1642 2445 demanium,
1668 2410 1837 2440 hostiliter
1855 2410 2104 2448 processerunt,
2127 2409 2276 2447 ejusdcm

1270 2466 1370 2497 castri
1388 2464 1599 2495 territorium
1616 2464 1704 2501 ignis
1721 2463 1875 2492 incendio
1900 2464 1930 2492 et
1954 2462 2031 2491 aliis
2048 2462 2278 2500 depopulatio-

1269 2528 1349 2549 num
1369 2517 1550 2557 generibus
1566 2516 1782 2549 devastando,
1796 2523 1867 2548 nos,
1883 2515 2021 2553 dignum
2041 2517 2071 2543 et
2091 2523 2277 2552 congruum

1268 2573 1464 2611 reputantes
1492 2571 1527 2600 ut
1557 2568 1752 2599 hominibus
1780 2568 1931 2606 ejusdem
1964 2567 2084 2601 castri,
2120 2567 2277 2597 fidelibus

1267 2625 1405 2660 nostris,
1420 2624 1459 2653 de
1474 2623 1572 2653 bonis
1589 2621 1772 2652 eorundem
1789 2621 2002 2655 Senensinm,
2024 2628 2084 2658 pro
2103 2619 2209 2650 illatis
2227 2621 2276 2649 eis

1266 2677 1434 2716 dampnis,
1462 2684 1607 2714 congrue
1639 2673 1815 2712 proveniat
1845 2672 2088 2702 satisfactionis
2122 2673 2273 2707 emenda,

1266 2731 1353 2761 facta
1369 2730 1465 2769 prius
1483 2737 1584 2766 super
1607 2726 1800 2765 hujusmodi
1820 2725 1977 2764 dampnis
2001 2725 2221 2764 inquisitione
2244 2728 2275 2755 et

1266 2792 1382 2814 eorum
1410 2781 1629 2812 extimatione
1658 2778 1844 2818 prehabita,
1873 2778 1939 2808 duo
1967 2778 2061 2808 milia
2087 2787 2274 2808 marcarum

1266 2836 1505 2873 sterlingorum
1525 2833 1653 2863 eisdem
1669 2831 1877 2866 hominibus,
1890 2839 1949 2869 pro
1968 2840 2106 2861 suorum
2124 2831 2275 2861 satisfac-

1265 2889 1356 2919 tione
1379 2888 1616 2925 dampnorum,
1632 2886 1672 2915 de
1696 2885 1795 2914 bonis
1816 2884 2043 2923 predictorum
2060 2884 2272 2919 Senensium,
