2547 3289
1058 269 1297 308 DEUXIEME
1321 270 1488 307 ANNEE.
2278 280 2316 309 73

234 359 423 394 bellatores,
442 360 627 398 quinimmo
644 361 787 390 eundem
807 360 1014 390 licentiantes
1031 360 1196 395 nuntium,
1216 361 1246 390 et

233 412 277 442 ad
297 413 491 443 mandatum
511 413 618 451 ipsius
633 413 771 443 ecclesie
788 414 974 448 redeuntes,
993 413 1033 443 ab
1052 413 1154 443 ommi
1170 421 1244 442 con-

233 465 436 495 federatione
454 465 532 495 dicti
547 466 727 496 scismatici
744 466 886 496 totaliter
903 466 1053 497 recedere
1071 466 1244 501 curaretis,

235 526 301 548 non
328 518 537 548 obstantibus
555 519 724 557 aliquibus
737 519 936 558 juramentis
949 528 967 549 a
987 519 1080 549 vobis
1096 519 1245 557 prestitis

233 571 270 600 in
282 571 383 601 robur
397 570 676 602 confederationis
690 571 851 609 ejusdem,
862 581 881 602 a
898 572 1118 610 quibus,cum
1133 573 1245 602 essent

234 623 422 661 iniquitatis
446 623 592 659 vincula,
621 633 680 654 vos
704 624 863 654 duximus
878 624 1112 660 absolvendos,
1140 624 1245 654 notifi-

232 677 344 706 cantes
361 675 456 706 vobis
472 677 560 715 quod
580 685 640 707 nos
657 678 785 708 vestros
806 677 839 707 in
861 677 921 707 hac
939 679 1030 716 parte
1054 686 1242 716 processuS,

229 729 416 759 carissimis
436 729 470 759 in
490 729 620 760 Christo
643 730 722 760 filiis
750 730 895 760 nostris..
915 730 1159 767 I³rancorum,..
1179 730 1244 759 An-

230 780 401 820 glorum,..
417 781 597 816 Castelle‚..
626 782 855 820 Aragonum„.
870 782 1072 820 Portugallie
1090 783 1144 812 et..
1175 782 1242 811 Na-

232 842 326 864 varre
342 834 530 865 illustribus
547 834 693 873 regibus,
714 835 745 865 et
767 834 886 864 dilecto
912 834 993 870 tilio,
1014 834 1118 864 nobili
1142 834 1238 864 viro..

228 886 345 918 comiti
360 887 548 923 Provincie‚
571 887 754 925 ceterisque
772 886 964 917 christianis
979 886 1187 925 principibus
1211 888 1242 917 et

227 939 411 970 baronibus
426 939 659 970 ecclesiasticis
676 940 707 969 et
720 939 898 969 mundanis
917 940 984 969 tam
997 939 1037 977 in
1050 939 1241 970 cismarinis

226 1001 329 1032 quam
345 992 381 1022 in
393 991 620 1022 ultramarinis
637 991 786 1030 partibus
807 991 1008 1026 constitutis,
1026 992 1176 1031 exposito
1192 992 1240 1022 eis

227 1045 370 1084 qualiter
386 1045 518 1082 propter
534 1044 595 1074 1100
615 1044 971 1075 excommunicationis
992 1044 1072 1074 estis
1090 1045 1240 1075 innodati

228 1097 376 1131 vinculo,
390 1097 545 1127 intimare
574 1097 767 1135 diligentius
789 1105 994 1132 curaremus,
1015 1106 1051 1127 ac
1069 1097 1237 1128 inducere-

227 1158 302 1180 mus
317 1158 385 1185 eos,
406 1151 440 1179 ut
459 1158 517 1180 vos
532 1150 702 1188 tamquam
719 1150 1027 1180 excommunicatos
1047 1150 1151 1180 artius
1170 1150 1238 1180 evi-

222 1203 342 1238 tarent,
360 1211 418 1233 nec
434 1202 662 1241 permitterent
680 1211 738 1232 vos
759 1203 793 1233 in
808 1203 907 1233 terris
921 1211 1035 1233 eorum
1052 1203 1188 1238 morari,
1208 1204 1239 1233 et

222 1255 308 1287 alias
325 1264 425 1294 super
440 1255 500 1285 hoc
518 1255 740 1294 providerent,
755 1256 962 1295 proutcultui
981 1256 1149 1287 Catholice
1161 1256 1238 1287 fidei

223 1317 261 1339 ac
279 1317 439 1348 prospero
457 1309 556 1338 statui
575 1309 621 1338 rei
637 1308 769 1347 publice
793 1309 1046 1340 christianitatis
1061 1318 1237 1349 cognosce-

223 1363 295 1392 rent
307 1362 474 1401 expedire.
488 1363 557 1392 Vos
574 1362 684 1392 autem
700 1361 796 1392 firma
811 1362 920 1392 radice
937 1363 1128 1402 conceptam
1145 1363 1236 1392 mali-

222 1415 302 1445 tiam
319 1415 568 1454 prosequentes,
579 1423 643 1444 non
660 1415 770 1444 solum
784 1414 824 1445 ab
841 1415 1033 1454 hujusmodi
1049 1416 1236 1446 confedera-

220 1468 312 1498 tione
341 1468 491 1498 recedere
519 1476 586 1497 non
614 1467 766 1503 curastis,
784 1476 901 1497 verum
914 1468 1015 1498 etiam
1038 1469 1102 1507 ipsi
1119 1469 1234 1500 nuntio

221 1520 334 1560 galeas
344 1521 375 1550 et
386 1528 489 1550 naves
499 1520 617 1555 locare,
626 1521 657 1550 et
666 1520 889 1558 quammultos
898 1520 1075 1551 bellatores
1084 1521 1235 1552 dicimini

220 1573 470 1612 presumptione
489 1573 910 1611 dampnabiliconcessisse
930 1574 1038 1604 innon
1056 1574 1234 1605 minimum

222 1626 455 1656 mandatorum
465 1627 652 1656 nostrorum
660 1627 885 1664 contemptum
897 1627 928 1657 et
943 1626 1232 1667 fideipredictepe—

220 1679 365 1710 ticulum
372 1679 596 1709 manifestum.
609 1678 771 1714 Quamvis
780 1680 888 1710 autem
895 1680 975 1710 adeo
987 1680 1160 1718 superbiis
1170 1681 1232 1711 late

220 1733 353 1772 pateant
366 1733 460 1771 culpe
476 1733 584 1762 vestre
600 1732 688 1770 quod
704 1733 760 1762 vix
771 1733 878 1771 potest
896 1733 968 1763 sine
978 1733 1121 1771 quadam
1136 1734 1231 1773 culpa

216 1785 307 1816 circa
318 1786 408 1824 ipsas
418 1785 559 1815 relaxari
572 1785 622 1816 vel
634 1785 758 1815 differri
769 1785 916 1816 vindicta
927 1787 1054 1822 ,tamen
1071 1787 1233 1817 memoria

218 1839 407 1869 devotionis
427 1838 573 1876 antique,
588 1847 654 1877 qua
669 1847 727 1877 pro
745 1838 946 1869 utilitatibus
963 1839 1100 1869 ecclesie
1118 1848 1232 1878 supra-

217 1891 315 1926 dicte,
328 1891 504 1930 dispendia
521 1899 631 1921 rerum
649 1892 680 1921 et
696 1900 913 1930 personarum
931 1892 1079 1930 pericula
1104 1893 1231 1922 dudum

220 1945 463 1983 parvipendere
473 1944 692 1980 didicistis‚in
703 1944 799 1974 nobis
814 1944 921 1974 zelum
939 1946 1124 1983 temperant
1135 1945 1229 1976 ultio-

219 1998 284 2035 nis,
298 1999 329 2028 et
337 1997 481 2036 experiri
494 2005 552 2027 nos
567 1997 653 2036 cogit
674 2006 716 2027 an
731 1997 838 2027 adhuc
854 1997 889 2028 in
904 1998 998 2028 vobis
1010 1998 1133 2037 aliqua,
1146 1999 1231 2028 sicut

217 2058 403 2090 speramus,
417 2050 522 2089 ipsius
538 2050 724 2080 devotionis
737 2050 881 2080 scintilla
893 2051 1101 2086 remanserit,
1120 2060 1182 2090 que
1196 2051 1231 2081 in

217 2103 330 2142 ignem
345 2102 458 2133 filialis
470 2103 618 2133 caritatis
633 2103 742 2133 valeat
758 2103 942 2138 reaccendi,
955 2105 990 2134 ut
1005 2104 1033 2133 si
1050 2105 1090 2134 ad
1106 2105 1228 2143 impro-

216 2155 294 2186 bam
311 2155 426 2185 matris
445 2155 638 2186 instantiam
656 2156 689 2185 in
708 2156 842 2186 saniora
858 2157 998 2186 consilia
1024 2157 1229 2188 deliberave-

217 2208 290 2238 ritis
308 2216 367 2238 vos
383 2208 503 2238 referre
516 2208 551 2238 in
565 2208 672 2247 ipsius
687 2209 798 2238 sinum
807 2209 1077 2240 claudinescium
1090 2210 1228 2241 redeun-

217 2260 316 2297 tibus,
335 2269 395 2291 vos
413 2270 489 2291 cum
519 2261 722 2292 exultatione
752 2271 790 2293 ac
807 2262 912 2292 letitia
937 2271 1158 2299 resumamus,
1189 2265 1220 2294 et

215 2314 247 2344 si
271 2314 437 2353 elegeritis
478 2314 596 2353 perire,
632 2315 755 2345 munde
785 2315 852 2345 sint
884 2324 902 2345 a
928 2316 1037 2346 vestro
1066 2317 1228 2356 sanguine

218 2375 337 2398 manus
354 2368 476 2397 nostre.
494 2367 581 2397 Hinc
597 2368 647 2398 est
665 2368 753 2406 quod
765 2376 826 2398 1105
838 2368 977 2398 eandem
994 2371 1139 2399 vestram
1155 2371 1228 2400 001-

217 2419 408 2449 versitatem
435 2420 555 2449 attente
576 2420 756 2458 rogandam
780 2420 944 2451 duximus
964 2422 996 2452 et
1018 2421 1225 2457 hortandam,

217 2471 313 2502 vobis
329 2479 388 2510 per
401 2471 516 2502 iterata
532 2472 654 2511 scripta
670 2472 878 2508 mandantes,
896 2474 926 2504 et
939 2473 1150 2506 obsecrantes
1168 2484 1227 2506 vos

215 2532 273 2563 per
289 2523 443 2554 divinum
457 2524 620 2562 judicium
632 2526 663 2555 et
679 2525 907 2564 aspersionem
923 2527 1098 2565 sanguinis
1115 2537 1225 2568 supra-

213 2577 477 2616 dicti‚quatenus
491 2577 609 2607 saltem
622 2577 684 2607 hac
694 2577 920 2612 vice‚monitis
932 2580 985 2618 pie
999 2580 1114 2610 matris
1127 2589 1227 2619 super

215 2638 275 2660 vos
285 2638 395 2660 amare
405 2629 549 2659 dolentis
566 2629 833 2668 obtemperantes
847 2630 1018 2662 humiliter
1029 2634 1059 2663 et
1074 2633 1225 2668 devote‚a

211 2683 479 2714 confederatione
490 2683 606 2721 prefati
619 2684 800 2714 scismatici
823 2684 934 2715 verbis
950 2687 981 2716 et
998 2686 1155 2724 operibus
1172 2696 1224 2717 re-

213 2736 349 2771 cedatis,
373 2736 532 2775 abjuretis
557 2744 672 2766 omnes
696 2737 948 2775 promissiones,
973 2740 1223 2776 conventiones,

210 2789 509 2824 confederationes,
534 2789 630 2827 pacta
669 2789 699 2819 et
734 2789 936 2828 juramenta,
960 2791 1082 2829 quibus
1117 2793 1224 2823 eidem

211 2842 401 2873 scismatico
427 2841 811 2877 tenebamini,revocetis
825 2842 1003 2874 bellatores
1020 2845 1051 2874 et
1068 2845 1179 2883 galeas
1194 2847 1225 2876 et

213 2904 328 2932 naves,
340 2903 424 2933 quos
434 2895 475 2929 ei,
489 2895 585 2933 prout
600 2894 735 2933 publica
751 2894 901 2934 vulgavit
914 2896 1060 2934 infamia,
1070 2898 1224 2929 transmi-

210 2948 318 2984 sistis,
346 2949 378 2978 et
398 2948 438 2978 ad
460 2947 566 2986 ipsius
593 2947 730 2978 ecclesie
759 2947 923 2986 gremium
955 2949 1106 2986 redeatis,
1127 2951 1222 2982 satis-

357 2996 503 3024 URBAIN
525 2995 577 3029 IV,
590 2997 611 3022 t.
623 2995 663 3022 11.
679 2996 743 3029 Rey.
757 2996 816 3024 ord.

1306 360 1481 391 factionem
1507 361 1639 399 plenam
1673 362 1703 392 ct
1733 361 1878 392 debitam
1892 362 1931 392 de
1962 361 2138 401 premissis
2167 361 2314 391 insolen-

1305 413 1360 443 tiis
1377 413 1609 451 impendendo,
1631 422 1666 444 ac
1690 414 1836 444 cavendo
1857 414 2071 448 sufficienter,
2094 414 2181 453 quod
2204 414 2243 444 (10
2263 423 2313 444 06-

1303 467 1371 496 tero
1397 467 1460 505 ipsi
1489 467 1674 497 scismatico
1711 467 1900 497 nullatenus
1917 467 2130 502 adlienffbitis,
2151 467 2203 497 vel
2221 475 2311 506 pres-

1303 519 1415 549 tahitis
1445 520 1475 550 ei
1510 520 1563 549 vel
1587 520 1658 550 suis
1690 521 1816 550 nuntiis
1842 520 2031 555 consilium,
2064 520 2227 551 auxilium
2258 521 2311 550 vel

1273 580 1275 589 ¹*
1302 572 1450 603 favorem
1499 573 1670 612 publicum
1706 573 1758 604 vel
1787 574 1945 608 ocultum,
1978 582 2103 603 necnon
2135 573 2311 612 specialem

1302 625 1477 663 syndicum
1500 625 1636 664 plenum
1662 635 1679 655 a
1702 626 1797 656 vobis¹
1815 627 2007 656 mandatum
2033 627 2071 656 de
2099 627 2310 665 adimplendo

1300 686 1359 716 per
1375 678 1487 708 omnia
1517 679 1606 708 sedis
1635 679 1813 717 apostolice
1837 679 2080 718 beneplacitum
2106 681 2136 709 01
2163 679 2308 718 parendo

1299 730 1425 767 precise
1443 740 1543 768 super
1560 731 1625 760 hiis
1645 732 1810 762 mandatis
1823 732 2012 769 apostolicis
2036 733 2249 769 obtinentem,
2267 732 2308 763 ad

1300 782 1411 811 sedem
1427 783 1535 821 ipsam
1550 784 1637 813 infra
1653 793 1757 814 11011111
1774 793 1921 814 mensem
1938 794 1956 814 a
1971 785 2154 824 receptione
2176 794 2306 823 presen-

1299 833 1381 863 tium
1398 835 1660 865 transmittendo.
1676 836 1834 874 Alioquin
1854 837 1936 867 scire
1956 846 2014 866 vos
2033 838 2186 867 volumus
2203 839 2233 868 et
2249 846 2306 877 pro

1298 887 1386 916 certo
1402 887 1523 922 tenere,
1544 888 1631 925 quod
1654 897 1720 918 11011
1734 888 1843 918 5010111
1867 889 2057 926 hujusmodi
2074 891 2202 920 vestras
2218 891 2306 922 inso-

1298 937 1417 968 lentias
1439 939 1585 978 regibus,
1610 940 1734 976 comiti,
1766 941 1972 980 principibus
1996 944 2025 971 et
2049 942 2229 973 baronibus
2254 952 2306 974 su-

1297 991 1454 1029 pradictis
1473 992 1625 1022 intimare
1637 993 1840 1029 curabimus,
1852 996 1934 1024 sicut
1948 996 2102 1033 superius
2115 997 2164 1025 est
2178 1005 2307 1035 expres-

1296 1052 1383 1079 sum,
1403 1053 1439 1074 ac
1464 1045 1555 1083 ipsos
1572 1046 1739 1081 inducere,
1758 1048 1793 1076 ut
1814 1055 1874 1077 vos
1897 1048 2063 1086 tamquam
2079 1050 2306 1079 excommuni-

1296 1098 1385 1127 catos
1416 1098 1552 1133 evitent,
1585 1107 1644 1129 nec
1673 1099 1864 1137 permittant
1894 1109 1952 1130 vos
1991 1101 2023 1130 in
2060 1110 2172 1131 eorum
2208 1102 2306 1132 terris

1295 1151 1430 1185 morari,
1441 1152 1472 1181 et
1488 1151 1571 1181 alias
1589 1160 1689 1190 super
1704 1152 1766 1182 hoc
1780 1153 1974 1190 provideant
1987 1163 2028 1192 qn
2040 1154 2073 1183 ,d
2091 1155 2167 1184 tidei
2186 1154 2288 1185 Catho
2303 1171 2307 1177 ·

1295 1203 1368 1241 lice,
1394 1212 1431 1233 ac
1463 1205 1510 1234 rei
1536 1204 1666 1243 publice
1696 1205 1948 1235 christianitatis
1979 1207 2120 1237 viderint
2136 1208 2290 1245 expedire

1294 1257 1514 1287 verumetiam
1529 1258 1746 1296 procedemus
1761 1260 1874 1288 contra
1891 1267 1950 1289 vos
1968 1259 2007 1288 ad
2023 1260 2243 1297 privationem
2255 1269 2305 1290 ar-

1294 1309 1548 1348 chiepiscopalis
1566 1310 1737 1349 dignitatis
1753 1312 1783 1341 et
1797 1311 2058 1350 privilegiorum,
2069 1313 2191 1351 quibus
2209 1313 2304 1344 sedes

1295 1363 1475 1402 apostolica
1493 1363 1719 1394 voshactenus
1735 1364 1921 1403 insignivit,
1933 1374 1969 1394 ac
1982 1365 2131 1395 omnium
2141 1365 2304 1396 bonorum

1294 1417 1492 1451 vestrorum,
1503 1417 1642 1446 etetiam
1655 1417 1749 1452 ali-as,
1762 1419 1859 1456 prout
1874 1418 1978 1448 cultui
1994 1418 2082 1453 fidei,
2095 1419 2306 1449 statuichris-

1293 1469 1454 1499 tianitatis
1468 1471 1497 1499 et
1515 1470 1703 1500 ammarum
1721 1471 1907 1500 vestrarum
1924 1471 2023 1501 saluti
2041 1472 2196 1510 expedire
2214 1472 2304 1502 vide-

1292 1521 1415 1557 bimus,
1440 1523 1472 1552 et
1489 1522 1724 1553 obstinationis
1750 1524 1858 1553 vestre
1882 1525 2084 1562 proterviam
2108 1525 2303 1563 promereri.

1292 1574 1416 1604 Datum
1441 1575 1528 1614 apud
1552 1575 1838 1613 Urbemveterem,
1858 1586 1932 1606 Xlttl
1949 1577 2108 1607 kalendas
2131 1578 2304 1611 februarii,

1292 1635 1378 1658 anno
1397 1635 1443 1657 110.

1332 1714 1368 1743 In
1381 1713 1504 1743 eandem
1521 1713 1663 1744 modum..
1683 1713 1908 1754 archiepiscopo
1927 1713 2084 1745 Januensi.
2104 1716 2164 1745 etc.
2182 1732 2220 1736 —
2235 1715 2296 1746 Da>

1290 1768 1362 1797 tum
1379 1768 1413 1797 ut
1429 1775 1540 1806 supra,
1559 1776 1619 1796 x111
1635 1767 1794 1797 kalendas
1810 1767 1980 1802 februarii,
1998 1776 2084 1798 anno
2104 1772 2154 1798 11⁰.
2174 1780 2189 1795 »

1832 1905 1955 1938 Orvieto,
1975 1907 2011 1932 1er
2026 1906 2130 1932 sevrier
2151 1908 2227 1933 1263.

1358 1907 1430 1938 183

1325 1981 1512 2013 Ludovteum,
1526 1988 1624 2015 regem
1641 1980 1831 2011 Francorum,
1848 1980 1981 2007 hortatur
1997 1983 2025 2007 ut
2045 1981 2189 2008 denarium
2205 1984 2254 2009 Dei
2270 1983 2299 2010 in

1289 2030 1450 2056 subsidium
1466 2029 1568 2056 Terrae
1586 2029 1708 2055 Sanctae
1724 2028 1752 2055 in
1766 2036 1816 2055 suo
1830 2037 1917 2063 regno
1933 2029 2027 2064 colligi
2045 2030 2140 2057 saciat.
2157 2031 2236 2065 (Rae.
2254 2033 2299 2063 26,

1288 2078 1356 2104 unni
1372 2077 1408 2110 ΙΙ,
1426 2083 1458 2104 110
1474 2079 1518 2110 45,
1536 2077 1585 2104 fol.
1605 2078 1638 2104 62
1655 2078 1707 2110 v0.)

1328 2169 1343 2185 «
1373 2180 1392 2187 ..
1411 2155 1525 2186 illustri
1542 2155 1607 2195 reyi
1631 2155 1831 2186 Francorum.
1850 2155 1936 2191 Quia
1963 2157 2129 2192 novimus,
2148 2156 2299 2188 christia-

1288 2210 1426 2241 nissime
1452 2209 1618 2249 princeps,
1647 2208 1736 2247 quod
1754 2209 1788 2238 tu
1811 2208 1930 2239 eximie
1948 2209 2132 2240 devotionis
2152 2210 2299 2241 claritate

1286 2263 1509 2303 prefulgidus,
1537 2264 1622 2293 terre
1646 2262 1757 2292 sancte
1784 2261 1995 2292 necessitates
2016 2263 2203 2298 advertens,
2228 2264 2298 2303 ejus

1286 2316 1491 2356 profectibus
1507 2315 1674 2346 ferventer
1688 2315 1833 2345 intendis
1850 2323 1886 2344 ac
1903 2323 2038 2354 operose
2062 2315 2298 2347 sollicitudinis

1287 2369 1397 2401 studio
1424 2369 1617 2407 intentoque
1640 2368 1853 2407 prosequeris
1875 2368 1997 2403 animo,
2023 2376 2229 2407 quecumque
2248 2369 2297 2399 illi

1286 2423 1459 2462 profutura
1475 2421 1658 2460 cognoscis,
1676 2421 1765 2459 regie
1782 2420 1969 2450 serenitatis
1983 2420 2191 2451 clementiam
2206 2423 2296 2453 tanto

1285 2475 1476 2506 fiducialius
1502 2475 1536 2504 in
1553 2474 1682 2504 cunctis
1699 2473 1898 2503 utilitatibus
1915 2473 2063 2512 ejusdem
2087 2475 2171 2504 terre
2190 2475 2298 2514 requi-

1286 2529 1403 2564 rimus,
1421 2529 1544 2567 quanto
1561 2527 1716 2557 certiores
1731 2526 1907 2556 existimus
1923 2526 2010 2564 quod
2028 2525 2060 2556 in
2074 2527 2140 2556 hiis
2152 2536 2295 2567 semper,

1285 2582 1383 2612 etiam
1409 2580 1633 2619 irrequisitus,
1653 2579 1816 2609 inveniris
1839 2580 2010 2617 promptus
2032 2580 2058 2609 ot
2079 2580 2221 2619 diligens
2237 2590 2296 2620 per

1284 2636 1315 2665 te
1334 2635 1456 2673 ipsum.
1471 2633 1554 2664 Cum
1571 2633 1681 2671 itaque
1698 2631 1838 2662 dilectus
1851 2631 1940 2661 silius
1958 2631 2081 2662 nobilis
2096 2633 2147 2662 vir
2163 2633 2295 2665 Gaufri-

1284 2688 1347 2718 dus
1372 2687 1411 2718 de
1438 2686 1584 2724 Serzina,
1604 2685 1697 2724 regni
1722 2684 1988 2715 Jerosolimitani
2012 2686 2294 2726 senescallus,pr0

1283 2741 1428 2779 predicte
1450 2741 1536 2770 terre
1559 2738 1751 2769 defensione
1780 2745 1907 2768 moram
1930 2738 2062 2767 trahens
2088 2739 2122 2769 in
2142 2740 2294 2778 partibus

1283 2793 1528 2829 transmarinis,
1540 2792 1587 2822 sic
1605 2791 1747 2822 totaliter
1758 2790 1917 2821 Crucifixi
1933 2790 2104 2829 obsequiis
2115 2792 2292 2832 deputave-

1284 2847 1325 2877 rit
1341 2855 1376 2877 se
1393 2847 1423 2876 et
1443 2854 1514 2881 sua,
1532 2845 1646 2883 sicque
1662 2845 1766 2874 totum
1784 2843 1878 2882 quasi
1896 2843 2044 2882 ejusdem
2062 2845 2146 2875 terre
2162 2847 2294 2885 pondus

1283 2899 1354 2930 suis
1374 2898 1594 2937 assumpserit
1608 2897 1754 2927 humeris
1770 2897 2046 2936 supportandum,
2065 2898 2152 2937 quod
2164 2899 2293 2930 cunctis

1282 2952 1404 2983 studiis
1419 2952 1615 2990 cunctisque
1628 2949 1799 2980 laboribus
1812 2949 2001 2980 defensioni
2013 2950 2205 2988 hujusmodi
2220 2961 2292 2992 per-

2119 3002 2151 3026 10
