2547 3289
1085 266 1317 305 PREMOERE
1340 267 1506 305 ANNEE.
1539 290 1542 294 -
2301 280 2339 308 ¹9

256 349 494 388 ipsos,nullius
510 349 645 388 penitus
653 349 720 379 sint
736 349 877 385 valoris;
889 349 934 379 ita
948 350 1058 379 tamen
1069 348 1158 387 quod
1166 348 1196 378 si
1208 348 1267 378 ali-

254 402 313 441 qui
323 411 365 432 ex
374 402 424 432 eis
433 403 464 432 et
476 402 552 432 aliis
559 402 717 441 predictis
733 404 866 442 propter
874 402 1024 433 debitum
1039 411 1098 432 seu
1113 401 1197 432 alias
1207 410 1267 440 pro

249 455 325 494 jure
342 455 482 485 alterius
503 455 627 485 fuerint
647 455 823 485 sententiis
835 455 993 494 predictis
1011 455 1148 491 astricti,
1165 463 1267 493 super

252 507 318 538 hiis
333 508 550 542 satisfaciant,
566 509 602 538 ut
617 509 782 538 tenentur.
799 508 895 539 Nulli
911 517 988 547 ergo
1004 510 1116 539 nostre
1131 516 1266 538 conces-

253 560 359 591 sionis
372 561 432 591 etc.
450 561 575 591 Datum
589 560 740 596 Viterbii,
750 570 772 590 11
790 569 896 591 nonas
905 561 1077 597 februarii,
1093 569 1180 591 anno
1193 563 1223 591 1⁰
1237 573 1265 591 n.

321 736 370 767 53
808 732 934 765 Viterbe,
953 733 982 759 13
998 732 1102 759 sevrier
1119 734 1195 759 1262.

289 817 425 845 Gaufrido
441 818 474 845 de
487 817 610 845 Sarzinis
622 816 751 844 concedit
765 818 796 842 ut
813 816 904 842 altare
919 815 1055 849 portatile
1069 815 1176 842 habere
1190 823 1222 841 ac
1237 814 1265 841 in

253 874 286 893 eo
303 866 462 893 missarum
482 866 637 894 sollemnia
656 864 796 892 celebrari
813 863 907 890 faeere
930 863 1031 897 possit.
1053 863 1133 895 (Rec.
1160 864 1194 889 ‘26
1216 862 1265 889 fol.

255 917 296 947 ¹2,
315 919 346 941 11⁰
362 916 416 950 51.)

295 1018 310 1034 «
324 1006 426 1036 Nobili
440 1006 517 1041 viro,
538 1004 689 1044 Gaufrido
703 1004 739 1034 de
755 1005 909 1039 Sar-sinis,
929 1004 1112 1034 Senonensis
1130 1003 1265 1032 de‘ocesis.

252 1059 412 1090 Affectum
432 1060 527 1089 tuum
546 1058 589 1088 ad
603 1075 653 1088 —.
669 1058 794 1089 Datum
817 1057 973 1092 Viterhii,
996 1057 1071 1087 idus
1093 1056 1264 1091 februarii,

252 1120 340 1142 anno
357 1113 387 1141 1ο
404 1124 432 1140 ».

319 1286 368 1317 54
803 1284 930 1316 Viterbe,
949 1286 978 1311 13
997 1283 1100 1310 sevrier
1119 1285 1194 1311 1262.

286 1364 386 1391 Eidem
405 1364 534 1391 concedit
550 1366 581 1390 ut
597 1372 665 1391 suus
681 1364 847 1398 capellanus
865 1363 1007 1391 militibus
1025 1366 1053 1390 et
1072 1363 1157 1390 sociis
1177 1363 1266 1397 ipsius

252 1412 379 1440 Gaufridi
409 1413 606 1440 ecclesiastica
635 1414 820 1439 sacramenta
851 1413 1019 1440 ministrare
1050 1411 1154 1438 valeat.
1189 1412 1265 1446 (Rea.

253 1462 287 1488 -26
307 1461 355 1491 foi.
376 1463 416 1495 ¹2,
432 1466 464 1488 ην
483 1463 538 1494 52.)

294 1566 310 1581 «
329 1553 440 1583 Eidem
464 1554 566 1584 nobili.
585 1554 748 1584 Affectum
763 1555 858 1584 tuum
877 1555 938 1585 etc.
962 1554 1087 1584 Datum
1106 1553 1265 1591 viterbii,

253 1607 330 1638 idus
344 1607 515 1643 Februarii,
524 1616 610 1638 anno
628 1608 658 1637 1⁰
670 1618 696 1636 ».

321 1780 368 1810 55
806 1778 931 1811 Viterbe,
950 1779 979 1804 13
995 1777 1098 1805 sevrier
1119 1780 1193 1806 1262.

289 1862 390 1889 Eidem
410 1862 539 1897 indulget
554 1864 585 1888 ut
604 1870 621 1888 a
636 1862 715 1888 nullo
731 1862 861 1897 delegato
883 1862 927 1888 vel
948 1862 1132 1898 subdelegato
1151 1871 1267 1890 excom-

255 1911 400 1939 municari
416 1911 514 1945 possit.
533 1910 612 1945 (aaa.
630 1912 663 1937 26
683 1910 733 1938 fol.
753 1912 794 1942 12,
810 1915 842 1937 n⁰
858 1911 916 1943 53.)

295 2015 311 2030 «
331 2002 438 2032 Eidem
458 2002 562 2032 nobili.
581 2002 726 2041 Speciali
754 2003 860 2041 gratia
882 2004 913 2033 et
940 2003 1053 2034 favore
1079 2005 1110 2034 te
1128 2004 1267 2043 dignum

251 2056 426 2095 potissime
436 2057 641 2095 reputamus,
658 2055 737 2093 quia
753 2055 965 2086 devotionem
981 2064 1082 2094 quam
1097 2056 1140 2086 ad
1155 2057 1267 2087 Deum

251 2109 366 2144 habes,
391 2109 488 2139 factis
510 2109 688 2139 ostendens
703 2110 734 2139 et
757 2117 818 2148 pro
832 2110 965 2139 tuorum
981 2109 1178 2140 remissione
1191 2119 1267 2149 pec-

251 2163 420 2193 caminum
441 2162 482 2192 ad
503 2163 614 2201 partes
636 2161 873 2192 ultramarinas
890 2163 920 2192 te
937 2161 1124 2197 conferens,
1142 2162 1267 2193 ibidem

252 2223 327 2246 cum
348 2215 478 2246 decenti
502 2215 660 2245 comitiva
675 2215 819 2245 multum
836 2223 965 2245 moram
978 2215 1094 2246 trahis.
1113 2215 1200 2245 Hinc
1218 2217 1268 2246 est

251 2267 340 2306 quod
351 2276 412 2298 nos
423 2267 490 2298 tuis
500 2267 802 2306 supplicationibus
816 2267 981 2303 inclinati,
999 2267 1192 2298 auctoritate
1203 2267 1267 2298 tibi

252 2320 457 2359 presentium
482 2320 696 2359 indulgemus
711 2322 745 2350 ut
761 2320 875 2350 nullus
891 2320 1060 2359 delegatus
1077 2321 1131 2351 vel
1145 2321 1265 2352 subde-

252 2372 380 2411 legatus
387 2372 428 2403 ab
437 2381 474 2403 eo
485 2374 652 2407 executor,
661 2381 720 2403 seu
731 2373 831 2403 etiam
844 2374 1265 2409 conservator-,auctoritate

251 2425 437 2456 litterarum
455 2425 545 2456 sedis
565 2426 744 2465 apostolice
765 2426 818 2456 vel
834 2426 1019 2465 legatorum
1035 2426 1143 2465 ipsius
1158 2427 1266 2465 possit

252 2478 287 2509 in
311 2486 490 2517 personam
518 2479 610 2508 tuam
633 2478 989 2509 excommunicationis
1013 2479 1067 2509 vel
1098 2479 1265 2510 interdicti

251 2530 451 2561 sententiani
465 2530 686 2570 promulgare,
696 2530 763 2560 nisi
777 2531 884 2561 littere
902 2531 987 2561 dicte
997 2531 1088 2561 sedis
1104 2531 1143 2562 de
1158 2532 1266 2562 indul-

252 2582 364 2621 gentia
381 2582 574 2621 hujusmodi
595 2582 728 2621 plenam
751 2584 782 2613 et
803 2591 998 2622 expressam
1020 2583 1158 2614 fecerint
1174 2592 1266 2615 men-

252 2635 390 2666 tionem.
408 2635 504 2665 Nulli
518 2643 594 2674 ergo
606 2652 655 2664 —.
670 2635 795 2665 Datum
811 2637 846 2665 ut
864 2644 977 2675 supra.
1006 2648 1020 2663 »

321 2810 371 2841 56
799 2808 926 2842 Viterbe,
947 2810 976 2836 13
992 2808 1099 2836 fevi-ier
1118 2810 1195 2838 ¹262.

295 2892 395 2920 Eidem
412 2893 541 2928 indulget
556 2895 587 2920 ut
601 2892 750 2928 episcopus
780 2893 962 2920 acconensis
986 2893 1016 2920 in
1035 2901 1103 2920 eum
1119 2894 1266 2922 interdicti

252 2941 297 2968 vel
315 2943 624 2970 excommunicationis
640 2940 799 2969 sententias
819 2941 1073 2976 promulgare,aut
1088 2942 1150 2977 ejus
1170 2942 1268 2978 capel-

1327 348 1387 375 lam
1402 349 1595 376 ecclesiastico
1615 358 1774 384 supponere
1790 350 1942 378 interdicto
1957 360 2013 378 non
2030 351 2132 378 valeat.
2159 352 2336 385 (neceasul.

1330 398 1361 422 12
1379 403 1417 430 νο,
1435 402 1466 424 n⁰
1484 398 1541 430 5¹2.)

1366 501 1382 516 «
1399 489 1510 518 Eidem
1526 489 1629 519 nobili.
1644 490 1796 522 Procedit
1810 500 1851 522 ex
1860 500 1978 531 magna
1991 509 2035 522 —.
2047 493 2169 523 Datum
2183 495 2215 523 ut
2235 494 2269 524 in
2284 502 2338 525 se-

1326 541 1435 572 cunda
1451 542 1602 580 proxima
1618 543 1794 582 superiori.
1811 556 1825 570 υ

1393 700 1441 730 57
1864 703 1988 736 Viterbc,
2007 706 2037 731 17
2052 705 2167 732 octobre
2188 707 2263 732 ¹262.

1362 784 1528 819 Praeposito
1545 788 1573 812 et
1587 786 1712 820 capitulo
1728 787 1864 814 ecclesiae
1880 797 1902 814 s.
1919 788 2034 816 Martini
2055 789 2191 824 Yprensis
2206 792 2336 818 concedit

1326 834 1358 858 ut
1372 832 1477 859 fratres
1494 833 1658 860 Heremitae
1675 843 1724 861 scu
1744 835 1794 862 alii
1811 835 2015 871 cujuscumque
2032 838 2140 865 ordinis
2156 847 2212 866 non
2224 840 2336 874 possint

1325 879 1404 907 infra
1417 880 1488 907 fines
1501 882 1719 915 parrochiarum
1733 892 1755 909 s.
1772 884 1867 910 Jacobi
1883 887 1911 910 ct
1924 893 1946 911 s.
1962 886 2076 913 Martini
2096 887 2229 922 Yprcnsis
2243 888 2334 915 eccle·

1327 928 1402 955 siam
1416 932 1592 956 construere.
1610 931 1691 963 (nze.
1708 932 1742 958 25
1761 931 1809 958 fol.
1829 934 1859 958 12
1875 937 1916 965 το,
1933 939 1965 960 n0
1981 936 2036 968 55.)

1367 1034 1409 1052 «..
1441 1024 1596 1064 preposito
1618 1029 1645 1054 et
1673 1025 1808 1065 capitulo
1833 1027 1952 1057 ecclesie
1968 1039 1992 1058 s.
2023 1030 2153 1060 Martini
2180 1033 2333 1072 Yprenszs,

1327 1074 1442 1104 ordinis
1456 1085 1479 1104 s.
1504 1077 1680 1116 Auqztstint',
1706 1078 1887 1109 §lerinensis
1909 1080 2047 1113 diocesis.
2075 1096 2089 1110 »
2112 1085 2334 1123 Signifieagtig

1327 1128 1425 1159 nobis
1440 1129 1539 1167 quod,
1564 1129 1639 1160 licet
1663 1130 1760 1161 vobis
1777 1140 1795 1161 a
1811 1132 1888 1162 sede
1904 1134 2084 1172 apostolica
2101 1137 2142 1166 sit
2163 1137 2330 1169 inlultum

1326 1182 1362 1210 ut
1376 1181 1461 1211 nulli
1471 1182 1601 1220 possint
1614 1183 1703 1212 infra
1717 1183 1840 1214 limItes
1854 1186 2105 1223 parrochiarum
2122 1190 2337 1221 ecclesiarum

1327 1235 1515 1264 vestrarum
1530 1236 1721 1265 construere
1745 1237 1926 1267 oratorium
1945 1239 1996 1268 vel
2013 1240 2197 1277 ecclesiam,
2209 1243 2335 1282 absque

1328 1288 1439 1317 vestra
1455 1286 1589 1317 licentia
1599 1288 1893 1327 speciali,quidam
1908 1292 2019 1322 tamen
2032 1292 2152 1324 fratres
2170 1294 2338 1326 Heremite

1328 1340 1456 1370 ordinis
1482 1349 1509 1370 s.
1532 1341 1712 1380 Augustini
1738 1342 1825 1372 infra
1853 1343 1976 1374 limites
2002 1347 2174 1383 parrochie
2199 1348 2338 1379 ecclesie

1328 1403 1356 1424 s.
1371 1394 1487 1424 Jacobi
1505 1394 1681 1433 Yprensis,
1703 1404 1766 1434 que
1791 1397 1901 1426 vestra
1921 1398 2076 1436 specialis
2100 1401 2222 1436 existit,
2240 1401 2338 1432 vobis

1327 1448 1358 1477 et
1372 1447 1556 1477 venerabili
1578 1447 1680 1478 fratre
1702 1450 1857 1484 nostro..,
1871 1449 2025 1489 episcopo
2053 1451 2249 1488 Morinensi,
2273 1454 2336 1484 loci

1326 1499 1515 1535 diocesano,
1525 1500 1829 1531 contradicentibus
1839 1502 1868 1531 et
1879 1502 2007 1538 invitis,
2016 1504 2189 1535 ecclesiam
2201 1506 2239 1536 de
2249 1515 2336 1537 novo

1326 1553 1508 1583 temeritate
1532 1553 1666 1592 propria
1685 1556 1877 1585 construere
1895 1557 2098 1595 inceperunt,
2118 1562 2335 1597 procurantes

1325 1614 1385 1645 per
1401 1607 1669 1636 conservatorem
1688 1607 1943 1646 privilegiorum
1965 1609 2013 1639 eis
2030 1618 2048 1640 a
2069 1611 2146 1641 sede
2163 1621 2338 1643 concesso-

1327 1668 1401 1689 rum
1415 1659 1542 1694 eadem‚
1560 1667 1764 1698 quamquam
1781 1661 1911 1691 nullum
1928 1671 2029 1700 super
2044 1662 2105 1693 hoc
2120 1665 2336 1704 privilegium

1326 1711 1480 1746 habeant,
1496 1711 1592 1741 vobis
1610 1712 1672 1742 sub
1688 1721 1774 1751 pena
1787 1715 2142 1746 excommunicationis
2153 1717 2336 1748 districtius

1327 1764 1472 1794 inhiberi
1489 1773 1528 1794 ne
1538 1773 1599 1794 vos
1613 1773 1715 1804 super
1726 1766 1787 1796 hoc
1802 1766 2014 1805 aliquatenus
2023 1768 2182 1800 fratribus
2192 1779 2335 1809 oppone·

1327 1817 1406 1847 retis
1414 1817 1693 1856 eisdem,pr0pter
1702 1818 1790 1856 quod
1800 1827 1860 1848 vos
1874 1820 1915 1850 ad
1926 1820 2038 1850 sedem
2047 1822 2252 1860 appellantes
2260 1831 2336 1853 ean-

1326 1870 1412 1905 dem,
1427 1870 1468 1900 ad
1483 1870 1590 1909 ipsius
1605 1870 1750 1900 duxistis
1760 1871 2004 1909 providentiam
2021 1876 2270 1911 recurrendum,
2280 1885 2338 1907 no-

1326 1923 1380 1952 bis
1392 1923 1564 1952 humiliter
1581 1923 1807 1961 supplicantes
1820 1926 1855 1954 ut
1865 1933 1941 1954 cum
1952 1934 2012 1956 vos
2023 1926 2064 1956 ad
2074 1936 2188 1966 preces
2201 1931 2231 1959 et
2242 1938 2336 1960 man-

1328 1976 1441 2005 datum
1456 1975 1563 2005 felicis
1579 1976 1816 2006 recordationis
1826 1977 2010 2008 Alexandri
2020 1988 2115 2018 pape,
2124 1982 2337 2019 predecesso-

1327 2029 1374 2059 ris
1383 2029 1499 2064 nostri,
1512 2029 1630 2059 sratres
1641 2028 1788 2060 Minores
1806 2030 1894 2061 infra
1912 2031 1997 2062 fines
2009 2033 2181 2071 parrochie
2197 2035 2336 2066 ecclesie

1327 2084 1436 2113 vestre
1447 2091 1474 2112 s.
1485 2082 1619 2112 Martini
1633 2083 1807 2113 ecclesiam
1824 2086 2027 2121 construere,
2041 2088 2195 2125 quamvis
2206 2097 2265 2127 per
2275 2089 2337 2120 hoc

1327 2135 1424 2166 vobis
1442 2135 1478 2165 in
1492 2135 1718 2166 oblationibus
1730 2137 1761 2166 et
1782 2137 2042 2169 obventionibus
2063 2140 2205 2180 aliisque
2225 2151 2336 2181 parro-

1327 2188 1637 2226 chialibusjuribus
1653 2197 1719 2219 non
1737 2190 1905 2220 modicum
1922 2191 2087 2230 depereat.
2108 2195 2337 2225 sustinueritis

1326 2242 1526 2276 reverenter,
1550 2241 1726 2281 providere
1742 2251 1843 2282 super
1871 2243 1933 2274 hoc
1956 2245 2053 2275 vobis
2069 2246 2118 2284 {de
2134 2246 2335 2286 benignitate

1326 2295 1508 2334 apostolica
1522 2303 1727 2326 curaremus.
1742 2295 1812 2326 Nos
1831 2296 1932 2335 igitur
1949 2298 2071 2328 vestris
2083 2300 2335 2338 supplicationi-

1325 2348 1560 2382 businclinati,
1578 2348 1771 2379 auctoritate
1785 2349 1881 2380 vobis
1900 2352 2107 2389 presentium
2122 2353 2336 2392 indulgemus

1325 2404 1362 2433 ut
1384 2402 1464 2432 dicti
1481 2402 1599 2432 fratres
1612 2402 1782 2432 Heremite
1798 2411 1857 2433 seu
1876 2403 1934 2433 alii
1949 2404 2188 2444 cujuscumque
2206 2407 2334 2438 ordinis

1325 2463 1393 2486 non
1409 2455 1538 2494 possint
1556 2455 1595 2485 de
1608 2456 1714 2485 cetero
1728 2455 1813 2486 infra
1823 2455 1906 2486 fines
1922 2457 2172 2495 parrochiarum
2187 2459 2336 2498 ipsarum

1324 2517 1384 2547 per
1395 2508 1522 2538 litteras
1539 2516 1558 2538 a
1573 2508 1649 2538 sede
1666 2508 1856 2547 impetratas
1864 2509 2022 2547 predicta,
2036 2518 2096 2548 per
2109 2519 2193 2549 quas
2210 2521 2275 2543 non
2292 2513 2336 2543 sit

1326 2561 1433 2600 ipsius
1443 2561 1500 2600 jus
1509 2561 1644 2599 aliquod
1652 2570 1752 2600 super
1762 2561 1823 2592 hoc
1839 2562 2027 2601 specialiter
2044 2564 2255 2602 acquisitum,
2275 2575 2335 2598 seu

1325 2613 1426 2644 etiam
1444 2614 1680 2653 impetrandas,
1691 2614 1865 2645 ecclesiam
1881 2615 1935 2645 vel
1951 2616 2131 2647 oratorium
2142 2620 2333 2651 construere

1325 2667 1397 2697 sive
1405 2667 1552 2702 domum,
1564 2667 1780 2705 etibieligere
1795 2668 2015 2703 mansionem,
2027 2670 2214 2702 nisieedem
2227 2672 2334 2704 littere

1325 2720 1532 2759 impetrande
1544 2720 1676 2759 plenam
1687 2722 1717 2751 et
1733 2728 1926 2759 expressam
1939 2721 2075 2752 fecerint
2090 2723 2130 2754 de
2141 2724 2267 2756 indulto
2278 2726 2336 2757 hu·

1323 2773 1471 2812 jusmodi
1488 2773 1805 2804 mentionemNulli
1815 2782 1892 2813 ergo
1907 2775 2090 2807 ——.Datum
2103 2776 2268 2816 {Viterbih
2291 2788 2335 2809 xv

1325 2825 1486 2856 kalendas
1502 2826 1657 2863 octobris,
1672 2835 1758 2857 anno
1776 2829 1805 2857 1⁰
1822 2838 1849 2856 ».
