<?xml version="1.0" encoding="UTF-8"?>
<!DOCTYPE html PUBLIC "-//W3C//DTD XHTML 1.0 Transitional//EN"
    "http://www.w3.org/TR/xhtml1/DTD/xhtml1-transitional.dtd">
<html xmlns="http://www.w3.org/1999/xhtml" xml:lang="en" lang="en">
 <head>
  <title>
</title>
<meta http-equiv="Content-Type" content="text/html;charset=utf-8" />
  <meta name='ocr-system' content='tesseract 3.04.00' />
  <meta name='ocr-capabilities' content='ocr_page ocr_carea ocr_par ocr_line ocrx_word'/>
</head>
<body>
  <div class='ocr_page' id='page_1' title='image "./lesregistresdurb12cath/lesregistresdurb12cath_0400.png"; bbox 0 0 2547 3289; ppageno 0'>
   <div class='ocr_carea' id='block_1_1' title="bbox 249 274 305 304">
    <p class='ocr_par' dir='ltr' id='par_1_1' title="bbox 249 274 305 304">
     <span class='ocr_line' id='line_1_1' title="bbox 249 274 305 304; baseline -0.036 0"><span class='ocrx_word' id='word_1_1' title='bbox 249 274 305 304; x_wconf 82' lang='lat'>138</span> 
     </span>
    </p>
   </div>
   <div class='ocr_carea' id='block_1_2' title="bbox 248 346 1256 599">
    <p class='ocr_par' dir='ltr' id='par_1_2' title="bbox 248 346 1256 599">
     <span class='ocr_line' id='line_1_2' title="bbox 248 346 1253 386; baseline -0.011 -1"><span class='ocrx_word' id='word_1_2' title='bbox 248 354 394 385; x_wconf 80' lang='lat' dir='ltr'>validum</span> <span class='ocrx_word' id='word_1_3' title='bbox 411 360 451 381; x_wconf 73' lang='lat' dir='ltr'>ex</span> <span class='ocrx_word' id='word_1_4' title='bbox 466 351 523 380; x_wconf 90' lang='lat' dir='ltr'>illo</span> <span class='ocrx_word' id='word_1_5' title='bbox 539 348 725 386; x_wconf 69' lang='lat' dir='ltr'>suscipiens</span> <span class='ocrx_word' id='word_1_6' title='bbox 740 346 991 381; x_wconf 80' lang='lat' dir='ltr'><strong>nutrimentum,</strong></span> <span class='ocrx_word' id='word_1_7' title='bbox 1010 346 1135 375; x_wconf 83' lang='lat' dir='ltr'>favoris</span> <span class='ocrx_word' id='word_1_8' title='bbox 1150 347 1179 375; x_wconf 88' lang='lat' dir='ltr'>et</span> <span class='ocrx_word' id='word_1_9' title='bbox 1197 346 1253 375; x_wconf 92' lang='lat' dir='ltr'>ho-</span> 
     </span>
     <span class='ocr_line' id='line_1_3' title="bbox 250 388 1253 441; baseline -0.013 -3"><span class='ocrx_word' id='word_1_10' title='bbox 250 407 340 438; x_wconf 82' lang='lat' dir='ltr'>noris</span> <span class='ocrx_word' id='word_1_11' title='bbox 355 406 501 441; x_wconf 70' lang='lat' dir='ltr'>vigorem</span> <span class='ocrx_word' id='word_1_12' title='bbox 520 401 700 431; x_wconf 73' lang='lat' dir='ltr'>resumeret</span> <span class='ocrx_word' id='word_1_13' title='bbox 716 401 745 429; x_wconf 91' lang='lat' dir='ltr'>et</span> <span class='ocrx_word' id='word_1_14' title='bbox 763 400 947 432; x_wconf 77' lang='lat' dir='ltr'>humorem,</span> <span class='ocrx_word' id='word_1_15' title='bbox 965 388 1123 436; x_wconf 78' lang='lat' dir='ltr'>illamque</span> <span class='ocrx_word' id='word_1_16' title='bbox 1141 405 1253 427; x_wconf 88' lang='lat' dir='ltr'>curam</span> 
     </span>
     <span class='ocr_line' id='line_1_4' title="bbox 249 450 1254 493; baseline -0.011 -3"><span class='ocrx_word' id='word_1_17' title='bbox 249 462 393 490; x_wconf 79' lang='lat' dir='ltr'>teneram</span> <span class='ocrx_word' id='word_1_18' title='bbox 410 455 610 493; x_wconf 72' lang='lat' dir='ltr'>vigilemque</span> <span class='ocrx_word' id='word_1_19' title='bbox 630 451 889 482; x_wconf 72' lang='lat' dir='ltr'>sollicitudinem</span> <span class='ocrx_word' id='word_1_20' title='bbox 908 451 947 480; x_wconf 90' lang='lat' dir='ltr'>de</span> <span class='ocrx_word' id='word_1_21' title='bbox 968 452 1022 480; x_wconf 83' lang='lat' dir='ltr'>tuo</span> <span class='ocrx_word' id='word_1_22' title='bbox 1039 450 1183 489; x_wconf 88' lang='lat' dir='ltr'>Imperio</span> <span class='ocrx_word' id='word_1_23' title='bbox 1202 458 1254 479; x_wconf 87' lang='lat' dir='ltr'>ea-</span> 
     </span>
     <span class='ocr_line' id='line_1_5' title="bbox 249 503 1254 543; baseline -0.01 -2"><span class='ocrx_word' id='word_1_24' title='bbox 249 513 321 541; x_wconf 87' lang='lat' dir='ltr'>dem</span> <span class='ocrx_word' id='word_1_25' title='bbox 340 506 636 540; x_wconf 67' lang='lat' dir='ltr'>11211)01-t=tecclesi÷1,</span> <span class='ocrx_word' id='word_1_26' title='bbox 653 513 751 543; x_wconf 89' lang='lat' dir='ltr'>quam</span> <span class='ocrx_word' id='word_1_27' title='bbox 767 503 865 533; x_wconf 84' lang='lat' dir='ltr'>habet</span> <span class='ocrx_word' id='word_1_28' title='bbox 877 503 916 533; x_wconf 85' lang='lat' dir='ltr'>de</span> <span class='ocrx_word' id='word_1_29' title='bbox 930 503 1047 533; x_wconf 87' lang='lat' dir='ltr'>ceteris</span> <span class='ocrx_word' id='word_1_30' title='bbox 1064 503 1154 533; x_wconf 84' lang='lat' dir='ltr'>orbis</span> <span class='ocrx_word' id='word_1_31' title='bbox 1170 505 1254 532; x_wconf 89' lang='lat' dir='ltr'>terre</span> 
     </span>
     <span class='ocr_line' id='line_1_6' title="bbox 250 555 1256 599; baseline -0.01 -5"><span class='ocrx_word' id='word_1_32' title='bbox 250 563 360 599; x_wconf 70' lang='lat' dir='ltr'>reguis</span> <span class='ocrx_word' id='word_1_33' title='bbox 389 562 485 598; x_wconf 76' lang='lat' dir='ltr'>atque</span> <span class='ocrx_word' id='word_1_34' title='bbox 513 558 695 598; x_wconf 87' lang='lat' dir='ltr'>provinciis</span> <span class='ocrx_word' id='word_1_35' title='bbox 723 557 785 586; x_wconf 85' lang='lat' dir='ltr'>sub</span> <span class='ocrx_word' id='word_1_36' title='bbox 812 556 938 586; x_wconf 80' lang='lat' dir='ltr'>salubri</span> <span class='ocrx_word' id='word_1_37' title='bbox 967 556 1038 594; x_wconf 81' lang='lat' dir='ltr'>ejus</span> <span class='ocrx_word' id='word_1_38' title='bbox 1068 555 1256 585; x_wconf 89' lang='lat' dir='ltr'>obedientia</span> 
     </span>
    </p>
   </div>
   <div class='ocr_carea' id='block_1_3' title="bbox 248 598 1288 650">
    <p class='ocr_par' dir='ltr' id='par_1_3' title="bbox 248 598 1288 650">
     <span class='ocr_line' id='line_1_7' title="bbox 248 598 1288 650; baseline -0.006 -7"><span class='ocrx_word' id='word_1_39' title='bbox 248 614 450 646; x_wconf 67' lang='lat' dir='ltr'>constitutis:</span> <span class='ocrx_word' id='word_1_40' title='bbox 470 620 611 650; x_wconf 81' lang='lat' dir='ltr'>quorum</span> <span class='ocrx_word' id='word_1_41' title='bbox 634 610 840 649; x_wconf 85' lang='lat' dir='ltr'>principatus</span> <span class='ocrx_word' id='word_1_42' title='bbox 860 610 891 638; x_wconf 81' lang='lat' dir='ltr'>et</span> <span class='ocrx_word' id='word_1_43' title='bbox 912 609 1090 647; x_wconf 82' lang='lat' dir='ltr'>potestates</span> <span class='ocrx_word' id='word_1_44' title='bbox 1108 609 1189 638; x_wconf 87' lang='lat' dir='ltr'>adeo</span> <span class='ocrx_word' id='word_1_45' title='bbox 1213 608 1256 637; x_wconf 86' lang='lat' dir='ltr'>so-</span> <span class='ocrx_word' id='word_1_46' title='bbox 1286 598 1288 633; x_wconf 52' lang='lat' dir='ltr'><strong><em>s</em></strong></span> 
     </span>
    </p>
   </div>
   <div class='ocr_carea' id='block_1_4' title="bbox 247 661 1260 1969">
    <p class='ocr_par' dir='ltr' id='par_1_4' title="bbox 247 661 1260 1969">
     <span class='ocr_line' id='line_1_8' title="bbox 249 661 1257 706; baseline -0.008 -8"><span class='ocrx_word' id='word_1_47' title='bbox 249 670 312 702; x_wconf 84' lang='lat' dir='ltr'>vet,</span> <span class='ocrx_word' id='word_1_48' title='bbox 335 666 468 706; x_wconf 81' lang='lat' dir='ltr'>protegit</span> <span class='ocrx_word' id='word_1_49' title='bbox 496 666 526 694; x_wconf 93' lang='lat' dir='ltr'>et</span> <span class='ocrx_word' id='word_1_50' title='bbox 549 664 710 702; x_wconf 79' lang='lat' dir='ltr'>gubernat</span> <span class='ocrx_word' id='word_1_51' title='bbox 733 663 832 701; x_wconf 76' lang='lat' dir='ltr'>quod,</span> <span class='ocrx_word' id='word_1_52' title='bbox 857 662 885 691; x_wconf 87' lang='lat' dir='ltr'>si</span> <span class='ocrx_word' id='word_1_53' title='bbox 905 670 1155 699; x_wconf 72' lang='lat' dir='ltr'>nonnumquam</span> <span class='ocrx_word' id='word_1_54' title='bbox 1172 661 1257 691; x_wconf 90' lang='lat' dir='ltr'>inter</span> 
     </span>
     <span class='ocr_line' id='line_1_9' title="bbox 248 715 1257 761; baseline -0.008 -9"><span class='ocrx_word' id='word_1_55' title='bbox 248 720 437 761; x_wconf 75' lang='lat' dir='ltr'>hujusmodi</span> <span class='ocrx_word' id='word_1_56' title='bbox 463 727 563 755; x_wconf 74' lang='lat' dir='ltr'>regna</span> <span class='ocrx_word' id='word_1_57' title='bbox 590 717 659 747; x_wconf 85' lang='lat' dir='ltr'>sive</span> <span class='ocrx_word' id='word_1_58' title='bbox 678 716 868 755; x_wconf 86' lang='lat' dir='ltr'>provincias</span> <span class='ocrx_word' id='word_1_59' title='bbox 893 715 1142 745; x_wconf 63' lang='lat' dir='ltr'>dissensionum</span> <span class='ocrx_word' id='word_1_60' title='bbox 1166 723 1257 744; x_wconf 74' lang='lat' dir='ltr'>sean—</span> 
     </span>
     <span class='ocr_line' id='line_1_10' title="bbox 248 767 1257 804; baseline -0.008 0"><span class='ocrx_word' id='word_1_61' title='bbox 248 774 323 804; x_wconf 79' lang='lat' dir='ltr'>dala</span> <span class='ocrx_word' id='word_1_62' title='bbox 342 782 400 803; x_wconf 66' lang='lat' dir='ltr'>seu</span> <span class='ocrx_word' id='word_1_63' title='bbox 418 770 693 801; x_wconf 85' lang='lat' dir='ltr'>tumultuantium</span> <span class='ocrx_word' id='word_1_64' title='bbox 716 769 880 799; x_wconf 87' lang='lat' dir='ltr'>bellorum</span> <span class='ocrx_word' id='word_1_65' title='bbox 902 768 1098 797; x_wconf 82' lang='lat' dir='ltr'>discrimina</span> <span class='ocrx_word' id='word_1_66' title='bbox 1118 767 1257 798; x_wconf 72' lang='lat' dir='ltr'>forsitan</span> 
     </span>
     <span class='ocr_line' id='line_1_11' title="bbox 249 822 1256 860; baseline -0.008 -2"><span class='ocrx_word' id='word_1_67' title='bbox 249 828 412 860; x_wconf 75' lang='lat' dir='ltr'>ortuutur,</span> <span class='ocrx_word' id='word_1_68' title='bbox 438 825 550 856; x_wconf 87' lang='lat' dir='ltr'>statim</span> <span class='ocrx_word' id='word_1_69' title='bbox 581 824 696 854; x_wconf 86' lang='lat' dir='ltr'>eadem</span> <span class='ocrx_word' id='word_1_70' title='bbox 723 823 862 853; x_wconf 87' lang='lat' dir='ltr'>ecclesia</span> <span class='ocrx_word' id='word_1_71' title='bbox 890 822 924 852; x_wconf 89' lang='lat' dir='ltr'>in</span> <span class='ocrx_word' id='word_1_72' title='bbox 953 822 1081 852; x_wconf 86' lang='lat' dir='ltr'>medias</span> <span class='ocrx_word' id='word_1_73' title='bbox 1111 822 1256 851; x_wconf 85' lang='lat' dir='ltr'>filiorum</span> 
     </span>
     <span class='ocr_line' id='line_1_12' title="bbox 250 873 1257 917; baseline -0.008 -7"><span class='ocrx_word' id='word_1_74' title='bbox 250 879 431 910; x_wconf 85' lang='lat' dir='ltr'>furentium</span> <span class='ocrx_word' id='word_1_75' title='bbox 454 878 564 917; x_wconf 83' lang='lat' dir='ltr'>partes</span> <span class='ocrx_word' id='word_1_76' title='bbox 591 875 769 914; x_wconf 77' lang='lat' dir='ltr'>prosiliens</span> <span class='ocrx_word' id='word_1_77' title='bbox 791 875 822 904; x_wconf 88' lang='lat' dir='ltr'>et</span> <span class='ocrx_word' id='word_1_78' title='bbox 843 874 974 904; x_wconf 74' lang='lat' dir='ltr'>strictos</span> <span class='ocrx_word' id='word_1_79' title='bbox 994 875 1061 911; x_wconf 86' lang='lat' dir='ltr'>jam</span> <span class='ocrx_word' id='word_1_80' title='bbox 1084 873 1137 903; x_wconf 87' lang='lat' dir='ltr'>vel</span> <span class='ocrx_word' id='word_1_81' title='bbox 1158 873 1257 903; x_wconf 85' lang='lat' dir='ltr'>strin-</span> 
     </span>
     <span class='ocr_line' id='line_1_13' title="bbox 249 926 1259 971; baseline -0.008 -8"><span class='ocrx_word' id='word_1_82' title='bbox 249 933 374 971; x_wconf 83' lang='lat' dir='ltr'>gendos</span> <span class='ocrx_word' id='word_1_83' title='bbox 401 931 529 969; x_wconf 78' lang='lat' dir='ltr'>gladios</span> <span class='ocrx_word' id='word_1_84' title='bbox 550 930 590 959; x_wconf 91' lang='lat' dir='ltr'>de</span> <span class='ocrx_word' id='word_1_85' title='bbox 612 928 769 958; x_wconf 89' lang='lat' dir='ltr'>manibus</span> <span class='ocrx_word' id='word_1_86' title='bbox 798 927 1028 957; x_wconf 77' lang='lat' dir='ltr'>altercantium</span> <span class='ocrx_word' id='word_1_87' title='bbox 1054 926 1259 956; x_wconf 84' lang='lat' dir='ltr'>confidenter</span> 
     </span>
     <span class='ocr_line' id='line_1_14' title="bbox 249 979 1259 1025; baseline -0.008 -8"><span class='ocrx_word' id='word_1_88' title='bbox 249 987 406 1025; x_wconf 88' lang='lat' dir='ltr'>eripiens,</span> <span class='ocrx_word' id='word_1_89' title='bbox 421 993 480 1023; x_wconf 89' lang='lat' dir='ltr'>per</span> <span class='ocrx_word' id='word_1_90' title='bbox 495 982 722 1013; x_wconf 87' lang='lat' dir='ltr'>auctoritatem</span> <span class='ocrx_word' id='word_1_91' title='bbox 741 982 774 1011; x_wconf 89' lang='lat' dir='ltr'>fit</span> <span class='ocrx_word' id='word_1_92' title='bbox 788 981 875 1011; x_wconf 90' lang='lat' dir='ltr'>inter</span> <span class='ocrx_word' id='word_1_93' title='bbox 892 981 982 1019; x_wconf 88' lang='lat' dir='ltr'>ipsos</span> <span class='ocrx_word' id='word_1_94' title='bbox 999 980 1177 1018; x_wconf 80' lang='lat' dir='ltr'>imperiosa</span> <span class='ocrx_word' id='word_1_95' title='bbox 1191 979 1259 1018; x_wconf 91' lang='lat' dir='ltr'>pla-</span> 
     </span>
     <span class='ocr_line' id='line_1_15' title="bbox 248 1033 1259 1077; baseline -0.007 -8"><span class='ocrx_word' id='word_1_96' title='bbox 248 1040 320 1070; x_wconf 87' lang='lat' dir='ltr'>cide</span> <span class='ocrx_word' id='word_1_97' title='bbox 342 1038 431 1077; x_wconf 73' lang='lat' dir='ltr'>pacis</span> <span class='ocrx_word' id='word_1_98' title='bbox 454 1037 592 1067; x_wconf 77' lang='lat' dir='ltr'>auctrix.</span> <span class='ocrx_word' id='word_1_99' title='bbox 610 1035 720 1073; x_wconf 77' lang='lat' dir='ltr'>Reges</span> <span class='ocrx_word' id='word_1_100' title='bbox 740 1043 871 1072; x_wconf 84' lang='lat' dir='ltr'>quoque</span> <span class='ocrx_word' id='word_1_101' title='bbox 892 1033 1056 1067; x_wconf 77' lang='lat' dir='ltr'>catholici,</span> <span class='ocrx_word' id='word_1_102' title='bbox 1079 1041 1154 1062; x_wconf 89' lang='lat' dir='ltr'>cum</span> <span class='ocrx_word' id='word_1_103' title='bbox 1176 1033 1259 1062; x_wconf 89' lang='lat' dir='ltr'>inter</span> 
     </span>
     <span class='ocr_line' id='line_1_16' title="bbox 249 1085 1256 1132; baseline -0.007 -10"><span class='ocrx_word' id='word_1_104' title='bbox 249 1093 339 1132; x_wconf 56' lang='lat' dir='ltr'>ipso&gt;-</span> <span class='ocrx_word' id='word_1_105' title='bbox 367 1090 493 1129; x_wconf 84' lang='lat' dir='ltr'>aliquid</span> <span class='ocrx_word' id='word_1_106' title='bbox 518 1088 740 1119; x_wconf 79' lang='lat' dir='ltr'>dissensionis</span> <span class='ocrx_word' id='word_1_107' title='bbox 767 1087 905 1125; x_wconf 82' lang='lat' dir='ltr'>emergit</span> <span class='ocrx_word' id='word_1_108' title='bbox 935 1087 986 1116; x_wconf 91' lang='lat' dir='ltr'>vel</span> <span class='ocrx_word' id='word_1_109' title='bbox 1017 1094 1091 1115; x_wconf 87' lang='lat' dir='ltr'>eum</span> <span class='ocrx_word' id='word_1_110' title='bbox 1121 1085 1256 1115; x_wconf 67' lang='lat' dir='ltr'>vassalli</span> 
     </span>
     <span class='ocr_line' id='line_1_17' title="bbox 248 1138 1259 1182; baseline -0.008 -7"><span class='ocrx_word' id='word_1_111' title='bbox 248 1153 363 1175; x_wconf 90' lang='lat' dir='ltr'>eorum</span> <span class='ocrx_word' id='word_1_112' title='bbox 388 1142 586 1182; x_wconf 78' lang='lat' dir='ltr'>presumunt</span> <span class='ocrx_word' id='word_1_113' title='bbox 616 1141 729 1170; x_wconf 86' lang='lat' dir='ltr'>contra</span> <span class='ocrx_word' id='word_1_114' title='bbox 757 1148 814 1169; x_wconf 91' lang='lat' dir='ltr'>eos</span> <span class='ocrx_word' id='word_1_115' title='bbox 842 1139 1033 1169; x_wconf 76' lang='lat' dir='ltr'>calcaneum</span> <span class='ocrx_word' id='word_1_116' title='bbox 1066 1138 1259 1168; x_wconf 77' lang='lat' dir='ltr'>rebellionis</span> 
     </span>
     <span class='ocr_line' id='line_1_18' title="bbox 248 1191 1258 1236; baseline -0.008 -8"><span class='ocrx_word' id='word_1_117' title='bbox 248 1198 386 1236; x_wconf 86' lang='lat' dir='ltr'>erigere,</span> <span class='ocrx_word' id='word_1_118' title='bbox 405 1204 482 1225; x_wconf 84' lang='lat' dir='ltr'>mox</span> <span class='ocrx_word' id='word_1_119' title='bbox 497 1194 618 1224; x_wconf 89' lang='lat' dir='ltr'>habent</span> <span class='ocrx_word' id='word_1_120' title='bbox 634 1193 672 1223; x_wconf 88' lang='lat' dir='ltr'>ad</span> <span class='ocrx_word' id='word_1_121' title='bbox 690 1194 821 1231; x_wconf 87' lang='lat' dir='ltr'>portum</span> <span class='ocrx_word' id='word_1_122' title='bbox 838 1191 976 1222; x_wconf 73' lang='lat' dir='ltr'>ecclesie</span> <span class='ocrx_word' id='word_1_123' title='bbox 987 1191 1132 1230; x_wconf 82' lang='lat' dir='ltr'>predicte</span> <span class='ocrx_word' id='word_1_124' title='bbox 1149 1200 1258 1221; x_wconf 86' lang='lat' dir='ltr'>recur-</span> 
     </span>
     <span class='ocr_line' id='line_1_19' title="bbox 249 1244 1258 1287; baseline -0.008 -7"><span class='ocrx_word' id='word_1_125' title='bbox 249 1259 336 1284; x_wconf 90' lang='lat' dir='ltr'>sum,</span> <span class='ocrx_word' id='word_1_126' title='bbox 364 1249 501 1287; x_wconf 71' lang='lat' dir='ltr'>ejusque</span> <span class='ocrx_word' id='word_1_127' title='bbox 527 1246 660 1277; x_wconf 86' lang='lat' dir='ltr'>salubre</span> <span class='ocrx_word' id='word_1_128' title='bbox 687 1245 866 1275; x_wconf 75' lang='lat' dir='ltr'>consilium</span> <span class='ocrx_word' id='word_1_129' title='bbox 892 1245 923 1274; x_wconf 88' lang='lat' dir='ltr'>et</span> <span class='ocrx_word' id='word_1_130' title='bbox 948 1244 1111 1274; x_wconf 78' lang='lat' dir='ltr'>auxilium</span> <span class='ocrx_word' id='word_1_131' title='bbox 1141 1244 1258 1281; x_wconf 90' lang='lat' dir='ltr'>implo-</span> 
     </span>
     <span class='ocr_line' id='line_1_20' title="bbox 250 1296 1258 1339; baseline -0.008 -6"><span class='ocrx_word' id='word_1_132' title='bbox 250 1304 371 1336; x_wconf 88' lang='lat' dir='ltr'>rantes,</span> <span class='ocrx_word' id='word_1_133' title='bbox 389 1299 639 1339; x_wconf 79' lang='lat' dir='ltr'>tranquillitatis</span> <span class='ocrx_word' id='word_1_134' title='bbox 656 1299 686 1328; x_wconf 84' lang='lat' dir='ltr'>et</span> <span class='ocrx_word' id='word_1_135' title='bbox 702 1298 792 1336; x_wconf 80' lang='lat' dir='ltr'>pacis</span> <span class='ocrx_word' id='word_1_136' title='bbox 809 1297 955 1327; x_wconf 87' lang='lat' dir='ltr'>remedia</span> <span class='ocrx_word' id='word_1_137' title='bbox 977 1296 1202 1326; x_wconf 82' lang='lat' dir='ltr'>infallibiliter</span> <span class='ocrx_word' id='word_1_138' title='bbox 1219 1296 1258 1325; x_wconf 90' lang='lat' dir='ltr'>ab</span> 
     </span>
     <span class='ocr_line' id='line_1_21' title="bbox 247 1349 1258 1394; baseline -0.009 -8"><span class='ocrx_word' id='word_1_139' title='bbox 247 1356 322 1394; x_wconf 85' lang='lat' dir='ltr'>ipsa</span> <span class='ocrx_word' id='word_1_140' title='bbox 344 1354 517 1392; x_wconf 84' lang='lat' dir='ltr'>recipiunt,</span> <span class='ocrx_word' id='word_1_141' title='bbox 542 1362 600 1391; x_wconf 88' lang='lat' dir='ltr'>per</span> <span class='ocrx_word' id='word_1_142' title='bbox 621 1361 683 1390; x_wconf 68' lang='lat' dir='ltr'>qut*</span> <span class='ocrx_word' id='word_1_143' title='bbox 708 1353 735 1381; x_wconf 86' lang='lat' dir='ltr'>et</span> <span class='ocrx_word' id='word_1_144' title='bbox 763 1351 846 1381; x_wconf 87' lang='lat' dir='ltr'>inter</span> <span class='ocrx_word' id='word_1_145' title='bbox 864 1349 1034 1380; x_wconf 73' lang='lat' dir='ltr'>discordes</span> <span class='ocrx_word' id='word_1_146' title='bbox 1058 1351 1088 1379; x_wconf 91' lang='lat' dir='ltr'>et</span> <span class='ocrx_word' id='word_1_147' title='bbox 1111 1349 1258 1379; x_wconf 58' lang='lat' dir='ltr'>turbatos=</span> 
     </span>
     <span class='ocr_line' id='line_1_22' title="bbox 249 1403 1259 1439; baseline -0.007 -1"><span class='ocrx_word' id='word_1_148' title='bbox 249 1417 364 1439; x_wconf 85' lang='lat' dir='ltr'>eorum</span> <span class='ocrx_word' id='word_1_149' title='bbox 387 1407 517 1437; x_wconf 86' lang='lat' dir='ltr'>animes</span> <span class='ocrx_word' id='word_1_150' title='bbox 540 1413 657 1435; x_wconf 89' lang='lat' dir='ltr'>serena</span> <span class='ocrx_word' id='word_1_151' title='bbox 681 1403 857 1433; x_wconf 78' lang='lat' dir='ltr'>concordia</span> <span class='ocrx_word' id='word_1_152' title='bbox 879 1404 909 1433; x_wconf 85' lang='lat' dir='ltr'>et</span> <span class='ocrx_word' id='word_1_153' title='bbox 933 1411 1070 1432; x_wconf 66' lang='lat' dir='ltr'>concors</span> <span class='ocrx_word' id='word_1_154' title='bbox 1097 1403 1259 1432; x_wconf 73' lang='lat' dir='ltr'>serenitas</span> 
     </span>
     <span class='ocr_line' id='line_1_23' title="bbox 249 1455 1259 1495; baseline -0.006 -4"><span class='ocrx_word' id='word_1_155' title='bbox 249 1461 458 1495; x_wconf 83' lang='lat' dir='ltr'>reformatur,</span> <span class='ocrx_word' id='word_1_156' title='bbox 476 1459 635 1489; x_wconf 88' lang='lat' dir='ltr'>sedantur</span> <span class='ocrx_word' id='word_1_157' title='bbox 655 1456 836 1487; x_wconf 73' lang='lat' dir='ltr'>seditiones</span> <span class='ocrx_word' id='word_1_158' title='bbox 855 1464 873 1486; x_wconf 91' lang='lat' dir='ltr'>a</span> <span class='ocrx_word' id='word_1_159' title='bbox 890 1455 1033 1485; x_wconf 80' lang='lat' dir='ltr'>subditis</span> <span class='ocrx_word' id='word_1_160' title='bbox 1049 1455 1208 1485; x_wconf 85' lang='lat' dir='ltr'>concitate</span> <span class='ocrx_word' id='word_1_161' title='bbox 1229 1456 1259 1485; x_wconf 88' lang='lat' dir='ltr'>et</span> 
     </span>
     <span class='ocr_line' id='line_1_24' title="bbox 248 1508 1258 1552; baseline -0.006 -8"><span class='ocrx_word' id='word_1_162' title='bbox 248 1513 449 1552; x_wconf 81' lang='lat' dir='ltr'>litigantium</span> <span class='ocrx_word' id='word_1_163' title='bbox 480 1511 643 1540; x_wconf 88' lang='lat' dir='ltr'>clamores</span> <span class='ocrx_word' id='word_1_164' title='bbox 672 1509 803 1547; x_wconf 86' lang='lat' dir='ltr'>queruli</span> <span class='ocrx_word' id='word_1_165' title='bbox 834 1509 1070 1538; x_wconf 85' lang='lat' dir='ltr'>conticescunt.</span> <span class='ocrx_word' id='word_1_166' title='bbox 1102 1508 1258 1538; x_wconf 87' lang='lat' dir='ltr'>Preterea</span> 
     </span>
     <span class='ocr_line' id='line_1_25' title="bbox 247 1561 1257 1602; baseline -0.005 -6"><span class='ocrx_word' id='word_1_167' title='bbox 247 1567 334 1597; x_wconf 85' lang='lat' dir='ltr'>circa</span> <span class='ocrx_word' id='word_1_168' title='bbox 353 1565 490 1595; x_wconf 86' lang='lat' dir='ltr'>heredes</span> <span class='ocrx_word' id='word_1_169' title='bbox 509 1562 669 1602; x_wconf 88' lang='lat' dir='ltr'>parvulos</span> <span class='ocrx_word' id='word_1_170' title='bbox 689 1570 867 1600; x_wconf 88' lang='lat' dir='ltr'>regnorum</span> <span class='ocrx_word' id='word_1_171' title='bbox 888 1561 1094 1600; x_wconf 83' lang='lat' dir='ltr'>hujusmodi,</span> <span class='ocrx_word' id='word_1_172' title='bbox 1111 1561 1140 1591; x_wconf 86' lang='lat' dir='ltr'>si</span> <span class='ocrx_word' id='word_1_173' title='bbox 1162 1569 1257 1599; x_wconf 70' lang='lat' dir='ltr'>quos,</span> 
     </span>
     <span class='ocr_line' id='line_1_26' title="bbox 248 1614 1259 1658; baseline -0.004 -10"><span class='ocrx_word' id='word_1_174' title='bbox 248 1617 442 1658; x_wconf 77' lang='lat' dir='ltr'>parentibus</span> <span class='ocrx_word' id='word_1_175' title='bbox 468 1624 582 1646; x_wconf 90' lang='lat' dir='ltr'>eorum</span> <span class='ocrx_word' id='word_1_176' title='bbox 608 1615 743 1653; x_wconf 82' lang='lat' dir='ltr'>regibus</span> <span class='ocrx_word' id='word_1_177' title='bbox 769 1614 1014 1650; x_wconf 88' lang='lat' dir='ltr'>deficientibus,</span> <span class='ocrx_word' id='word_1_178' title='bbox 1041 1614 1074 1643; x_wconf 91' lang='lat' dir='ltr'>in</span> <span class='ocrx_word' id='word_1_179' title='bbox 1102 1614 1259 1652; x_wconf 89' lang='lat' dir='ltr'>pupillari</span> 
     </span>
     <span class='ocr_line' id='line_1_27' title="bbox 247 1667 1259 1706; baseline -0.005 -5"><span class='ocrx_word' id='word_1_180' title='bbox 247 1672 330 1701; x_wconf 87' lang='lat' dir='ltr'>etate</span> <span class='ocrx_word' id='word_1_181' title='bbox 349 1677 519 1700; x_wconf 88' lang='lat' dir='ltr'>remanere</span> <span class='ocrx_word' id='word_1_182' title='bbox 541 1668 713 1706; x_wconf 82' lang='lat' dir='ltr'>contingit,</span> <span class='ocrx_word' id='word_1_183' title='bbox 733 1667 847 1697; x_wconf 85' lang='lat' dir='ltr'>eadem</span> <span class='ocrx_word' id='word_1_184' title='bbox 871 1667 1024 1697; x_wconf 85' lang='lat' dir='ltr'>Romana</span> <span class='ocrx_word' id='word_1_185' title='bbox 1042 1667 1181 1697; x_wconf 85' lang='lat' dir='ltr'>ecclesia</span> <span class='ocrx_word' id='word_1_186' title='bbox 1206 1667 1259 1705; x_wconf 90' lang='lat' dir='ltr'>pie</span> 
     </span>
     <span class='ocr_line' id='line_1_28' title="bbox 247 1719 1259 1758; baseline -0.006 -3"><span class='ocrx_word' id='word_1_187' title='bbox 247 1724 362 1755; x_wconf 77' lang='lat' dir='ltr'>matris</span> <span class='ocrx_word' id='word_1_188' title='bbox 375 1722 515 1753; x_wconf 60' lang='lat' dir='ltr'>assumit</span> <span class='ocrx_word' id='word_1_189' title='bbox 528 1721 674 1751; x_wconf 81' lang='lat' dir='ltr'>osticium</span> <span class='ocrx_word' id='word_1_190' title='bbox 689 1729 725 1750; x_wconf 86' lang='lat' dir='ltr'>ae</span> <span class='ocrx_word' id='word_1_191' title='bbox 738 1720 915 1757; x_wconf 70' lang='lat' dir='ltr'>diligenter</span> <span class='ocrx_word' id='word_1_192' title='bbox 927 1721 957 1749; x_wconf 90' lang='lat' dir='ltr'>et</span> <span class='ocrx_word' id='word_1_193' title='bbox 970 1719 1094 1749; x_wconf 86' lang='lat' dir='ltr'>utiliter</span> <span class='ocrx_word' id='word_1_194' title='bbox 1110 1720 1259 1758; x_wconf 87' lang='lat' dir='ltr'>ipserum</span> 
     </span>
     <span class='ocr_line' id='line_1_29' title="bbox 249 1773 1257 1817; baseline -0.005 -10"><span class='ocrx_word' id='word_1_195' title='bbox 249 1777 331 1817; x_wconf 86' lang='lat' dir='ltr'>gerit</span> <span class='ocrx_word' id='word_1_196' title='bbox 351 1777 499 1813; x_wconf 76' lang='lat' dir='ltr'>regimen</span> <span class='ocrx_word' id='word_1_197' title='bbox 516 1776 547 1805; x_wconf 87' lang='lat' dir='ltr'>et</span> <span class='ocrx_word' id='word_1_198' title='bbox 568 1774 721 1809; x_wconf 87' lang='lat' dir='ltr'>tutelam;</span> <span class='ocrx_word' id='word_1_199' title='bbox 740 1782 854 1803; x_wconf 87' lang='lat' dir='ltr'>eorum</span> <span class='ocrx_word' id='word_1_200' title='bbox 872 1773 1070 1803; x_wconf 79' lang='lat' dir='ltr'>hereditates</span> <span class='ocrx_word' id='word_1_201' title='bbox 1094 1774 1124 1803; x_wconf 83' lang='lat' dir='ltr'>et</span> <span class='ocrx_word' id='word_1_202' title='bbox 1147 1782 1257 1811; x_wconf 83' lang='lat' dir='ltr'>regna,</span> 
     </span>
     <span class='ocr_line' id='line_1_30' title="bbox 249 1824 1259 1863; baseline -0.005 -5"><span class='ocrx_word' id='word_1_203' title='bbox 249 1836 324 1858; x_wconf 90' lang='lat' dir='ltr'>cum</span> <span class='ocrx_word' id='word_1_204' title='bbox 339 1826 518 1857; x_wconf 77' lang='lat' dir='ltr'>necessitas</span> <span class='ocrx_word' id='word_1_205' title='bbox 531 1825 694 1860; x_wconf 86' lang='lat' dir='ltr'>imminet,</span> <span class='ocrx_word' id='word_1_206' title='bbox 707 1825 807 1854; x_wconf 89' lang='lat' dir='ltr'>etiam</span> <span class='ocrx_word' id='word_1_207' title='bbox 819 1824 890 1854; x_wconf 87' lang='lat' dir='ltr'>suis</span> <span class='ocrx_word' id='word_1_208' title='bbox 906 1824 1051 1863; x_wconf 87' lang='lat' dir='ltr'>propriis</span> <span class='ocrx_word' id='word_1_209' title='bbox 1068 1824 1259 1863; x_wconf 84' lang='lat' dir='ltr'>sumptibus</span> 
     </span>
     <span class='ocr_line' id='line_1_31' title="bbox 250 1877 1258 1919; baseline -0.002 -8"><span class='ocrx_word' id='word_1_210' title='bbox 250 1890 269 1911; x_wconf 91' lang='lat' dir='ltr'>a</span> <span class='ocrx_word' id='word_1_211' title='bbox 284 1880 488 1919; x_wconf 70' lang='lat' dir='ltr'>quibuslibet</span> <span class='ocrx_word' id='word_1_212' title='bbox 499 1878 713 1908; x_wconf 66' lang='lat' dir='ltr'>invasoribus</span> <span class='ocrx_word' id='word_1_213' title='bbox 727 1879 757 1908; x_wconf 91' lang='lat' dir='ltr'>et</span> <span class='ocrx_word' id='word_1_214' title='bbox 771 1877 1026 1916; x_wconf 83' lang='lat' dir='ltr'>occupatoribus</span> <span class='ocrx_word' id='word_1_215' title='bbox 1038 1877 1258 1909; x_wconf 83' lang='lat' dir='ltr'>defendendo.</span> 
     </span>
     <span class='ocr_line' id='line_1_32' title="bbox 250 1930 1260 1969; baseline -0.004 -6"><span class='ocrx_word' id='word_1_216' title='bbox 250 1934 319 1964; x_wconf 86' lang='lat' dir='ltr'>Hcc</span> <span class='ocrx_word' id='word_1_217' title='bbox 336 1934 445 1962; x_wconf 86' lang='lat' dir='ltr'>autem</span> <span class='ocrx_word' id='word_1_218' title='bbox 466 1932 496 1961; x_wconf 88' lang='lat' dir='ltr'>et</span> <span class='ocrx_word' id='word_1_219' title='bbox 512 1931 577 1961; x_wconf 87' lang='lat' dir='ltr'>alia</span> <span class='ocrx_word' id='word_1_220' title='bbox 595 1931 792 1969; x_wconf 81' lang='lat' dir='ltr'>quamplura</span> <span class='ocrx_word' id='word_1_221' title='bbox 810 1930 937 1968; x_wconf 80' lang='lat' dir='ltr'>refugia</span> <span class='ocrx_word' id='word_1_222' title='bbox 961 1930 1163 1960; x_wconf 71' lang='lat' dir='ltr'>invenerunt</span> <span class='ocrx_word' id='word_1_223' title='bbox 1179 1938 1260 1960; x_wconf 90' lang='lat' dir='ltr'>sem-</span> 
     </span>
    </p>
   </div>
   <div class='ocr_carea' id='block_1_5' title="bbox 250 1979 1262 2025">
    <p class='ocr_par' dir='ltr' id='par_1_5' title="bbox 250 1979 1262 2025">
     <span class='ocr_line' id='line_1_33' title="bbox 250 1979 1262 2025; baseline -0.002 -11"><span class='ocrx_word' id='word_1_224' title='bbox 250 1979 309 2025; x_wconf 80' lang='lat' dir='ltr'>per</span> <span class='ocrx_word' id='word_1_225' title='bbox 323 1987 353 2015; x_wconf 78' lang='lat' dir='ltr'>et</span> <span class='ocrx_word' id='word_1_226' title='bbox 369 1985 544 2015; x_wconf 87' lang='lat' dir='ltr'>inveniunt</span> <span class='ocrx_word' id='word_1_227' title='bbox 561 1983 647 2022; x_wconf 89' lang='lat' dir='ltr'>apud</span> <span class='ocrx_word' id='word_1_228' title='bbox 665 1983 803 2013; x_wconf 89' lang='lat' dir='ltr'>eandem</span> <span class='ocrx_word' id='word_1_229' title='bbox 821 1983 994 2012; x_wconf 86' lang='lat' dir='ltr'>ecelesiam</span> <span class='ocrx_word' id='word_1_230' title='bbox 1015 1983 1125 2013; x_wconf 84' lang='lat' dir='ltr'>tidelia</span> <span class='ocrx_word' id='word_1_231' title='bbox 1142 1984 1172 2013; x_wconf 90' lang='lat' dir='ltr'>et</span> <span class='ocrx_word' id='word_1_232' title='bbox 1188 1983 1262 2013; x_wconf 89' lang='lat' dir='ltr'>obe-</span> 
     </span>
    </p>
   </div>
   <div class='ocr_carea' id='block_1_6' title="bbox 251 2035 1260 2181">
    <p class='ocr_par' dir='ltr' id='par_1_6' title="bbox 251 2035 1260 2181">
     <span class='ocr_line' id='line_1_34' title="bbox 251 2035 1260 2073; baseline -0.004 -4"><span class='ocrx_word' id='word_1_233' title='bbox 251 2038 374 2069; x_wconf 77' lang='lat' dir='ltr'>dientia</span> <span class='ocrx_word' id='word_1_234' title='bbox 387 2037 449 2067; x_wconf 86' lang='lat' dir='ltr'>sibi</span> <span class='ocrx_word' id='word_1_235' title='bbox 466 2045 566 2073; x_wconf 72' lang='lat' dir='ltr'>regna</span> <span class='ocrx_word' id='word_1_236' title='bbox 578 2037 607 2066; x_wconf 85' lang='lat' dir='ltr'>et</span> <span class='ocrx_word' id='word_1_237' title='bbox 624 2044 716 2073; x_wconf 83' lang='lat' dir='ltr'>reges</span> <span class='ocrx_word' id='word_1_238' title='bbox 730 2044 766 2065; x_wconf 92' lang='lat' dir='ltr'>ac</span> <span class='ocrx_word' id='word_1_239' title='bbox 777 2035 946 2073; x_wconf 86' lang='lat' dir='ltr'>principes</span> <span class='ocrx_word' id='word_1_240' title='bbox 963 2035 1146 2065; x_wconf 78' lang='lat' dir='ltr'>orthodoxi.</span> <span class='ocrx_word' id='word_1_241' title='bbox 1164 2035 1260 2065; x_wconf 86' lang='lat' dir='ltr'>Unde</span> 
     </span>
     <span class='ocr_line' id='line_1_35' title="bbox 251 2087 1259 2128; baseline -0.004 -7"><span class='ocrx_word' id='word_1_242' title='bbox 251 2091 279 2121; x_wconf 82' lang='lat' dir='ltr'>si</span> <span class='ocrx_word' id='word_1_243' title='bbox 298 2092 342 2125; x_wconf 85' lang='lat' dir='ltr'>tu,</span> <span class='ocrx_word' id='word_1_244' title='bbox 362 2090 449 2128; x_wconf 81' lang='lat' dir='ltr'>quod</span> <span class='ocrx_word' id='word_1_245' title='bbox 469 2089 634 2119; x_wconf 83' lang='lat' dir='ltr'>ferventer</span> <span class='ocrx_word' id='word_1_246' title='bbox 652 2088 849 2126; x_wconf 80' lang='lat' dir='ltr'>appetimus,</span> <span class='ocrx_word' id='word_1_247' title='bbox 870 2087 1050 2125; x_wconf 63' lang='lat' dir='ltr'>inspiratus</span> <span class='ocrx_word' id='word_1_248' title='bbox 1067 2096 1085 2117; x_wconf 90' lang='lat' dir='ltr'>a</span> <span class='ocrx_word' id='word_1_249' title='bbox 1103 2088 1259 2122; x_wconf 88' lang='lat' dir='ltr'>Domino,</span> 
     </span>
     <span class='ocr_line' id='line_1_36' title="bbox 251 2140 1259 2181; baseline -0.005 -7"><span class='ocrx_word' id='word_1_250' title='bbox 251 2144 291 2174; x_wconf 89' lang='lat' dir='ltr'>ad</span> <span class='ocrx_word' id='word_1_251' title='bbox 315 2143 386 2181; x_wconf 82' lang='lat' dir='ltr'>ejus</span> <span class='ocrx_word' id='word_1_252' title='bbox 408 2141 632 2172; x_wconf 74' lang='lat' dir='ltr'>obedientiam</span> <span class='ocrx_word' id='word_1_253' title='bbox 655 2141 742 2170; x_wconf 85' lang='lat' dir='ltr'>recta</span> <span class='ocrx_word' id='word_1_254' title='bbox 765 2140 885 2170; x_wconf 72' lang='lat' dir='ltr'>mentis</span> <span class='ocrx_word' id='word_1_255' title='bbox 914 2140 1096 2170; x_wconf 88' lang='lat' dir='ltr'>intentione</span> <span class='ocrx_word' id='word_1_256' title='bbox 1122 2140 1259 2174; x_wconf 76' lang='lat' dir='ltr'>redireS,</span> 
     </span>
    </p>
   </div>
   <div class='ocr_carea' id='block_1_7' title="bbox 249 2193 1268 2235">
    <p class='ocr_par' dir='ltr' id='par_1_7' title="bbox 249 2193 1268 2235">
     <span class='ocr_line' id='line_1_37' title="bbox 249 2193 1268 2235; baseline -0.007 -8"><span class='ocrx_word' id='word_1_257' title='bbox 249 2198 340 2227; x_wconf 69' lang='lat' dir='ltr'>tanto</span> <span class='ocrx_word' id='word_1_258' title='bbox 355 2195 556 2235; x_wconf 82' lang='lat' dir='ltr'>promptiora</span> <span class='ocrx_word' id='word_1_259' title='bbox 572 2194 697 2223; x_wconf 82' lang='lat' dir='ltr'>favoris</span> <span class='ocrx_word' id='word_1_260' title='bbox 717 2194 748 2223; x_wconf 89' lang='lat' dir='ltr'>et</span> <span class='ocrx_word' id='word_1_261' title='bbox 763 2193 901 2231; x_wconf 89' lang='lat' dir='ltr'>presidii</span> <span class='ocrx_word' id='word_1_262' title='bbox 922 2193 1097 2231; x_wconf 82' lang='lat' dir='ltr'>juvamina</span> <span class='ocrx_word' id='word_1_263' title='bbox 1114 2194 1207 2223; x_wconf 86' lang='lat' dir='ltr'>tuum</span> <span class='ocrx_word' id='word_1_264' title='bbox 1224 2193 1268 2222; x_wconf 57' lang='lat' dir='ltr'>in.</span> 
     </span>
    </p>
   </div>
   <div class='ocr_carea' id='block_1_8' title="bbox 250 2246 1259 2286">
    <p class='ocr_par' dir='ltr' id='par_1_8' title="bbox 250 2246 1259 2286">
     <span class='ocr_line' id='line_1_38' title="bbox 250 2246 1259 2286; baseline -0.004 -7"><span class='ocrx_word' id='word_1_265' title='bbox 250 2250 309 2280; x_wconf 91' lang='lat' dir='ltr'>illa</span> <span class='ocrx_word' id='word_1_266' title='bbox 335 2248 499 2278; x_wconf 85' lang='lat' dir='ltr'>inveniret</span> <span class='ocrx_word' id='word_1_267' title='bbox 526 2247 707 2286; x_wconf 87' lang='lat' dir='ltr'>Imperium</span> <span class='ocrx_word' id='word_1_268' title='bbox 733 2246 766 2276; x_wconf 89' lang='lat' dir='ltr'>in</span> <span class='ocrx_word' id='word_1_269' title='bbox 792 2247 848 2276; x_wconf 87' lang='lat' dir='ltr'>tua</span> <span class='ocrx_word' id='word_1_270' title='bbox 874 2247 1074 2284; x_wconf 87' lang='lat' dir='ltr'>tuorumque</span> <span class='ocrx_word' id='word_1_271' title='bbox 1102 2246 1259 2276; x_wconf 86' lang='lat' dir='ltr'>heredum</span> 
     </span>
    </p>
   </div>
   <div class='ocr_carea' id='block_1_9' title="bbox 249 2299 1289 2338">
    <p class='ocr_par' dir='ltr' id='par_1_9' title="bbox 249 2299 1289 2338">
     <span class='ocr_line' id='line_1_39' title="bbox 249 2299 1289 2338; baseline -0.006 -6"><span class='ocrx_word' id='word_1_272' title='bbox 249 2302 442 2332; x_wconf 87' lang='lat' dir='ltr'>defensioue</span> <span class='ocrx_word' id='word_1_273' title='bbox 467 2310 502 2330; x_wconf 86' lang='lat' dir='ltr'>ae</span> <span class='ocrx_word' id='word_1_274' title='bbox 525 2299 724 2330; x_wconf 83' lang='lat' dir='ltr'>exaltatione</span> <span class='ocrx_word' id='word_1_275' title='bbox 748 2300 918 2338; x_wconf 90' lang='lat' dir='ltr'>perpetua,</span> <span class='ocrx_word' id='word_1_276' title='bbox 939 2299 1061 2337; x_wconf 87' lang='lat' dir='ltr'>quanto</span> <span class='ocrx_word' id='word_1_277' title='bbox 1084 2299 1260 2329; x_wconf 84' lang='lat' dir='ltr'>ferventio-</span> <span class='ocrx_word' id='word_1_278' title='bbox 1288 2304 1289 2326; x_wconf 62' lang='grc'>1</span> 
     </span>
    </p>
   </div>
   <div class='ocr_carea' id='block_1_10' title="bbox 249 2351 1260 2919">
    <p class='ocr_par' dir='ltr' id='par_1_10' title="bbox 249 2351 1260 2919">
     <span class='ocr_line' id='line_1_40' title="bbox 249 2351 1258 2390; baseline -0.006 -4"><span class='ocrx_word' id='word_1_279' title='bbox 249 2356 342 2387; x_wconf 89' lang='lat' dir='ltr'>ribus</span> <span class='ocrx_word' id='word_1_280' title='bbox 359 2353 535 2385; x_wconf 74' lang='lat' dir='ltr'>desideriis</span> <span class='ocrx_word' id='word_1_281' title='bbox 552 2352 667 2383; x_wconf 88' lang='lat' dir='ltr'>eadem</span> <span class='ocrx_word' id='word_1_282' title='bbox 689 2352 828 2382; x_wconf 80' lang='lat' dir='ltr'>ecclesia</span> <span class='ocrx_word' id='word_1_283' title='bbox 851 2352 934 2382; x_wconf 88' lang='lat' dir='ltr'>festa</span> <span class='ocrx_word' id='word_1_284' title='bbox 954 2351 1124 2390; x_wconf 86' lang='lat' dir='ltr'>paschalia</span> <span class='ocrx_word' id='word_1_285' title='bbox 1140 2353 1194 2381; x_wconf 87' lang='lat' dir='ltr'>tue</span> <span class='ocrx_word' id='word_1_286' title='bbox 1209 2352 1258 2390; x_wconf 77' lang='lat' dir='ltr'>jo-</span> 
     </span>
     <span class='ocr_line' id='line_1_41' title="bbox 249 2404 1260 2444; baseline -0.006 -5"><span class='ocrx_word' id='word_1_287' title='bbox 249 2409 355 2439; x_wconf 88' lang='lat' dir='ltr'>cunde</span> <span class='ocrx_word' id='word_1_288' title='bbox 381 2406 609 2437; x_wconf 84' lang='lat' dir='ltr'>conversionis</span> <span class='ocrx_word' id='word_1_289' title='bbox 640 2406 788 2444; x_wconf 81' lang='lat' dir='ltr'>expectat</span> <span class='ocrx_word' id='word_1_290' title='bbox 812 2405 1002 2444; x_wconf 87' lang='lat' dir='ltr'>quantoque</span> <span class='ocrx_word' id='word_1_291' title='bbox 1028 2404 1260 2435; x_wconf 86' lang='lat' dir='ltr'>attentioribus</span> 
     </span>
     <span class='ocr_line' id='line_1_42' title="bbox 250 2457 1260 2497; baseline -0.005 -6"><span class='ocrx_word' id='word_1_292' title='bbox 250 2461 369 2492; x_wconf 86' lang='lat' dir='ltr'>studiis</span> <span class='ocrx_word' id='word_1_293' title='bbox 389 2461 419 2490; x_wconf 88' lang='lat' dir='ltr'>te</span> <span class='ocrx_word' id='word_1_294' title='bbox 437 2460 476 2489; x_wconf 89' lang='lat' dir='ltr'>ad</span> <span class='ocrx_word' id='word_1_295' title='bbox 498 2459 569 2497; x_wconf 89' lang='lat' dir='ltr'>ejus</span> <span class='ocrx_word' id='word_1_296' title='bbox 586 2458 745 2488; x_wconf 88' lang='lat' dir='ltr'>unitatem</span> <span class='ocrx_word' id='word_1_297' title='bbox 765 2465 964 2488; x_wconf 82' lang='lat' dir='ltr'>conversum</span> <span class='ocrx_word' id='word_1_298' title='bbox 987 2457 1019 2487; x_wconf 89' lang='lat' dir='ltr'>in</span> <span class='ocrx_word' id='word_1_299' title='bbox 1037 2466 1095 2487; x_wconf 89' lang='lat' dir='ltr'>sue</span> <span class='ocrx_word' id='word_1_300' title='bbox 1113 2457 1260 2487; x_wconf 76' lang='lat' dir='ltr'>caritatis</span> 
     </span>
     <span class='ocr_line' id='line_1_43' title="bbox 250 2510 1259 2551; baseline -0.005 -7"><span class='ocrx_word' id='word_1_301' title='bbox 250 2522 361 2545; x_wconf 86' lang='lat' dir='ltr'>amore</span> <span class='ocrx_word' id='word_1_302' title='bbox 379 2521 417 2543; x_wconf 89' lang='lat' dir='ltr'>ac</span> <span class='ocrx_word' id='word_1_303' title='bbox 434 2512 538 2551; x_wconf 86' lang='lat' dir='ltr'>gratia</span> <span class='ocrx_word' id='word_1_304' title='bbox 561 2511 727 2541; x_wconf 64' lang='lat' dir='ltr'>retineret..</span> <span class='ocrx_word' id='word_1_305' title='bbox 748 2511 939 2546; x_wconf 84' lang='lat' dir='ltr'>Quesumus</span> <span class='ocrx_word' id='word_1_306' title='bbox 962 2518 1051 2548; x_wconf 82' lang='lat' dir='ltr'>ergo,</span> <span class='ocrx_word' id='word_1_307' title='bbox 1071 2510 1259 2548; x_wconf 83' lang='lat' dir='ltr'>quinimmo</span> 
     </span>
     <span class='ocr_line' id='line_1_44' title="bbox 249 2562 1259 2601; baseline -0.004 -5"><span class='ocrx_word' id='word_1_308' title='bbox 249 2568 338 2596; x_wconf 86' lang='lat' dir='ltr'>tuam</span> <span class='ocrx_word' id='word_1_309' title='bbox 363 2564 593 2595; x_wconf 81' lang='lat' dir='ltr'>excellentiam</span> <span class='ocrx_word' id='word_1_310' title='bbox 618 2563 832 2593; x_wconf 83' lang='lat' dir='ltr'>obsecramus</span> <span class='ocrx_word' id='word_1_311' title='bbox 855 2571 914 2600; x_wconf 87' lang='lat' dir='ltr'>per</span> <span class='ocrx_word' id='word_1_312' title='bbox 936 2562 1164 2601; x_wconf 77' lang='lat' dir='ltr'>aspersionem</span> <span class='ocrx_word' id='word_1_313' title='bbox 1185 2572 1259 2592; x_wconf 84' lang='lat' dir='ltr'>sau-</span> 
     </span>
     <span class='ocr_line' id='line_1_45' title="bbox 251 2615 1257 2658; baseline -0.003 -10"><span class='ocrx_word' id='word_1_314' title='bbox 251 2619 362 2658; x_wconf 80' lang='lat' dir='ltr'>guinis</span> <span class='ocrx_word' id='word_1_315' title='bbox 379 2618 458 2647; x_wconf 82' lang='lat' dir='ltr'>Jesu</span> <span class='ocrx_word' id='word_1_316' title='bbox 477 2617 613 2652; x_wconf 85' lang='lat' dir='ltr'>Christi,</span> <span class='ocrx_word' id='word_1_317' title='bbox 634 2617 669 2646; x_wconf 90' lang='lat' dir='ltr'>ut</span> <span class='ocrx_word' id='word_1_318' title='bbox 687 2615 769 2645; x_wconf 87' lang='lat' dir='ltr'>illud</span> <span class='ocrx_word' id='word_1_319' title='bbox 792 2615 958 2645; x_wconf 84' lang='lat' dir='ltr'>laudabile</span> <span class='ocrx_word' id='word_1_320' title='bbox 975 2624 1010 2645; x_wconf 84' lang='lat' dir='ltr'>ac</span> <span class='ocrx_word' id='word_1_321' title='bbox 1035 2615 1168 2646; x_wconf 87' lang='lat' dir='ltr'>salubre</span> <span class='ocrx_word' id='word_1_322' title='bbox 1186 2624 1257 2654; x_wconf 90' lang='lat' dir='ltr'>pro-</span> 
     </span>
     <span class='ocr_line' id='line_1_46' title="bbox 250 2667 1258 2710; baseline -0.001 -10"><span class='ocrx_word' id='word_1_323' title='bbox 250 2671 406 2710; x_wconf 73' lang='lat' dir='ltr'>positum,</span> <span class='ocrx_word' id='word_1_324' title='bbox 426 2670 513 2709; x_wconf 87' lang='lat' dir='ltr'>quod</span> <span class='ocrx_word' id='word_1_325' title='bbox 528 2671 583 2700; x_wconf 87' lang='lat' dir='ltr'>tue</span> <span class='ocrx_word' id='word_1_326' title='bbox 604 2669 710 2699; x_wconf 86' lang='lat' dir='ltr'>littere</span> <span class='ocrx_word' id='word_1_327' title='bbox 727 2670 758 2698; x_wconf 85' lang='lat' dir='ltr'>te</span> <span class='ocrx_word' id='word_1_328' title='bbox 781 2676 882 2706; x_wconf 88' lang='lat' dir='ltr'>super</span> <span class='ocrx_word' id='word_1_329' title='bbox 903 2667 1045 2705; x_wconf 80' lang='lat' dir='ltr'>hocjam</span> <span class='ocrx_word' id='word_1_330' title='bbox 1067 2669 1258 2707; x_wconf 81' lang='lat' dir='ltr'>concepisse</span> 
     </span>
     <span class='ocr_line' id='line_1_47' title="bbox 250 2720 1259 2761; baseline -0.001 -7"><span class='ocrx_word' id='word_1_331' title='bbox 250 2725 422 2759; x_wconf 82' lang='lat' dir='ltr'>testantur,</span> <span class='ocrx_word' id='word_1_332' title='bbox 450 2723 483 2753; x_wconf 93' lang='lat' dir='ltr'>iu</span> <span class='ocrx_word' id='word_1_333' title='bbox 509 2723 651 2761; x_wconf 86' lang='lat' dir='ltr'>partum,</span> <span class='ocrx_word' id='word_1_334' title='bbox 676 2721 807 2751; x_wconf 88' lang='lat' dir='ltr'>sublata</span> <span class='ocrx_word' id='word_1_335' title='bbox 832 2720 979 2759; x_wconf 86' lang='lat' dir='ltr'>qualibet</span> <span class='ocrx_word' id='word_1_336' title='bbox 1005 2721 1200 2752; x_wconf 80' lang='lat' dir='ltr'>difficultate</span> <span class='ocrx_word' id='word_1_337' title='bbox 1222 2731 1259 2753; x_wconf 91' lang='lat' dir='ltr'>ac</span> 
     </span>
     <span class='ocr_line' id='line_1_48' title="bbox 250 2774 1258 2814; baseline -0.002 -7"><span class='ocrx_word' id='word_1_338' title='bbox 250 2777 418 2810; x_wconf 79' lang='lat' dir='ltr'>dilatione,</span> <span class='ocrx_word' id='word_1_339' title='bbox 441 2776 616 2814; x_wconf 83' lang='lat' dir='ltr'>producas,</span> <span class='ocrx_word' id='word_1_340' title='bbox 640 2774 808 2805; x_wconf 87' lang='lat' dir='ltr'>redeundo</span> <span class='ocrx_word' id='word_1_341' title='bbox 831 2774 981 2804; x_wconf 77' lang='lat' dir='ltr'>celeriter</span> <span class='ocrx_word' id='word_1_342' title='bbox 998 2774 1038 2804; x_wconf 90' lang='lat' dir='ltr'>ad</span> <span class='ocrx_word' id='word_1_343' title='bbox 1060 2775 1208 2813; x_wconf 90' lang='lat' dir='ltr'>amplum</span> <span class='ocrx_word' id='word_1_344' title='bbox 1228 2777 1258 2805; x_wconf 88' lang='lat' dir='ltr'>et</span> 
     </span>
     <span class='ocr_line' id='line_1_49' title="bbox 251 2827 1258 2869; baseline -0.002 -9"><span class='ocrx_word' id='word_1_345' title='bbox 251 2830 435 2869; x_wconf 86' lang='lat' dir='ltr'>spatiosum</span> <span class='ocrx_word' id='word_1_346' title='bbox 451 2828 599 2866; x_wconf 84' lang='lat' dir='ltr'>ejusdem</span> <span class='ocrx_word' id='word_1_347' title='bbox 614 2827 752 2858; x_wconf 86' lang='lat' dir='ltr'>ecclesie</span> <span class='ocrx_word' id='word_1_348' title='bbox 770 2827 944 2865; x_wconf 80' lang='lat' dir='ltr'>gremium,</span> <span class='ocrx_word' id='word_1_349' title='bbox 958 2827 1015 2857; x_wconf 87' lang='lat' dir='ltr'>ubi</span> <span class='ocrx_word' id='word_1_350' title='bbox 1033 2827 1258 2858; x_wconf 78' lang='lat' dir='ltr'>indubitanter</span> 
     </span>
     <span class='ocr_line' id='line_1_50' title="bbox 251 2880 1258 2919; baseline -0.004 -5"><span class='ocrx_word' id='word_1_351' title='bbox 251 2882 404 2914; x_wconf 85' lang='lat' dir='ltr'>invenies</span> <span class='ocrx_word' id='word_1_352' title='bbox 426 2881 487 2911; x_wconf 84' lang='lat' dir='ltr'>tibi</span> <span class='ocrx_word' id='word_1_353' title='bbox 506 2882 537 2911; x_wconf 88' lang='lat' dir='ltr'>et</span> <span class='ocrx_word' id='word_1_354' title='bbox 559 2881 679 2911; x_wconf 83' lang='lat' dir='ltr'>semini</span> <span class='ocrx_word' id='word_1_355' title='bbox 700 2881 756 2911; x_wconf 91' lang='lat' dir='ltr'>tuo</span> <span class='ocrx_word' id='word_1_356' title='bbox 777 2881 935 2919; x_wconf 86' lang='lat' dir='ltr'>perpetua</span> <span class='ocrx_word' id='word_1_357' title='bbox 957 2880 1064 2910; x_wconf 85' lang='lat' dir='ltr'>solide</span> <span class='ocrx_word' id='word_1_358' title='bbox 1089 2880 1258 2911; x_wconf 87' lang='lat' dir='ltr'>firmitatis</span> 
     </span>
    </p>
   </div>
   <div class='ocr_carea' id='block_1_11' title="bbox 1288 557 1291 2416">
    <p class='ocr_par' dir='ltr' id='par_1_11' title="bbox 1288 557 1291 2416">
     <span class='ocr_line' id='line_1_51' title="bbox 1288 557 1291 2416; baseline 0 0"><span class='ocrx_word' id='word_1_359' title='bbox 1288 557 1291 2416; x_wconf 95' lang='lat' dir='ltr'> </span> 
     </span>
    </p>
   </div>
   <div class='ocr_carea' id='block_1_12' title="bbox 999 262 1568 295">
    <p class='ocr_par' dir='ltr' id='par_1_12' title="bbox 999 262 1568 295">
     <span class='ocr_line' id='line_1_52' title="bbox 999 262 1568 295; baseline -0.005 0"><span class='ocrx_word' id='word_1_360' title='bbox 999 264 1250 295; x_wconf 65' lang='lat' dir='ltr'>REsiIsTREs</span> <span class='ocrx_word' id='word_1_361' title='bbox 1273 262 1489 293; x_wconf 73' lang='lat' dir='ltr'>D‘URBAIN</span> <span class='ocrx_word' id='word_1_362' title='bbox 1512 262 1568 292; x_wconf 86' lang='lat' dir='ltr'>IV.</span> 
     </span>
    </p>
   </div>
   <div class='ocr_carea' id='block_1_13' title="bbox 1315 344 2332 1073">
    <p class='ocr_par' dir='ltr' id='par_1_13' title="bbox 1315 344 2332 1073">
     <span class='ocr_line' id='line_1_53' title="bbox 1316 344 2327 384; baseline 0.001 -10"><span class='ocrx_word' id='word_1_363' title='bbox 1316 344 1493 383; x_wconf 62' lang='lat' dir='ltr'>posteritas</span> <span class='ocrx_word' id='word_1_364' title='bbox 1515 344 1637 374; x_wconf 88' lang='lat' dir='ltr'>futuris</span> <span class='ocrx_word' id='word_1_365' title='bbox 1654 345 1860 384; x_wconf 87' lang='lat' dir='ltr'>temporibus</span> <span class='ocrx_word' id='word_1_366' title='bbox 1881 344 2074 375; x_wconf 88' lang='lat' dir='ltr'>recumbere</span> <span class='ocrx_word' id='word_1_367' title='bbox 2093 345 2211 383; x_wconf 86' lang='lat' dir='ltr'>poterit</span> <span class='ocrx_word' id='word_1_368' title='bbox 2227 345 2327 375; x_wconf 85' lang='lat' dir='ltr'>confi-</span> 
     </span>
     <span class='ocr_line' id='line_1_54' title="bbox 1316 397 2328 436; baseline 0.001 -10"><span class='ocrx_word' id='word_1_369' title='bbox 1316 397 1444 433; x_wconf 73' lang='lat' dir='ltr'>denter3</span> <span class='ocrx_word' id='word_1_370' title='bbox 1471 398 1561 436; x_wconf 89' lang='lat' dir='ltr'>quia,</span> <span class='ocrx_word' id='word_1_371' title='bbox 1578 398 1606 427; x_wconf 70' lang='lat' dir='ltr'>si</span> <span class='ocrx_word' id='word_1_372' title='bbox 1626 399 1655 427; x_wconf 91' lang='lat' dir='ltr'>te</span> <span class='ocrx_word' id='word_1_373' title='bbox 1679 398 1713 427; x_wconf 91' lang='lat' dir='ltr'>in</span> <span class='ocrx_word' id='word_1_374' title='bbox 1729 398 1869 428; x_wconf 82' lang='lat' dir='ltr'>consilia</span> <span class='ocrx_word' id='word_1_375' title='bbox 1895 398 2033 428; x_wconf 87' lang='lat' dir='ltr'>meliora</span> <span class='ocrx_word' id='word_1_376' title='bbox 2057 397 2210 427; x_wconf 88' lang='lat' dir='ltr'>retuleris</span> <span class='ocrx_word' id='word_1_377' title='bbox 2233 400 2262 427; x_wconf 85' lang='lat' dir='ltr'>et</span> <span class='ocrx_word' id='word_1_378' title='bbox 2288 399 2328 428; x_wconf 82' lang='lat' dir='ltr'>ad</span> 
     </span>
     <span class='ocr_line' id='line_1_55' title="bbox 1315 450 2329 489; baseline 0.001 -10"><span class='ocrx_word' id='word_1_379' title='bbox 1315 451 1455 481; x_wconf 87' lang='lat' dir='ltr'>eandem</span> <span class='ocrx_word' id='word_1_380' title='bbox 1478 451 1652 480; x_wconf 75' lang='lat' dir='ltr'>ecclesiam</span> <span class='ocrx_word' id='word_1_381' title='bbox 1671 451 1704 480; x_wconf 90' lang='lat' dir='ltr'>in</span> <span class='ocrx_word' id='word_1_382' title='bbox 1728 451 1868 489; x_wconf 82' lang='lat' dir='ltr'>spiritus</span> <span class='ocrx_word' id='word_1_383' title='bbox 1884 450 2072 480; x_wconf 88' lang='lat' dir='ltr'>humilitate</span> <span class='ocrx_word' id='word_1_384' title='bbox 2094 450 2245 484; x_wconf 76' lang='lat' dir='ltr'>redieris,</span> <span class='ocrx_word' id='word_1_385' title='bbox 2262 459 2329 480; x_wconf 91' lang='lat' dir='ltr'>non</span> 
     </span>
     <span class='ocr_line' id='line_1_56' title="bbox 1317 503 2330 542; baseline 0 -9"><span class='ocrx_word' id='word_1_386' title='bbox 1317 504 1423 533; x_wconf 83' lang='lat' dir='ltr'>solum</span> <span class='ocrx_word' id='word_1_387' title='bbox 1449 504 1610 533; x_wconf 86' lang='lat' dir='ltr'>auxilium</span> <span class='ocrx_word' id='word_1_388' title='bbox 1637 504 1871 538; x_wconf 85' lang='lat' dir='ltr'>Januensium,</span> <span class='ocrx_word' id='word_1_389' title='bbox 1897 512 2040 542; x_wconf 89' lang='lat' dir='ltr'>quorum</span> <span class='ocrx_word' id='word_1_390' title='bbox 2065 503 2244 533; x_wconf 82' lang='lat' dir='ltr'>amicitiam</span> <span class='ocrx_word' id='word_1_391' title='bbox 2268 511 2330 533; x_wconf 88' lang='lat' dir='ltr'>nos</span> 
     </span>
     <span class='ocr_line' id='line_1_57' title="bbox 1315 555 2329 595; baseline 0 -9"><span class='ocrx_word' id='word_1_392' title='bbox 1315 557 1375 586; x_wconf 87' lang='lat' dir='ltr'>tibi</span> <span class='ocrx_word' id='word_1_393' title='bbox 1400 557 1594 587; x_wconf 84' lang='lat' dir='ltr'>subtrahere</span> <span class='ocrx_word' id='word_1_394' title='bbox 1612 557 1697 586; x_wconf 85' lang='lat' dir='ltr'>velle</span> <span class='ocrx_word' id='word_1_395' title='bbox 1721 556 1945 595; x_wconf 67' lang='lat' dir='ltr'>conquereris,</span> <span class='ocrx_word' id='word_1_396' title='bbox 1965 557 1996 586; x_wconf 85' lang='lat' dir='ltr'>et</span> <span class='ocrx_word' id='word_1_397' title='bbox 2019 556 2161 586; x_wconf 86' lang='lat' dir='ltr'>aliorum</span> <span class='ocrx_word' id='word_1_398' title='bbox 2178 555 2329 586; x_wconf 85' lang='lat' dir='ltr'>fidelium</span> 
     </span>
     <span class='ocr_line' id='line_1_58' title="bbox 1315 609 2330 654; baseline -0.001 -15"><span class='ocrx_word' id='word_1_399' title='bbox 1315 610 1509 654; x_wconf 79' lang='lat' dir='ltr'>Latinorum</span> <span class='ocrx_word' id='word_1_400' title='bbox 1525 610 1719 649; x_wconf 82' lang='lat' dir='ltr'>potentiam,</span> <span class='ocrx_word' id='word_1_401' title='bbox 1735 618 1852 639; x_wconf 75' lang='lat' dir='ltr'>verum</span> <span class='ocrx_word' id='word_1_402' title='bbox 1870 610 1981 643; x_wconf 85' lang='lat' dir='ltr'>etiam,</span> <span class='ocrx_word' id='word_1_403' title='bbox 1999 609 2026 639; x_wconf 85' lang='lat' dir='ltr'>si</span> <span class='ocrx_word' id='word_1_404' title='bbox 2042 612 2243 647; x_wconf 83' lang='lat' dir='ltr'>oportunum</span> <span class='ocrx_word' id='word_1_405' title='bbox 2262 609 2330 638; x_wconf 86' lang='lat' dir='ltr'>fue-</span> 
     </span>
     <span class='ocr_line' id='line_1_59' title="bbox 1318 661 2329 700; baseline -0.002 -8"><span class='ocrx_word' id='word_1_406' title='bbox 1318 663 1370 697; x_wconf 89' lang='lat' dir='ltr'>rit,</span> <span class='ocrx_word' id='word_1_407' title='bbox 1390 662 1480 693; x_wconf 78' lang='lat' dir='ltr'>vires</span> <span class='ocrx_word' id='word_1_408' title='bbox 1499 663 1647 692; x_wconf 89' lang='lat' dir='ltr'>omnium</span> <span class='ocrx_word' id='word_1_409' title='bbox 1667 663 1927 692; x_wconf 82' lang='lat' dir='ltr'>orthodoxorum</span> <span class='ocrx_word' id='word_1_410' title='bbox 1951 670 2066 700; x_wconf 82' lang='lat' dir='ltr'>regum</span> <span class='ocrx_word' id='word_1_411' title='bbox 2085 664 2113 692; x_wconf 88' lang='lat' dir='ltr'>et</span> <span class='ocrx_word' id='word_1_412' title='bbox 2139 661 2329 700; x_wconf 74' lang='lat' dir='ltr'>prim-ipum</span> 
     </span>
     <span class='ocr_line' id='line_1_60' title="bbox 1320 714 2330 754; baseline -0.002 -8"><span class='ocrx_word' id='word_1_413' title='bbox 1320 716 1410 746; x_wconf 64' lang='lat' dir='ltr'>orbis</span> <span class='ocrx_word' id='word_1_414' title='bbox 1430 717 1513 746; x_wconf 84' lang='lat' dir='ltr'>terre</span> <span class='ocrx_word' id='word_1_415' title='bbox 1532 716 1565 746; x_wconf 93' lang='lat' dir='ltr'>in</span> <span class='ocrx_word' id='word_1_416' title='bbox 1591 717 1684 745; x_wconf 89' lang='lat' dir='ltr'>tuum</span> <span class='ocrx_word' id='word_1_417' title='bbox 1704 716 1817 754; x_wconf 84' lang='lat' dir='ltr'>tuique</span> <span class='ocrx_word' id='word_1_418' title='bbox 1836 715 1912 745; x_wconf 83' lang='lat' dir='ltr'>solii</span> <span class='ocrx_word' id='word_1_419' title='bbox 1936 715 2168 745; x_wconf 81' lang='lat' dir='ltr'>fulcimentum</span> <span class='ocrx_word' id='word_1_420' title='bbox 2188 714 2330 744; x_wconf 81' lang='lat' dir='ltr'>conflare</span> 
     </span>
     <span class='ocr_line' id='line_1_61' title="bbox 1318 767 2331 808; baseline -0.001 -10"><span class='ocrx_word' id='word_1_421' title='bbox 1318 778 1354 798; x_wconf 88' lang='lat' dir='ltr'>ac</span> <span class='ocrx_word' id='word_1_422' title='bbox 1377 777 1554 808; x_wconf 62' lang='lat' dir='ltr'>pro‹‘·urare</span> <span class='ocrx_word' id='word_1_423' title='bbox 1585 768 1796 799; x_wconf 74' lang='lat' dir='ltr'>studebimus</span> <span class='ocrx_word' id='word_1_424' title='bbox 1825 769 1910 798; x_wconf 89' lang='lat' dir='ltr'>inter</span> <span class='ocrx_word' id='word_1_425' title='bbox 1931 770 1962 798; x_wconf 90' lang='lat' dir='ltr'>te</span> <span class='ocrx_word' id='word_1_426' title='bbox 1984 769 2015 797; x_wconf 89' lang='lat' dir='ltr'>et</span> <span class='ocrx_word' id='word_1_427' title='bbox 2038 768 2129 806; x_wconf 85' lang='lat' dir='ltr'>ipsos</span> <span class='ocrx_word' id='word_1_428' title='bbox 2155 767 2331 797; x_wconf 81' lang='lat' dir='ltr'>indissolu-</span> 
     </span>
     <span class='ocr_line' id='line_1_62' title="bbox 1317 820 2330 860; baseline -0.002 -9"><span class='ocrx_word' id='word_1_429' title='bbox 1317 822 1396 852; x_wconf 89' lang='lat' dir='ltr'>bilis</span> <span class='ocrx_word' id='word_1_430' title='bbox 1419 822 1529 852; x_wconf 82' lang='lat' dir='ltr'>federa</span> <span class='ocrx_word' id='word_1_431' title='bbox 1553 821 1744 852; x_wconf 84' lang='lat' dir='ltr'>dilectionis</span> <span class='ocrx_word' id='word_1_432' title='bbox 1765 822 1796 851; x_wconf 88' lang='lat' dir='ltr'>et</span> <span class='ocrx_word' id='word_1_433' title='bbox 1812 821 1969 860; x_wconf 69' lang='lat' dir='ltr'>pacis,ad</span> <span class='ocrx_word' id='word_1_434' title='bbox 1988 821 2119 851; x_wconf 85' lang='lat' dir='ltr'>laudem</span> <span class='ocrx_word' id='word_1_435' title='bbox 2140 822 2169 850; x_wconf 91' lang='lat' dir='ltr'>et</span> <span class='ocrx_word' id='word_1_436' title='bbox 2189 820 2330 859; x_wconf 82' lang='lat' dir='ltr'>gloriam</span> 
     </span>
     <span class='ocr_line' id='line_1_63' title="bbox 1318 873 2329 912; baseline -0.004 -7"><span class='ocrx_word' id='word_1_437' title='bbox 1318 875 1425 905; x_wconf 80' lang='lat' dir='ltr'>divini</span> <span class='ocrx_word' id='word_1_438' title='bbox 1457 875 1602 905; x_wconf 84' lang='lat' dir='ltr'>nominis</span> <span class='ocrx_word' id='word_1_439' title='bbox 1628 876 1658 905; x_wconf 89' lang='lat' dir='ltr'>et</span> <span class='ocrx_word' id='word_1_440' title='bbox 1690 874 1869 905; x_wconf 85' lang='lat' dir='ltr'>christiane</span> <span class='ocrx_word' id='word_1_441' title='bbox 1899 873 2072 912; x_wconf 66' lang='lat' dir='ltr'>religionis</span> <span class='ocrx_word' id='word_1_442' title='bbox 2103 875 2329 911; x_wconf 82' lang='lat' dir='ltr'>augmentum.</span> 
     </span>
     <span class='ocr_line' id='line_1_64' title="bbox 1319 925 2332 966; baseline -0.004 -7"><span class='ocrx_word' id='word_1_443' title='bbox 1319 928 1382 959; x_wconf 84' lang='lat' dir='ltr'>Sed</span> <span class='ocrx_word' id='word_1_444' title='bbox 1395 928 1555 966; x_wconf 83' lang='lat' dir='ltr'>quamdiu</span> <span class='ocrx_word' id='word_1_445' title='bbox 1568 928 1633 966; x_wconf 85' lang='lat' dir='ltr'>ipsi</span> <span class='ocrx_word' id='word_1_446' title='bbox 1644 928 1795 958; x_wconf 83' lang='lat' dir='ltr'>Romane</span> <span class='ocrx_word' id='word_1_447' title='bbox 1808 927 1946 957; x_wconf 67' lang='lat' dir='ltr'>ecclesie</span> <span class='ocrx_word' id='word_1_448' title='bbox 1959 926 2157 956; x_wconf 79' lang='lat' dir='ltr'>inobediens</span> <span class='ocrx_word' id='word_1_449' title='bbox 2171 928 2201 955; x_wconf 89' lang='lat' dir='ltr'>et</span> <span class='ocrx_word' id='word_1_450' title='bbox 2214 925 2332 956; x_wconf 91' lang='lat' dir='ltr'>throno</span> 
     </span>
     <span class='ocr_line' id='line_1_65' title="bbox 1319 978 2328 1018; baseline -0.003 -7"><span class='ocrx_word' id='word_1_451' title='bbox 1319 980 1500 1018; x_wconf 79' lang='lat' dir='ltr'>apostolico</span> <span class='ocrx_word' id='word_1_452' title='bbox 1520 981 1696 1011; x_wconf 77' lang='lat' dir='ltr'>indevotus</span> <span class='ocrx_word' id='word_1_453' title='bbox 1714 979 1877 1014; x_wconf 78' lang='lat' dir='ltr'>extiteris,</span> <span class='ocrx_word' id='word_1_454' title='bbox 1897 980 1991 1010; x_wconf 81' lang='lat' dir='ltr'>salva</span> <span class='ocrx_word' id='word_1_455' title='bbox 2007 979 2213 1009; x_wconf 78' lang='lat' dir='ltr'>conscientia</span> <span class='ocrx_word' id='word_1_456' title='bbox 2229 978 2328 1008; x_wconf 66' lang='lat' dir='ltr'>susti-</span> 
     </span>
     <span class='ocr_line' id='line_1_66' title="bbox 1320 1031 2329 1073; baseline -0.002 -11"><span class='ocrx_word' id='word_1_457' title='bbox 1320 1042 1397 1064; x_wconf 83' lang='lat' dir='ltr'>nere</span> <span class='ocrx_word' id='word_1_458' title='bbox 1421 1043 1486 1063; x_wconf 89' lang='grc'>11011</span> <span class='ocrx_word' id='word_1_459' title='bbox 1503 1042 1682 1073; x_wconf 77' lang='lat' dir='ltr'>possumus</span> <span class='ocrx_word' id='word_1_460' title='bbox 1701 1033 1787 1072; x_wconf 80' lang='lat' dir='ltr'>qued</span> <span class='ocrx_word' id='word_1_461' title='bbox 1811 1033 1889 1063; x_wconf 87' lang='lat' dir='ltr'>dicti</span> <span class='ocrx_word' id='word_1_462' title='bbox 1905 1033 2094 1063; x_wconf 60' lang='lat' dir='ltr'>Januenses</span> <span class='ocrx_word' id='word_1_463' title='bbox 2111 1032 2165 1062; x_wconf 68' lang='lat' dir='ltr'>vel</span> <span class='ocrx_word' id='word_1_464' title='bbox 2184 1031 2242 1061; x_wconf 90' lang='lat' dir='ltr'>alii</span> <span class='ocrx_word' id='word_1_465' title='bbox 2259 1031 2329 1070; x_wconf 88' lang='lat' dir='ltr'>qui-</span> 
     </span>
    </p>
   </div>
   <div class='ocr_carea' id='block_1_14' title="bbox 1289 1085 2328 1124">
    <p class='ocr_par' dir='ltr' id='par_1_14' title="bbox 1289 1085 2328 1124">
     <span class='ocr_line' id='line_1_67' title="bbox 1289 1085 2328 1124; baseline -0.001 -9"><span class='ocrx_word' id='word_1_466' title='bbox 1289 1093 1290 1107; x_wconf 57' lang='grc'>1</span> <span class='ocrx_word' id='word_1_467' title='bbox 1319 1094 1459 1124; x_wconf 83' lang='lat' dir='ltr'>cumque</span> <span class='ocrx_word' id='word_1_468' title='bbox 1485 1086 1594 1116; x_wconf 88' lang='lat' dir='ltr'>Latini</span> <span class='ocrx_word' id='word_1_469' title='bbox 1619 1085 1678 1116; x_wconf 89' lang='lat' dir='ltr'>tibi</span> <span class='ocrx_word' id='word_1_470' title='bbox 1708 1085 1872 1115; x_wconf 77' lang='lat' dir='ltr'>auxilium</span> <span class='ocrx_word' id='word_1_471' title='bbox 1900 1085 2059 1124; x_wconf 88' lang='lat' dir='ltr'>prebeant</span> <span class='ocrx_word' id='word_1_472' title='bbox 2088 1085 2138 1115; x_wconf 78' lang='lat' dir='ltr'>vel</span> <span class='ocrx_word' id='word_1_473' title='bbox 2168 1086 2328 1120; x_wconf 81' lang='lat' dir='ltr'>favorem,</span> 
     </span>
    </p>
   </div>
   <div class='ocr_carea' id='block_1_15' title="bbox 1314 1138 2334 2499">
    <p class='ocr_par' dir='ltr' id='par_1_15' title="bbox 1314 1138 2334 2499">
     <span class='ocr_line' id='line_1_68' title="bbox 1319 1138 2330 1178; baseline -0.001 -10"><span class='ocrx_word' id='word_1_474' title='bbox 1319 1148 1393 1168; x_wconf 90' lang='lat' dir='ltr'>cum</span> <span class='ocrx_word' id='word_1_475' title='bbox 1419 1139 1463 1169; x_wconf 85' lang='lat' dir='ltr'>sit</span> <span class='ocrx_word' id='word_1_476' title='bbox 1484 1148 1622 1178; x_wconf 60' lang='lat' dir='ltr'>prorsus</span> <span class='ocrx_word' id='word_1_477' title='bbox 1650 1140 1871 1177; x_wconf 74' lang='lat' dir='ltr'>incongruum</span> <span class='ocrx_word' id='word_1_478' title='bbox 1895 1141 1929 1168; x_wconf 92' lang='lat' dir='ltr'>ut</span> <span class='ocrx_word' id='word_1_479' title='bbox 1953 1138 2141 1168; x_wconf 79' lang='lat' dir='ltr'>obedientie</span> <span class='ocrx_word' id='word_1_480' title='bbox 2167 1138 2229 1168; x_wconf 86' lang='lat' dir='ltr'>filii</span> <span class='ocrx_word' id='word_1_481' title='bbox 2254 1146 2330 1168; x_wconf 85' lang='lat' dir='ltr'>cum</span> 
     </span>
     <span class='ocr_line' id='line_1_69' title="bbox 1319 1191 2332 1230; baseline -0.002 -9"><span class='ocrx_word' id='word_1_482' title='bbox 1319 1191 1400 1221; x_wconf 86' lang='lat' dir='ltr'>filiis</span> <span class='ocrx_word' id='word_1_483' title='bbox 1428 1191 1650 1221; x_wconf 87' lang='lat' dir='ltr'>inobedientie</span> <span class='ocrx_word' id='word_1_484' title='bbox 1679 1200 1737 1230; x_wconf 87' lang='lat' dir='ltr'>per</span> <span class='ocrx_word' id='word_1_485' title='bbox 1765 1192 1907 1229; x_wconf 78' lang='lat' dir='ltr'>aliqu&#39;us</span> <span class='ocrx_word' id='word_1_486' title='bbox 1934 1191 2216 1221; x_wconf 84' lang='lat' dir='ltr'>confederationis</span> <span class='ocrx_word' id='word_1_487' title='bbox 2246 1198 2332 1221; x_wconf 89' lang='lat' dir='ltr'>com-</span> 
     </span>
     <span class='ocr_line' id='line_1_70' title="bbox 1319 1243 2332 1282; baseline -0.001 -9"><span class='ocrx_word' id='word_1_488' title='bbox 1319 1244 1479 1274; x_wconf 89' lang='lat' dir='ltr'>mercium</span> <span class='ocrx_word' id='word_1_489' title='bbox 1504 1244 1719 1279; x_wconf 75' lang='lat' dir='ltr'>misceantur,</span> <span class='ocrx_word' id='word_1_490' title='bbox 1745 1245 1921 1282; x_wconf 84' lang='lat' dir='ltr'>presertim</span> <span class='ocrx_word' id='word_1_491' title='bbox 1948 1252 2023 1274; x_wconf 87' lang='grc'>011111</span> <span class='ocrx_word' id='word_1_492' title='bbox 2047 1246 2158 1282; x_wconf 60' lang='lat' dir='ltr'>posset</span> <span class='ocrx_word' id='word_1_493' title='bbox 2185 1252 2243 1281; x_wconf 90' lang='lat' dir='ltr'>per</span> <span class='ocrx_word' id='word_1_494' title='bbox 2267 1243 2332 1273; x_wconf 87' lang='lat' dir='ltr'>tale</span> 
     </span>
     <span class='ocr_line' id='line_1_71' title="bbox 1319 1296 2334 1327; baseline -0.001 0"><span class='ocrx_word' id='word_1_495' title='bbox 1319 1297 1555 1327; x_wconf 86' lang='lat' dir='ltr'>commercium</span> <span class='ocrx_word' id='word_1_496' title='bbox 1583 1298 1688 1327; x_wconf 73' lang='lat' dir='ltr'>status</span> <span class='ocrx_word' id='word_1_497' title='bbox 1714 1297 1980 1327; x_wconf 89' lang='lat' dir='ltr'>inobedientium</span> <span class='ocrx_word' id='word_1_498' title='bbox 2006 1297 2126 1327; x_wconf 85' lang='lat' dir='ltr'>fortius</span> <span class='ocrx_word' id='word_1_499' title='bbox 2153 1296 2194 1326; x_wconf 86' lang='lat' dir='ltr'>ad</span> <span class='ocrx_word' id='word_1_500' title='bbox 2222 1296 2334 1326; x_wconf 88' lang='lat' dir='ltr'>inobe-</span> 
     </span>
     <span class='ocr_line' id='line_1_72' title="bbox 1319 1349 2334 1388; baseline 0 -9"><span class='ocrx_word' id='word_1_501' title='bbox 1319 1350 1478 1379; x_wconf 87' lang='lat' dir='ltr'>dientiam</span> <span class='ocrx_word' id='word_1_502' title='bbox 1497 1350 1658 1380; x_wconf 86' lang='lat' dir='ltr'>roborari.</span> <span class='ocrx_word' id='word_1_503' title='bbox 1678 1350 1798 1380; x_wconf 82' lang='lat' dir='ltr'>Posset</span> <span class='ocrx_word' id='word_1_504' title='bbox 1814 1350 1914 1380; x_wconf 83' lang='lat' dir='ltr'>etiam</span> <span class='ocrx_word' id='word_1_505' title='bbox 1933 1350 1972 1380; x_wconf 90' lang='lat' dir='ltr'>de</span> <span class='ocrx_word' id='word_1_506' title='bbox 1993 1350 2083 1379; x_wconf 86' lang='lat' dir='ltr'>facili</span> <span class='ocrx_word' id='word_1_507' title='bbox 2102 1350 2229 1388; x_wconf 88' lang='lat' dir='ltr'>puritas</span> <span class='ocrx_word' id='word_1_508' title='bbox 2250 1349 2334 1379; x_wconf 85' lang='lat' dir='ltr'>filio-</span> 
     </span>
     <span class='ocr_line' id='line_1_73' title="bbox 1319 1401 2332 1432; baseline 0.001 -2"><span class='ocrx_word' id='word_1_509' title='bbox 1319 1411 1393 1431; x_wconf 89' lang='lat' dir='ltr'>rum</span> <span class='ocrx_word' id='word_1_510' title='bbox 1410 1402 1637 1432; x_wconf 88' lang='lat' dir='ltr'>obedientium</span> <span class='ocrx_word' id='word_1_511' title='bbox 1658 1411 1698 1432; x_wconf 77' lang='lat' dir='ltr'>ex</span> <span class='ocrx_word' id='word_1_512' title='bbox 1718 1402 1809 1432; x_wconf 82' lang='lat' dir='ltr'>socia</span> <span class='ocrx_word' id='word_1_513' title='bbox 1830 1402 2083 1432; x_wconf 75' lang='lat' dir='ltr'>conversatione</span> <span class='ocrx_word' id='word_1_514' title='bbox 2105 1403 2135 1431; x_wconf 88' lang='lat' dir='ltr'>et</span> <span class='ocrx_word' id='word_1_515' title='bbox 2156 1401 2332 1432; x_wconf 85' lang='lat' dir='ltr'>familiari-</span> 
     </span>
     <span class='ocr_line' id='line_1_74' title="bbox 1318 1454 2332 1494; baseline -0.002 -9"><span class='ocrx_word' id='word_1_516' title='bbox 1318 1457 1394 1485; x_wconf 65' lang='lat' dir='ltr'>tate⁴</span> <span class='ocrx_word' id='word_1_517' title='bbox 1414 1464 1513 1494; x_wconf 81' lang='lat' dir='ltr'>quani</span> <span class='ocrx_word' id='word_1_518' title='bbox 1529 1464 1603 1485; x_wconf 89' lang='grc'>011111</span> <span class='ocrx_word' id='word_1_519' title='bbox 1622 1455 1893 1485; x_wconf 79' lang='lat' dir='ltr'>inobedientibus</span> <span class='ocrx_word' id='word_1_520' title='bbox 1911 1455 2121 1489; x_wconf 87' lang='lat' dir='ltr'>contrahunt,</span> <span class='ocrx_word' id='word_1_521' title='bbox 2141 1455 2174 1484; x_wconf 91' lang='lat' dir='ltr'>in</span> <span class='ocrx_word' id='word_1_522' title='bbox 2191 1454 2332 1484; x_wconf 73' lang='lat' dir='ltr'>sinceris</span> 
     </span>
     <span class='ocr_line' id='line_1_75' title="bbox 1319 1507 2331 1547; baseline -0.002 -9"><span class='ocrx_word' id='word_1_523' title='bbox 1319 1517 1434 1538; x_wconf 90' lang='lat' dir='ltr'>eorum</span> <span class='ocrx_word' id='word_1_524' title='bbox 1458 1508 1609 1539; x_wconf 87' lang='lat' dir='ltr'>moribus</span> <span class='ocrx_word' id='word_1_525' title='bbox 1632 1508 1805 1539; x_wconf 88' lang='lat' dir='ltr'>maculari.</span> <span class='ocrx_word' id='word_1_526' title='bbox 1827 1508 1862 1539; x_wconf 86' lang='lat' dir='ltr'>Si</span> <span class='ocrx_word' id='word_1_527' title='bbox 1887 1517 1963 1547; x_wconf 84' lang='lat' dir='ltr'>ergo</span> <span class='ocrx_word' id='word_1_528' title='bbox 1987 1510 2100 1538; x_wconf 80' lang='lat' dir='ltr'>contra</span> <span class='ocrx_word' id='word_1_529' title='bbox 2121 1507 2255 1538; x_wconf 78' lang='lat' dir='ltr'>cosdem</span> <span class='ocrx_word' id='word_1_530' title='bbox 2276 1508 2331 1538; x_wconf 89' lang='lat' dir='ltr'>Ja-</span> 
     </span>
     <span class='ocr_line' id='line_1_76' title="bbox 1320 1560 2331 1600; baseline -0.001 -9"><span class='ocrx_word' id='word_1_531' title='bbox 1320 1570 1464 1592; x_wconf 88' lang='lat' dir='ltr'>nuenses</span> <span class='ocrx_word' id='word_1_532' title='bbox 1481 1561 1540 1591; x_wconf 87' lang='lat' dir='ltr'>hac</span> <span class='ocrx_word' id='word_1_533' title='bbox 1560 1562 1598 1592; x_wconf 90' lang='lat' dir='ltr'>de</span> <span class='ocrx_word' id='word_1_534' title='bbox 1615 1570 1715 1592; x_wconf 74' lang='lat' dir='ltr'>causa</span> <span class='ocrx_word' id='word_1_535' title='bbox 1732 1561 1970 1600; x_wconf 78' lang='lat' dir='ltr'>processimus,</span> <span class='ocrx_word' id='word_1_536' title='bbox 1990 1560 2176 1599; x_wconf 87' lang='lat' dir='ltr'>imperialis</span> <span class='ocrx_word' id='word_1_537' title='bbox 2192 1561 2331 1591; x_wconf 86' lang='lat' dir='ltr'>circum-</span> 
     </span>
     <span class='ocr_line' id='line_1_77' title="bbox 1319 1613 2333 1653; baseline -0.002 -9"><span class='ocrx_word' id='word_1_538' title='bbox 1319 1614 1444 1653; x_wconf 83' lang='lat' dir='ltr'>spectio</span> <span class='ocrx_word' id='word_1_539' title='bbox 1462 1623 1527 1645; x_wconf 92' lang='lat' dir='ltr'>non</span> <span class='ocrx_word' id='word_1_540' title='bbox 1541 1614 1691 1649; x_wconf 75' lang='lat' dir='ltr'>miretur,</span> <span class='ocrx_word' id='word_1_541' title='bbox 1710 1623 1786 1644; x_wconf 83' lang='lat' dir='ltr'>cuni</span> <span class='ocrx_word' id='word_1_542' title='bbox 1804 1613 1905 1645; x_wconf 89' lang='lat' dir='ltr'>officii</span> <span class='ocrx_word' id='word_1_543' title='bbox 1924 1614 2030 1644; x_wconf 91' lang='lat' dir='ltr'>nostri</span> <span class='ocrx_word' id='word_1_544' title='bbox 2048 1613 2198 1644; x_wconf 88' lang='lat' dir='ltr'>debitum</span> <span class='ocrx_word' id='word_1_545' title='bbox 2217 1613 2333 1652; x_wconf 86' lang='lat' dir='ltr'>imple-</span> 
     </span>
     <span class='ocr_line' id='line_1_78' title="bbox 1318 1666 2333 1707; baseline -0.001 -10"><span class='ocrx_word' id='word_1_546' title='bbox 1318 1667 1468 1698; x_wconf 82' lang='lat' dir='ltr'>verimus</span> <span class='ocrx_word' id='word_1_547' title='bbox 1493 1668 1527 1698; x_wconf 92' lang='lat' dir='ltr'>in</span> <span class='ocrx_word' id='word_1_548' title='bbox 1555 1667 1616 1698; x_wconf 87' lang='lat' dir='ltr'>hac</span> <span class='ocrx_word' id='word_1_549' title='bbox 1642 1669 1752 1706; x_wconf 75' lang='lat' dir='ltr'>parte3</span> <span class='ocrx_word' id='word_1_550' title='bbox 1781 1676 1840 1698; x_wconf 92' lang='lat' dir='ltr'>nec</span> <span class='ocrx_word' id='word_1_551' title='bbox 1867 1676 1927 1707; x_wconf 91' lang='lat' dir='ltr'>per</span> <span class='ocrx_word' id='word_1_552' title='bbox 1954 1667 2014 1697; x_wconf 90' lang='grc'>1100</span> <span class='ocrx_word' id='word_1_553' title='bbox 2043 1666 2166 1705; x_wconf 73' lang='lat' dir='ltr'>aliquis</span> <span class='ocrx_word' id='word_1_554' title='bbox 2192 1666 2333 1697; x_wconf 90' lang='lat' dir='ltr'>rationis</span> 
     </span>
     <span class='ocr_line' id='line_1_79' title="bbox 1314 1720 2332 1760; baseline 0 -9"><span class='ocrx_word' id='word_1_555' title='bbox 1314 1720 1481 1760; x_wconf 84' lang='lat' dir='ltr'>judicium</span> <span class='ocrx_word' id='word_1_556' title='bbox 1495 1723 1525 1751; x_wconf 88' lang='lat' dir='ltr'>et</span> <span class='ocrx_word' id='word_1_557' title='bbox 1538 1730 1604 1751; x_wconf 90' lang='lat' dir='ltr'>non</span> <span class='ocrx_word' id='word_1_558' title='bbox 1618 1721 1805 1751; x_wconf 74' lang='lat' dir='ltr'>voluntatis</span> <span class='ocrx_word' id='word_1_559' title='bbox 1816 1729 1960 1759; x_wconf 87' lang='lat' dir='ltr'>sequens</span> <span class='ocrx_word' id='word_1_560' title='bbox 1972 1720 2105 1750; x_wconf 90' lang='lat' dir='ltr'>libitum</span> <span class='ocrx_word' id='word_1_561' title='bbox 2116 1721 2205 1759; x_wconf 52' lang='grc' dir='ltr'>ι111510</span> <span class='ocrx_word' id='word_1_562' title='bbox 2219 1722 2332 1751; x_wconf 84' lang='lat' dir='ltr'>contra</span> 
     </span>
     <span class='ocr_line' id='line_1_80' title="bbox 1318 1772 2333 1812; baseline -0.002 -9"><span class='ocrx_word' id='word_1_563' title='bbox 1318 1782 1380 1803; x_wconf 91' lang='lat' dir='ltr'>nos</span> <span class='ocrx_word' id='word_1_564' title='bbox 1398 1774 1505 1812; x_wconf 88' lang='lat' dir='ltr'>potest</span> <span class='ocrx_word' id='word_1_565' title='bbox 1527 1782 1666 1812; x_wconf 83' lang='lat' dir='ltr'>arguere</span> <span class='ocrx_word' id='word_1_566' title='bbox 1683 1773 1771 1812; x_wconf 85' lang='lat' dir='ltr'>quod</span> <span class='ocrx_word' id='word_1_567' title='bbox 1790 1781 1944 1812; x_wconf 85' lang='lat' dir='ltr'>guerram</span> <span class='ocrx_word' id='word_1_568' title='bbox 1961 1772 2034 1812; x_wconf 90' lang='lat' dir='ltr'>paci</span> <span class='ocrx_word' id='word_1_569' title='bbox 2057 1774 2087 1802; x_wconf 88' lang='lat' dir='ltr'>et</span> <span class='ocrx_word' id='word_1_570' title='bbox 2107 1772 2232 1802; x_wconf 87' lang='lat' dir='ltr'>bellum</span> <span class='ocrx_word' id='word_1_571' title='bbox 2251 1772 2333 1801; x_wconf 90' lang='lat' dir='ltr'>ami-</span> 
     </span>
     <span class='ocr_line' id='line_1_81' title="bbox 1319 1824 2332 1864; baseline 0.001 -10"><span class='ocrx_word' id='word_1_572' title='bbox 1319 1825 1394 1856; x_wconf 85' lang='lat' dir='ltr'>citie</span> <span class='ocrx_word' id='word_1_573' title='bbox 1413 1835 1739 1864; x_wconf 88' lang='lat' dir='ltr'>preponamus,cum</span> <span class='ocrx_word' id='word_1_574' title='bbox 1758 1826 1835 1856; x_wconf 81' lang='lat' dir='ltr'>talis</span> <span class='ocrx_word' id='word_1_575' title='bbox 1857 1825 2081 1856; x_wconf 85' lang='lat' dir='ltr'>confederatio</span> <span class='ocrx_word' id='word_1_576' title='bbox 2106 1834 2166 1855; x_wconf 81' lang='lat' dir='ltr'>seu</span> <span class='ocrx_word' id='word_1_577' title='bbox 2183 1824 2332 1855; x_wconf 84' lang='lat' dir='ltr'>amicitia</span> 
     </span>
     <span class='ocr_line' id='line_1_82' title="bbox 1318 1878 2329 1918; baseline 0 -10"><span class='ocrx_word' id='word_1_578' title='bbox 1318 1878 1353 1909; x_wconf 89' lang='lat' dir='ltr'>in</span> <span class='ocrx_word' id='word_1_579' title='bbox 1371 1887 1536 1918; x_wconf 77' lang='lat' dir='ltr'>guerram,</span> <span class='ocrx_word' id='word_1_580' title='bbox 1553 1879 1678 1910; x_wconf 87' lang='lat' dir='ltr'>bellum</span> <span class='ocrx_word' id='word_1_581' title='bbox 1709 1881 1741 1909; x_wconf 89' lang='lat' dir='ltr'>et</span> <span class='ocrx_word' id='word_1_582' title='bbox 1772 1879 1968 1909; x_wconf 84' lang='lat' dir='ltr'>scandalum</span> <span class='ocrx_word' id='word_1_583' title='bbox 1999 1878 2146 1917; x_wconf 78' lang='lat' dir='ltr'>predicte</span> <span class='ocrx_word' id='word_1_584' title='bbox 2177 1878 2329 1908; x_wconf 83' lang='lat' dir='ltr'>Romane</span> 
     </span>
     <span class='ocr_line' id='line_1_83' title="bbox 1318 1931 2329 1970; baseline -0.001 -9"><span class='ocrx_word' id='word_1_585' title='bbox 1318 1932 1457 1962; x_wconf 78' lang='lat' dir='ltr'>ecclesie</span> <span class='ocrx_word' id='word_1_586' title='bbox 1470 1941 1674 1970; x_wconf 79' lang='lat' dir='ltr'>suorumque</span> <span class='ocrx_word' id='word_1_587' title='bbox 1689 1932 1841 1962; x_wconf 86' lang='lat' dir='ltr'>fidelium</span> <span class='ocrx_word' id='word_1_588' title='bbox 1853 1931 2013 1966; x_wconf 88' lang='lat' dir='ltr'>filiorum,</span> <span class='ocrx_word' id='word_1_589' title='bbox 2027 1940 2111 1970; x_wconf 78' lang='lat' dir='ltr'>quos</span> <span class='ocrx_word' id='word_1_590' title='bbox 2126 1933 2201 1961; x_wconf 87' lang='lat' dir='ltr'>ante</span> <span class='ocrx_word' id='word_1_591' title='bbox 2215 1931 2329 1961; x_wconf 78' lang='lat' dir='ltr'>oculos</span> 
     </span>
     <span class='ocr_line' id='line_1_84' title="bbox 1318 1984 2328 2023; baseline -0.001 -9"><span class='ocrx_word' id='word_1_592' title='bbox 1318 1993 1397 2015; x_wconf 89' lang='lat' dir='ltr'>suos</span> <span class='ocrx_word' id='word_1_593' title='bbox 1412 1985 1446 2015; x_wconf 94' lang='lat' dir='ltr'>in</span> <span class='ocrx_word' id='word_1_594' title='bbox 1457 1985 1529 2023; x_wconf 83' lang='lat' dir='ltr'>ejus</span> <span class='ocrx_word' id='word_1_595' title='bbox 1542 1985 1667 2023; x_wconf 85' lang='lat' dir='ltr'>gremio</span> <span class='ocrx_word' id='word_1_596' title='bbox 1679 1994 1754 2015; x_wconf 91' lang='lat' dir='ltr'>cum</span> <span class='ocrx_word' id='word_1_597' title='bbox 1769 1985 1964 2016; x_wconf 87' lang='lat' dir='ltr'>eorumdem</span> <span class='ocrx_word' id='word_1_598' title='bbox 1977 1986 2091 2014; x_wconf 82' lang='lat' dir='ltr'>favore</span> <span class='ocrx_word' id='word_1_599' title='bbox 2105 1984 2328 2014; x_wconf 83' lang='lat' dir='ltr'>Januensium</span> 
     </span>
     <span class='ocr_line' id='line_1_85' title="bbox 1318 2037 2330 2076; baseline 0.001 -9"><span class='ocrx_word' id='word_1_600' title='bbox 1318 2037 1492 2076; x_wconf 88' lang='lat' dir='ltr'>opprimis,</span> <span class='ocrx_word' id='word_1_601' title='bbox 1519 2038 1634 2067; x_wconf 79' lang='lat' dir='ltr'>cedere</span> <span class='ocrx_word' id='word_1_602' title='bbox 1658 2038 1802 2068; x_wconf 86' lang='lat' dir='ltr'>totaliter</span> <span class='ocrx_word' id='word_1_603' title='bbox 1826 2038 2028 2068; x_wconf 71' lang='lat' dir='ltr'>dinoscatur.</span> <span class='ocrx_word' id='word_1_604' title='bbox 2055 2038 2095 2067; x_wconf 82' lang='lat' dir='ltr'>Et</span> <span class='ocrx_word' id='word_1_605' title='bbox 2120 2045 2195 2066; x_wconf 87' lang='lat' dir='ltr'>cum</span> <span class='ocrx_word' id='word_1_606' title='bbox 2222 2038 2330 2068; x_wconf 86' lang='lat' dir='ltr'>simus</span> 
     </span>
     <span class='ocr_line' id='line_1_86' title="bbox 1319 2089 2330 2129; baseline 0 -10"><span class='ocrx_word' id='word_1_607' title='bbox 1319 2089 1410 2119; x_wconf 89' lang='lat' dir='ltr'>illius</span> <span class='ocrx_word' id='word_1_608' title='bbox 1427 2090 1545 2119; x_wconf 81' lang='lat' dir='ltr'>vicarii</span> <span class='ocrx_word' id='word_1_609' title='bbox 1562 2090 1793 2129; x_wconf 74' lang='lat' dir='ltr'>veritatis,qui</span> <span class='ocrx_word' id='word_1_610' title='bbox 1811 2090 1855 2120; x_wconf 87' lang='lat' dir='ltr'>ait</span> <span class='ocrx_word' id='word_1_611' title='bbox 1875 2101 1880 2119; x_wconf 82' lang='lat' dir='ltr'>z</span> <span class='ocrx_word' id='word_1_612' title='bbox 1900 2102 1914 2116; x_wconf 87' lang='lat'>«</span> <span class='ocrx_word' id='word_1_613' title='bbox 1938 2090 2009 2128; x_wconf 77' lang='lat' dir='ltr'>Ego</span> <span class='ocrx_word' id='word_1_614' title='bbox 2029 2099 2103 2120; x_wconf 83' lang='lat' dir='ltr'>sum</span> <span class='ocrx_word' id='word_1_615' title='bbox 2122 2090 2187 2125; x_wconf 78' lang='lat' dir='ltr'>via,</span> <span class='ocrx_word' id='word_1_616' title='bbox 2207 2090 2330 2120; x_wconf 86' lang='lat' dir='ltr'>veritas</span> 
     </span>
     <span class='ocr_line' id='line_1_87' title="bbox 1317 2143 2329 2181; baseline 0 -9"><span class='ocrx_word' id='word_1_617' title='bbox 1317 2144 1348 2173; x_wconf 89' lang='lat' dir='ltr'>et</span> <span class='ocrx_word' id='word_1_618' title='bbox 1371 2143 1438 2172; x_wconf 84' lang='lat' dir='ltr'>vita</span> <span class='ocrx_word' id='word_1_619' title='bbox 1462 2155 1489 2177; x_wconf 90' lang='lat'>»,</span> <span class='ocrx_word' id='word_1_620' title='bbox 1516 2145 1648 2181; x_wconf 82' lang='lat' dir='ltr'>propter</span> <span class='ocrx_word' id='word_1_621' title='bbox 1671 2143 1758 2181; x_wconf 87' lang='lat' dir='ltr'>quod</span> <span class='ocrx_word' id='word_1_622' title='bbox 1783 2143 1956 2173; x_wconf 83' lang='lat' dir='ltr'>veritatem</span> <span class='ocrx_word' id='word_1_623' title='bbox 1982 2143 2131 2181; x_wconf 85' lang='lat' dir='ltr'>diligere,</span> <span class='ocrx_word' id='word_1_624' title='bbox 2157 2143 2329 2173; x_wconf 79' lang='lat' dir='ltr'>veritatem</span> 
     </span>
     <span class='ocr_line' id='line_1_88' title="bbox 1317 2196 2329 2235; baseline 0.001 -9"><span class='ocrx_word' id='word_1_625' title='bbox 1317 2196 1502 2230; x_wconf 74' lang='lat' dir='ltr'>ostendere,</span> <span class='ocrx_word' id='word_1_626' title='bbox 1523 2196 1696 2226; x_wconf 80' lang='lat' dir='ltr'>veritatem</span> <span class='ocrx_word' id='word_1_627' title='bbox 1720 2196 1826 2235; x_wconf 69' lang='lat' dir='ltr'>sequi,</span> <span class='ocrx_word' id='word_1_628' title='bbox 1847 2196 2020 2226; x_wconf 86' lang='lat' dir='ltr'>veritatem</span> <span class='ocrx_word' id='word_1_629' title='bbox 2038 2196 2195 2226; x_wconf 72' lang='lat' dir='ltr'>omnibus</span> <span class='ocrx_word' id='word_1_630' title='bbox 2221 2196 2329 2227; x_wconf 85' lang='lat' dir='ltr'>dicere</span> 
     </span>
     <span class='ocr_line' id='line_1_89' title="bbox 1317 2248 2330 2288; baseline 0 -10"><span class='ocrx_word' id='word_1_631' title='bbox 1317 2257 1354 2279; x_wconf 92' lang='lat' dir='ltr'>ac</span> <span class='ocrx_word' id='word_1_632' title='bbox 1374 2249 1548 2279; x_wconf 77' lang='lat' dir='ltr'>veritatem</span> <span class='ocrx_word' id='word_1_633' title='bbox 1568 2248 1668 2279; x_wconf 79' lang='lat' dir='ltr'>etiam</span> <span class='ocrx_word' id='word_1_634' title='bbox 1691 2258 1791 2288; x_wconf 72' lang='lat' dir='ltr'>supra</span> <span class='ocrx_word' id='word_1_635' title='bbox 1806 2250 1891 2279; x_wconf 78' lang='lat' dir='ltr'>tecta</span> <span class='ocrx_word' id='word_1_636' title='bbox 1909 2249 2080 2288; x_wconf 77' lang='lat' dir='ltr'>predicare</span> <span class='ocrx_word' id='word_1_637' title='bbox 2099 2250 2262 2285; x_wconf 83' lang='lat' dir='ltr'>tenemur,</span> <span class='ocrx_word' id='word_1_638' title='bbox 2280 2250 2330 2279; x_wconf 85' lang='lat' dir='ltr'>ta-</span> 
     </span>
     <span class='ocr_line' id='line_1_90' title="bbox 1316 2301 2329 2340; baseline 0 -9"><span class='ocrx_word' id='word_1_639' title='bbox 1316 2310 1388 2331; x_wconf 91' lang='lat' dir='ltr'>cere</span> <span class='ocrx_word' id='word_1_640' title='bbox 1405 2301 1439 2331; x_wconf 89' lang='lat' dir='ltr'>iu</span> <span class='ocrx_word' id='word_1_641' title='bbox 1455 2301 1515 2331; x_wconf 92' lang='grc'>1100</span> <span class='ocrx_word' id='word_1_642' title='bbox 1532 2310 1591 2331; x_wconf 90' lang='lat' dir='ltr'>nec</span> <span class='ocrx_word' id='word_1_643' title='bbox 1607 2301 1768 2332; x_wconf 82' lang='lat' dir='ltr'>debemus</span> <span class='ocrx_word' id='word_1_644' title='bbox 1798 2310 1856 2331; x_wconf 88' lang='lat' dir='ltr'>uec</span> <span class='ocrx_word' id='word_1_645' title='bbox 1872 2301 2028 2331; x_wconf 62' lang='lat' dir='ltr'>volumus</span> <span class='ocrx_word' id='word_1_646' title='bbox 2041 2301 2226 2336; x_wconf 85' lang='lat' dir='ltr'>veritatem,</span> <span class='ocrx_word' id='word_1_647' title='bbox 2242 2302 2329 2340; x_wconf 86' lang='lat' dir='ltr'>quod</span> 
     </span>
     <span class='ocr_line' id='line_1_91' title="bbox 1317 2354 2328 2394; baseline 0 -11"><span class='ocrx_word' id='word_1_648' title='bbox 1317 2362 1433 2384; x_wconf 80' lang='lat' dir='ltr'>omnes</span> <span class='ocrx_word' id='word_1_649' title='bbox 1453 2354 1503 2384; x_wconf 89' lang='lat' dir='ltr'>illi</span> <span class='ocrx_word' id='word_1_650' title='bbox 1523 2354 1579 2393; x_wconf 80' lang='lat' dir='ltr'>qui</span> <span class='ocrx_word' id='word_1_651' title='bbox 1603 2355 1721 2385; x_wconf 88' lang='lat' dir='ltr'>throno</span> <span class='ocrx_word' id='word_1_652' title='bbox 1738 2354 1920 2394; x_wconf 74' lang='lat' dir='ltr'>apostolico</span> <span class='ocrx_word' id='word_1_653' title='bbox 1940 2364 2004 2384; x_wconf 92' lang='lat' dir='ltr'>non</span> <span class='ocrx_word' id='word_1_654' title='bbox 2029 2354 2201 2389; x_wconf 84' lang='lat' dir='ltr'>obediunt,</span> <span class='ocrx_word' id='word_1_655' title='bbox 2223 2363 2328 2393; x_wconf 85' lang='lat' dir='ltr'>quan-</span> 
     </span>
     <span class='ocr_line' id='line_1_92' title="bbox 1317 2407 2327 2446; baseline -0.001 -9"><span class='ocrx_word' id='word_1_656' title='bbox 1317 2409 1531 2446; x_wconf 88' lang='lat' dir='ltr'>tumcumque</span> <span class='ocrx_word' id='word_1_657' title='bbox 1541 2407 1743 2437; x_wconf 83' lang='lat' dir='ltr'>christianos</span> <span class='ocrx_word' id='word_1_658' title='bbox 1753 2416 1786 2438; x_wconf 86' lang='lat' dir='ltr'>se</span> <span class='ocrx_word' id='word_1_659' title='bbox 1798 2407 1982 2442; x_wconf 84' lang='lat' dir='ltr'>nominent,</span> <span class='ocrx_word' id='word_1_660' title='bbox 1993 2407 2183 2438; x_wconf 89' lang='lat' dir='ltr'>Dominicis</span> <span class='ocrx_word' id='word_1_661' title='bbox 2193 2407 2327 2437; x_wconf 89' lang='lat' dir='ltr'>obviant</span> 
     </span>
     <span class='ocr_line' id='line_1_93' title="bbox 1317 2459 2330 2499; baseline 0.001 -10"><span class='ocrx_word' id='word_1_662' title='bbox 1317 2460 1492 2495; x_wconf 80' lang='lat' dir='ltr'>institutis,</span> <span class='ocrx_word' id='word_1_663' title='bbox 1513 2462 1544 2490; x_wconf 89' lang='lat' dir='ltr'>et</span> <span class='ocrx_word' id='word_1_664' title='bbox 1554 2460 1625 2491; x_wconf 86' lang='lat' dir='ltr'>ideo</span> <span class='ocrx_word' id='word_1_665' title='bbox 1644 2463 1780 2499; x_wconf 87' lang='lat' dir='ltr'>peccant</span> <span class='ocrx_word' id='word_1_666' title='bbox 1799 2460 1985 2490; x_wconf 72' lang='lat' dir='ltr'>inm-taliter</span> <span class='ocrx_word' id='word_1_667' title='bbox 2002 2462 2031 2490; x_wconf 77' lang='lat' dir='ltr'>ct</span> <span class='ocrx_word' id='word_1_668' title='bbox 2052 2460 2198 2499; x_wconf 82' lang='lat' dir='ltr'>graviter</span> <span class='ocrx_word' id='word_1_669' title='bbox 2215 2459 2330 2490; x_wconf 88' lang='lat' dir='ltr'>oculos</span> 
     </span>
    </p>
   </div>
   <div class='ocr_carea' id='block_1_16' title="bbox 1288 2511 2328 2552">
    <p class='ocr_par' dir='ltr' id='par_1_16' title="bbox 1288 2511 2328 2552">
     <span class='ocr_line' id='line_1_94' title="bbox 1288 2511 2328 2552; baseline -0.002 -7"><span class='ocrx_word' id='word_1_670' title='bbox 1288 2540 1289 2545; x_wconf 71' lang='grc'>,</span> <span class='ocrx_word' id='word_1_671' title='bbox 1317 2512 1430 2543; x_wconf 76' lang='lat' dir='ltr'>divine</span> <span class='ocrx_word' id='word_1_672' title='bbox 1457 2513 1640 2552; x_wconf 83' lang='lat' dir='ltr'>majestatis</span> <span class='ocrx_word' id='word_1_673' title='bbox 1666 2513 1849 2543; x_wconf 77' lang='lat' dir='ltr'>offendunt.</span> <span class='ocrx_word' id='word_1_674' title='bbox 1879 2513 1964 2543; x_wconf 86' lang='lat' dir='ltr'>Nam</span> <span class='ocrx_word' id='word_1_675' title='bbox 1990 2514 2114 2551; x_wconf 85' lang='lat' dir='ltr'>quanta</span> <span class='ocrx_word' id='word_1_676' title='bbox 2139 2513 2182 2542; x_wconf 75' lang='lat' dir='ltr'>sit</span> <span class='ocrx_word' id='word_1_677' title='bbox 2216 2511 2328 2543; x_wconf 89' lang='lat' dir='ltr'>inobe-</span> 
     </span>
    </p>
   </div>
   <div class='ocr_carea' id='block_1_17' title="bbox 1315 2564 2329 2922">
    <p class='ocr_par' dir='ltr' id='par_1_17' title="bbox 1315 2564 2329 2922">
     <span class='ocr_line' id='line_1_95' title="bbox 1317 2564 2329 2604; baseline -0.001 -9"><span class='ocrx_word' id='word_1_678' title='bbox 1317 2565 1441 2595; x_wconf 88' lang='lat' dir='ltr'>dientie</span> <span class='ocrx_word' id='word_1_679' title='bbox 1470 2566 1579 2604; x_wconf 85' lang='lat' dir='ltr'>culpa,</span> <span class='ocrx_word' id='word_1_680' title='bbox 1610 2565 1709 2596; x_wconf 84' lang='lat' dir='ltr'>verbo</span> <span class='ocrx_word' id='word_1_681' title='bbox 1737 2565 1905 2597; x_wconf 84' lang='lat' dir='ltr'>Samuelis</span> <span class='ocrx_word' id='word_1_682' title='bbox 1931 2565 2117 2595; x_wconf 66' lang='lat' dir='ltr'>ostenditur</span> <span class='ocrx_word' id='word_1_683' title='bbox 2146 2564 2329 2595; x_wconf 79' lang='lat' dir='ltr'>asserentis</span> 
     </span>
     <span class='ocr_line' id='line_1_96' title="bbox 1317 2616 2327 2658; baseline -0.002 -9"><span class='ocrx_word' id='word_1_684' title='bbox 1317 2620 1405 2658; x_wconf 76' lang='lat' dir='ltr'>quod</span> <span class='ocrx_word' id='word_1_685' title='bbox 1421 2619 1517 2658; x_wconf 84' lang='lat' dir='ltr'>quasi</span> <span class='ocrx_word' id='word_1_686' title='bbox 1534 2621 1704 2658; x_wconf 85' lang='lat' dir='ltr'>peccatum</span> <span class='ocrx_word' id='word_1_687' title='bbox 1722 2619 1886 2649; x_wconf 70' lang='lat' dir='ltr'>ariolandi</span> <span class='ocrx_word' id='word_1_688' title='bbox 1903 2621 1952 2649; x_wconf 84' lang='lat' dir='ltr'>est</span> <span class='ocrx_word' id='word_1_689' title='bbox 1968 2627 2165 2657; x_wconf 85' lang='lat' dir='ltr'>repugnare,</span> <span class='ocrx_word' id='word_1_690' title='bbox 2183 2620 2212 2648; x_wconf 88' lang='lat' dir='ltr'>et</span> <span class='ocrx_word' id='word_1_691' title='bbox 2231 2616 2327 2656; x_wconf 85' lang='lat' dir='ltr'>quasi</span> 
     </span>
     <span class='ocr_line' id='line_1_97' title="bbox 1317 2670 2327 2712; baseline -0.001 -10"><span class='ocrx_word' id='word_1_692' title='bbox 1317 2672 1426 2702; x_wconf 76' lang='lat' dir='ltr'>scelus</span> <span class='ocrx_word' id='word_1_693' title='bbox 1450 2672 1614 2711; x_wconf 69' lang='lat' dir='ltr'>ydolatrie</span> <span class='ocrx_word' id='word_1_694' title='bbox 1637 2673 1848 2712; x_wconf 71' lang='lat' dir='ltr'>acquiescere</span> <span class='ocrx_word' id='word_1_695' title='bbox 1876 2673 1974 2703; x_wconf 83' lang='lat' dir='ltr'>nolle.</span> <span class='ocrx_word' id='word_1_696' title='bbox 2002 2672 2206 2702; x_wconf 80' lang='lat' dir='ltr'>Monstratur</span> <span class='ocrx_word' id='word_1_697' title='bbox 2228 2670 2327 2702; x_wconf 87' lang='lat' dir='ltr'>etiam</span> 
     </span>
     <span class='ocr_line' id='line_1_98' title="bbox 1317 2723 2327 2765; baseline 0 -11"><span class='ocrx_word' id='word_1_698' title='bbox 1317 2726 1347 2755; x_wconf 89' lang='lat' dir='ltr'>et</span> <span class='ocrx_word' id='word_1_699' title='bbox 1361 2725 1514 2764; x_wconf 72' lang='lat' dir='ltr'>exemplo</span> <span class='ocrx_word' id='word_1_700' title='bbox 1531 2726 1664 2757; x_wconf 89' lang='lat' dir='ltr'>Dathan</span> <span class='ocrx_word' id='word_1_701' title='bbox 1683 2727 1713 2757; x_wconf 88' lang='lat' dir='ltr'>et</span> <span class='ocrx_word' id='word_1_702' title='bbox 1727 2726 1864 2764; x_wconf 66' lang='lat' dir='ltr'>Abyron</span> <span class='ocrx_word' id='word_1_703' title='bbox 1882 2725 1938 2764; x_wconf 89' lang='lat' dir='ltr'>qui</span> <span class='ocrx_word' id='word_1_704' title='bbox 1954 2727 2088 2765; x_wconf 84' lang='lat' dir='ltr'>propter</span> <span class='ocrx_word' id='word_1_705' title='bbox 2102 2723 2327 2755; x_wconf 83' lang='lat' dir='ltr'>inobedientie</span> 
     </span>
     <span class='ocr_line' id='line_1_99' title="bbox 1315 2777 2328 2818; baseline -0.001 -11"><span class='ocrx_word' id='word_1_706' title='bbox 1315 2778 1441 2807; x_wconf 90' lang='lat' dir='ltr'>malum</span> <span class='ocrx_word' id='word_1_707' title='bbox 1455 2778 1495 2808; x_wconf 89' lang='lat' dir='ltr'>ab</span> <span class='ocrx_word' id='word_1_708' title='bbox 1510 2778 1683 2809; x_wconf 67' lang='lat' dir='ltr'>Altis-simu</span> <span class='ocrx_word' id='word_1_709' title='bbox 1698 2787 1783 2818; x_wconf 84' lang='lat' dir='ltr'>pena</span> <span class='ocrx_word' id='word_1_710' title='bbox 1795 2778 1998 2818; x_wconf 70' lang='lat' dir='ltr'>gravissima</span> <span class='ocrx_word' id='word_1_711' title='bbox 2012 2779 2089 2808; x_wconf 80' lang='lat' dir='ltr'>suut</span> <span class='ocrx_word' id='word_1_712' title='bbox 2102 2777 2222 2816; x_wconf 87' lang='lat' dir='ltr'>puniti,</span> <span class='ocrx_word' id='word_1_713' title='bbox 2239 2778 2328 2806; x_wconf 81' lang='lat' dir='ltr'>terra</span> 
     </span>
     <span class='ocr_line' id='line_1_100' title="bbox 1316 2827 2326 2861; baseline -0.003 -2"><span class='ocrx_word' id='word_1_714' title='bbox 1316 2838 1372 2859; x_wconf 77' lang='lat' dir='ltr'>eos</span> <span class='ocrx_word' id='word_1_715' title='bbox 1389 2838 1464 2860; x_wconf 81' lang='lat' dir='ltr'>cum</span> <span class='ocrx_word' id='word_1_716' title='bbox 1480 2831 1552 2860; x_wconf 76' lang='lat' dir='ltr'>suis</span> <span class='ocrx_word' id='word_1_717' title='bbox 1568 2830 1725 2861; x_wconf 81' lang='lat' dir='ltr'>omuibus</span> <span class='ocrx_word' id='word_1_718' title='bbox 1741 2830 1951 2861; x_wconf 78' lang='lat' dir='ltr'>absorbente.</span> <span class='ocrx_word' id='word_1_719' title='bbox 1972 2830 2041 2860; x_wconf 85' lang='lat' dir='ltr'>Hec</span> <span class='ocrx_word' id='word_1_720' title='bbox 2057 2831 2167 2859; x_wconf 86' lang='lat' dir='ltr'>autem</span> <span class='ocrx_word' id='word_1_721' title='bbox 2182 2827 2326 2858; x_wconf 75' lang='lat' dir='ltr'>dicimus</span> 
     </span>
     <span class='ocr_line' id='line_1_101' title="bbox 1315 2881 2326 2922; baseline -0.002 -10"><span class='ocrx_word' id='word_1_722' title='bbox 1315 2882 1375 2912; x_wconf 88' lang='lat' dir='ltr'>tibi</span> <span class='ocrx_word' id='word_1_723' title='bbox 1399 2891 1490 2913; x_wconf 88' lang='lat' dir='ltr'>mere</span> <span class='ocrx_word' id='word_1_724' title='bbox 1508 2883 1605 2922; x_wconf 85' lang='lat' dir='ltr'>periti</span> <span class='ocrx_word' id='word_1_725' title='bbox 1631 2883 1750 2914; x_wconf 84' lang='lat' dir='ltr'>medici</span> <span class='ocrx_word' id='word_1_726' title='bbox 1770 2883 1916 2914; x_wconf 87' lang='lat' dir='ltr'>nolentis</span> <span class='ocrx_word' id='word_1_727' title='bbox 1932 2883 2068 2922; x_wconf 78' lang='lat' dir='ltr'>palpare</span> <span class='ocrx_word' id='word_1_728' title='bbox 2087 2881 2236 2916; x_wconf 79' lang='lat' dir='ltr'>vulnera,</span> <span class='ocrx_word' id='word_1_729' title='bbox 2257 2881 2326 2911; x_wconf 83' lang='lat' dir='ltr'>ino—</span> 
     </span>
    </p>
   </div>
   <div class='ocr_carea' id='block_1_18' title="bbox 249 2920 2326 2973">
    <p class='ocr_par' dir='ltr' id='par_1_18' title="bbox 249 2920 2326 2973">
     <span class='ocr_line' id='line_1_102' title="bbox 249 2920 2326 2973; baseline -0.002 -6"><span class='ocrx_word' id='word_1_730' title='bbox 249 2936 367 2967; x_wconf 88' lang='lat' dir='ltr'>sedilia</span> <span class='ocrx_word' id='word_1_731' title='bbox 383 2934 555 2973; x_wconf 84' lang='lat' dir='ltr'>preparata</span> <span class='ocrx_word' id='word_1_732' title='bbox 572 2934 602 2963; x_wconf 83' lang='lat' dir='ltr'>et</span> <span class='ocrx_word' id='word_1_733' title='bbox 616 2933 673 2963; x_wconf 92' lang='lat' dir='ltr'>ubi</span> <span class='ocrx_word' id='word_1_734' title='bbox 692 2933 790 2963; x_wconf 88' lang='lat' dir='ltr'>etiam</span> <span class='ocrx_word' id='word_1_735' title='bbox 810 2942 874 2963; x_wconf 89' lang='lat' dir='ltr'>non</span> <span class='ocrx_word' id='word_1_736' title='bbox 891 2933 1000 2963; x_wconf 80' lang='lat' dir='ltr'>solum</span> <span class='ocrx_word' id='word_1_737' title='bbox 1016 2934 1062 2969; x_wconf 90' lang='lat' dir='ltr'>tu,</span> <span class='ocrx_word' id='word_1_738' title='bbox 1078 2933 1134 2963; x_wconf 82' lang='lat' dir='ltr'>sed</span> <span class='ocrx_word' id='word_1_739' title='bbox 1153 2935 1183 2964; x_wconf 88' lang='lat' dir='ltr'>et</span> <span class='ocrx_word' id='word_1_740' title='bbox 1200 2935 1255 2965; x_wconf 89' lang='lat' dir='ltr'>tua</span> <span class='ocrx_word' id='word_1_741' title='bbox 1284 2920 1286 2951; x_wconf 41' lang='grc' dir='ltr'><em>Δ</em></span> <span class='ocrx_word' id='word_1_742' title='bbox 1314 2935 1483 2966; x_wconf 86' lang='lat' dir='ltr'>bedientie</span> <span class='ocrx_word' id='word_1_743' title='bbox 1500 2936 1563 2966; x_wconf 82' lang='lat' dir='ltr'>telo</span> <span class='ocrx_word' id='word_1_744' title='bbox 1580 2936 1756 2967; x_wconf 73' lang='lat' dir='ltr'>transfixa:</span> <span class='ocrx_word' id='word_1_745' title='bbox 1775 2939 1804 2967; x_wconf 88' lang='lat' dir='ltr'>et</span> <span class='ocrx_word' id='word_1_746' title='bbox 1825 2936 1898 2967; x_wconf 63' lang='lat' dir='ltr'>ideo</span> <span class='ocrx_word' id='word_1_747' title='bbox 1917 2935 2017 2966; x_wconf 76' lang='lat' dir='ltr'>verba</span> <span class='ocrx_word' id='word_1_748' title='bbox 2034 2936 2145 2965; x_wconf 81' lang='lat' dir='ltr'>nostra</span> <span class='ocrx_word' id='word_1_749' title='bbox 2161 2933 2326 2973; x_wconf 69' lang='lat' dir='ltr'>patienter</span> 
     </span>
    </p>
   </div>
  </div>
 </body>
</html>
