2547 3289
1096 294 1330 331 PREMIERE
1355 294 1520 331 ANNEE.

279 389 455 417 abbatissam
477 390 506 414 et
529 390 702 414 conventum
725 395 748 413 s.
776 386 933 418 Francisci,
954 384 1064 412 ordinis
1092 393 1115 411 s.
1141 383 1286 414 Damiani,

278 438 434 473 compellat
454 439 484 464 ut
504 437 616 463 litteras
638 438 667 462 et
690 443 850 470 processus,
869 442 916 461 eas
940 434 968 460 in
989 432 1198 467 possessionem
1225 440 1286 458 mo-
1316 471 1317 483 ἵ

279 486 399 514 nasterii
417 494 440 512 s.
459 485 530 512 Sixti
550 484 709 516 mittentes,
726 483 786 511 sine
805 483 942 510 dilatione
959 482 1121 508 exhibeant.
1145 481 1222 515 (nm.
1241 482 1286 513 26,
1316 489 1317 517 ;

279 535 328 562 sol.
345 536 380 560 22
397 542 438 567 vo,
456 542 490 560 no
508 532 565 566 97.)
1316 527 1317 530 ’

321 639 335 655 «
355 651 374 658 ..
392 626 494 657 abbati
519 625 735 655 monasteriis.
763 624 872 654 Savini
897 623 1080 653 Placentini.
1104 622 1222 652 Petitio
1239 621 1287 651 di-

280 681 439 711 lectorum
461 679 607 710 filiorum
636 696 685 708 -.
704 679 826 708 Datum
855 676 1009 710 Viterbii,
1040 685 1110 704 xuu
1128 675 1288 705 kalendas

279 733 370 768 maii,
388 741 474 763 anno
490 733 530 762 1⁰.
551 743 567 760 ι)

867 889 991 921 Viterbe,
1013 889 1043 914 ¹4
1061 887 1119 914 mai
1139 888 1215 913 ¹262.

350 895 420 926 100

315 974 449 1001 Castrum
465 981 488 1000 s.
506 971 617 999 Gemini
636 971 752 1006 ejusque
770 968 965 1000 territorium,
983 967 1118 994 ccclesias
1136 969 1163 993 ct
1181 966 1289 993 habita-

279 1026 355 1049 tores
372 1023 407 1049 ab
425 1021 504 1048 omni
521 1019 722 1056 jurisdictione
739 1017 944 1044 Narniensium
963 1016 1064 1043 eximit
1084 1018 1112 1042 et
1129 1016 1188 1042 sedi
1205 1024 1287 1050 apos-

282 1071 384 1098 tolieae
400 1069 555 1096 submittit.
575 1069 654 1102 (Rae.
669 1068 714 1100 26,
730 1067 780 1093 sol.
799 1068 843 1098 ε23,
862 1074 895 1092 no
913 1067 960 1099 983
978 1066 1119 1092 Porrnasr
1140 1065 1245 1098 {8310.)

324 1173 338 1189 «
358 1161 445 1192 Clero
463 1165 489 1190 et
508 1159 625 1200 populo
652 1159 746 1189 castri
768 1169 792 1189 s.
814 1158 943 1188 Gemini.
969 1158 1018 1188 De
1045 1157 1154 1187 studio
1179 1157 1289 1196 provi-

278 1215 388 1245 dentie
405 1231 453 1244 ——.
472 1213 596 1244 Datum
611 1211 754 1243 Viterbii
768 1221 789 1240 ιι
808 1211 884 1241 idus
901 1210 993 1246 maii,
1012 1218 1099 1240 anno
1115 1210 1155 1240 1⁰.
1175 1222 1189 1237 »

349 1390 417 1421 ¹01

838 1386 962 1418 Viterbe,
981 1387 997 1411 4
1009 1385 1122 1420 janvier
1141 1387 1219 1412 ¹262.

313 1466 483 1494 Provineiuli
506 1473 537 1492 ac
558 1465 693 1492 fratribus
711 1463 874 1495 llereinitis,
893 1463 1002 1490 ordinis
1024 1472 1048 1490 s.
1067 1464 1220 1498 Augustini
1242 1472 1291 1498 per

280 1516 491 1543 Anconitanum
511 1513 667 1540 Mnrchiam
680 1512 855 1545 constitutis,
874 1512 1003 1547 indulget
1026 1515 1056 1539 ut
1075 1513 1102 1539 in
1124 1512 1193 1539 locis
1212 1512 1291 1548 justo

278 1565 362 1592 titulo
386 1563 547 1599 acquisitis,
569 1563 669 1589 domos
695 1564 722 1588 et
758 1561 893 1588 eeclesias
920 1563 1087 1588 construere
1112 1561 1206 1595 ibique
1230 1569 1291 1589 mo-

279 1614 337 1641 rari
354 1613 477 1640 valeant.
493 1613 574 1646 (Rae.
590 1612 634 1643 26,
651 1610 701 1638 fol.
718 1612 762 1641 23,
780 1614 812 1636 [ιο
829 1610 884 1644 99,)

322 1717 336 1732 ιι
358 1728 377 1735 ..
391 1702 574 1744 provinciali
592 1708 619 1732 et
643 1702 712 1731 aliis
727 1702 880 1741 prioribus
896 1712 931 1731 ac
945 1702 1096 1741 fratribus
1117 1702 1290 1740 Ilercmitis,

282 1757 397 1787 ordinis
427 1767 450 1786 s.
482 1756 657 1796 Anyaslini,
684 1765 741 1795 per
772 1756 995 1784 Anconitanum
1026 1755 1191 1785 marchiam
1209 1766 1292 1786 cons-

279 1811 390 1842 titutis.
422 1809 611 1849 Religionis
636 1808 731 1839 favor
766 1808 827 1838 sub
859 1825 908 1838 —.
950 1809 1036 1839 Sane
1077 1809 1293 1848 significastis

281 1864 378 1895 nobis
395 1863 483 1902 quod
497 1862 656 1893 nonnulle
672 1870 813 1901 persone
831 1861 1040 1906 diversorum
1055 1862 1211 1893 ordinum
1228 1863 1293 1893 sibi

281 1916 496 1947 obtinuerunt
514 1924 532 1944 a
558 1914 635 1945 sede
661 1913 842 1952 apostolica
868 1913 1037 1952 indulgeri
1054 1915 1088 1944 ut
1115 1914 1203 1945 infra
1218 1924 1292 1954 pas-

281 1978 379 2000 suum
394 1969 613 1999 ducentorum
624 1967 769 2006 spatium
783 1966 871 1996 circa
885 1975 1001 1997 omnes
1012 1967 1095 1997 fines
1111 1968 1193 1997 locis
1209 1968 1295 2006 ipso-

281 2031 355 2052 rum
383 2021 555 2060 contiguos
573 2021 603 2050 et
629 2020 927 2058 vicinos‚alicujus
955 2020 1129 2058 religionis
1161 2029 1291 2051 monas-

281 2075 401 2105 terium
417 2083 477 2104 seu
492 2073 675 2104 oratorium
692 2074 747 2102 aut
769 2072 952 2103 claustrum
976 2073 1212 2111 religiosarum
1234 2082 1293 2104 seu

281 2127 484 2158 secularium
502 2134 720 2165 personarum
744 2125 892 2155 edificari
920 2125 972 2156 vel
998 2127 1146 2156 construi
1171 2128 1226 2157 aut
1243 2136 1293 2157 ee-

279 2180 459 2219 clesiajam
475 2179 627 2210 edificata
642 2179 726 2209 inibi
744 2179 777 2208 in
793 2178 987 2217 religiosum
1000 2179 1111 2209 locum
1128 2179 1181 2210 vel
1198 2188 1293 2219 regu-

280 2233 384 2264 larem
405 2233 542 2262 domum
566 2231 739 2262 transferri
766 2239 832 2261 non
856 2230 972 2270 possit,
999 2232 1096 2262 certis
1115 2241 1215 2271 super
1233 2232 1294 2262 hoc

280 2285 514 2317 executoribus
540 2285 610 2314 sive
637 2283 928 2314 conservatoribus
959 2284 1134 2323 deputatis.
1168 2286 1294 2315 Verum

281 2336 441 2375 contingit
465 2336 632 2366 interdum
660 2335 746 2374 quod
767 2335 800 2365 in
826 2335 907 2365 locis
925 2335 1047 2366 vicinis
1063 2336 1144 2372 illis,
1173 2337 1207 2367 in
1225 2337 1293 2375 qui-

282 2389 344 2420 bus
354 2388 499 2428 predicte
518 2396 659 2427 persone
677 2396 737 2417 sua
752 2388 824 2418 loca
837 2387 998 2423 obtinent,
1014 2390 1165 2427 pretextu
1186 2389 1294 2420 indul-

282 2441 467 2481 gentiarum
479 2441 687 2480 hujusmodi,
700 2449 759 2470 vos
769 2441 886 2471 domos
897 2450 955 2479 pro
968 2441 1171 2472 habitatione
1186 2445 1294 2473 vestra

282 2496 473 2526 construere
485 2503 549 2524 non
564 2493 713 2533 potestis,
730 2501 770 2523 ex
781 2502 846 2532 quo
857 2494 978 2524 multas
994 2495 1208 2526 necessitates
1224 2496 1293 2534 plu-

283 2548 432 2586 rimaque
457 2546 666 2576 incommoda
692 2546 870 2576 noscimini
889 2547 1065 2577 sustinere.
1095 2547 1164 2578 Nos
1183 2548 1293 2587 igitur,

286 2600 406 2630 vestris
427 2599 578 2629 inclinati
599 2598 766 2637 precibus,
789 2599 937 2629 volentes
960 2600 1057 2630 vobis
1074 2600 1107 2630 in
1127 2601 1187 2631 hac
1203 2603 1295 2640 parte

283 2653 460 2683 salubriter
476 2651 661 2690 providere,
673 2652 719 2687 ut,
732 2651 907 2690 premissis
918 2652 1135 2691 indulgentiis
1151 2662 1209 2684 seu
1226 2654 1297 2693 qui-

284 2705 431 2736 buslibet
448 2705 525 2734 aliis
543 2712 753 2742 nequaquam
770 2704 990 2740 obstantibus,
1008 2706 1047 2735 de
1063 2706 1185 2744 quibus
1200 2716 1296 2746 opor-

284 2760 367 2789 teret
383 2758 517 2798 plenam
530 2759 559 2787 et
576 2765 767 2795 expressam
784 2757 817 2786 in
836 2757 1046 2795 presentibus
1059 2767 1119 2788 seu
1138 2759 1176 2788 de
1195 2760 1295 2790 verbo

284 2812 325 2842 ad
343 2811 483 2841 verbum
508 2810 580 2840 fieri
598 2809 812 2844 mentionem,
828 2810 965 2848 possitis
982 2811 1017 2840 in
1044 2810 1126 2841 locis
1155 2820 1173 2841 a
1201 2813 1296 2843 vobis

281 2865 373 2904 justo
397 2863 493 2894 titulo
519 2862 692 2901 acquisitis
710 2864 741 2892 et
764 2862 988 2900 acquirendis,
1013 2872 1073 2902 pro
1092 2863 1296 2897 habitatione

288 2919 396 2948 vestra
411 2918 529 2947 domos
557 2917 589 2945 et
619 2915 778 2945 ecclesias
807 2917 998 2946 construere
1029 2917 1142 2955 ibique
1174 2919 1297 2949 morari

287 2971 359 3001 sine
379 2970 467 3009 juris
484 2968 666 3008 prejudicio
694 2968 807 3003 alieni,
826 2968 922 2999 vobis
945 2970 1137 3001 auctoritate
1164 2980 1296 3009 presen-

396 3017 539 3045 Uanms
563 3016 615 3047 lv,
636 3018 657 3043 t.
675 3015 713 3044 11.
736 3017 800 3050 Rea.
817 3017 877 3043 ord.

2315 305 2353 333 3³

1317 407 1318 410 ,
1348 383 1430 413 tium
1451 383 1673 422 indulgemus.
1698 384 1790 415 Nulli
1819 393 1895 423 ergo
1919 402 1966 415 ——.
1995 385 2118 416 Datum
2146 386 2298 422 Viterbii‚
2331 396 2351 414 ιι

1316 458 1317 465 ,
1347 445 1451 466 nonas
1462 436 1620 474 januarii,
1637 446 1722 467 anno
1741 438 1779 468 1⁰.
1800 451 1812 463 ›-

1417 608 1488 639 102
1953 609 2075 641 vuemo,
2092 612 2106 636 9
2119 610 2182 645 juin
2204 612 2279 638 1262.

1382 685 1636 720 Archicpiseopum
1657 686 1882 719 Nidrosiensem,
1905 696 1937 714 ac
1962 689 2145 723 Bergensem,
2167 691 2353 723 Assoensem,

1346 733 1539 760 Orcadensem
1567 736 1594 760 et
1619 735 1871 769 Stawangrcnsem
1895 736 2041 771 episcopos
2067 737 2200 764 hortatur
2224 741 2254 765 ut
2277 739 2353 766 cirea

1346 782 1494 816 negotium
1512 785 1613 809 contra
1625 783 1758 810 Turtaros
1775 786 1835 810 tam
1853 785 1881 811 in
1899 785 1986 812 Terra
2002 786 2107 813 Sancta
2120 795 2206 821 quam
2221 788 2249 814 in
2265 795 2354 823 regno

1347 829 1491 864 Ungariae
1503 832 1587 865 atque
1604 833 1680 857 terra
1696 831 1828 858 Poloniae
1845 834 2084 867 prosequendum,
2096 835 2269 870 cogitent‚et
2283 836 2355 864 illud

1344 878 1426 914 juxta
1442 880 1568 906 termam
1586 887 1635 913 per
1653 879 1764 906 litteras
1780 881 1932 908 Alexandri
1950 882 1986 907 1v
2005 883 2045 909 eis
2063 884 2211 915 traditam,
2230 885 2354 919 dirigere

1347 928 1510 959 procurent,
1528 928 1609 962 (Rae.
1628 929 1672 960 26,
1691 927 1741 955 sol.
1757 929 1801 960 23,
1820 934 1851 955 n⁰
1872 930 1942 961 100.)

1388 1031 1444 1049 α...
1472 1019 1695 1060 archiepiscopo
1719 1021 1917 1060 Nidrosiensi‚
1946 1033 1981 1053 ac

2007 1048 2029 1054 ..
2057 1025 2212 1064 Bcrqcnsi,
2245 1051 2269 1057 ..
2299 1030 2353 1057 As-

1318 1061 1319 1071 *
1348 1073 1455 1109 soensi,
1476 1096 1499 1102 ..
1519 1072 1684 1103 Orcadensi
1708 1080 1733 1104 et
1753 1098 1776 1105 ..
1799 1075 2030 1115 Slawanyrensi
2051 1079 2207 1118 episcopis.
2225 1081 2354 1112 Solium

1318 1151 1320 1164 1
1349 1125 1540 1163 apostolicis
1557 1126 1714 1157 culminis
1733 1128 1767 1158 in
1783 1137 1938 1167 suprema
1954 1130 2135 1161 Christiani
2150 1133 2265 1171 populi
2283 1141 2357 1171 spe-

1349 1178 1423 1208 cula
1448 1178 1564 1209 celitus
1581 1181 1805 1218 preparatum,
1822 1181 1950 1212 sedenti
1975 1191 2074 1222 super
2096 1185 2180 1215 illud
2204 1187 2356 1217 attentio-

1350 1239 1425 1261 nem
1444 1231 1577 1262 assidue
1595 1233 1830 1271 speculationis
1853 1234 1980 1270 indicit,
1998 1237 2032 1266 ut
2055 1237 2216 1268 adversus
2245 1239 2358 1270 clades

1350 1285 1380 1315 et
1393 1284 1522 1323 gladios
1536 1293 1623 1315 nunc
1648 1286 1840 1324 quominus,
1861 1296 1949 1317 nunc
1974 1289 2106 1320 eminus
2131 1290 2356 1327 imminentes,

1350 1337 1469 1376 vigiles
1497 1346 1598 1377 super
1626 1347 1742 1377 greges
1777 1339 1928 1371 subditos
1963 1341 2146 1373 observans
2189 1345 2358 1380 excubias,

1351 1390 1504 1428 quotiens
1538 1391 1697 1430 prospicit
1722 1393 1988 1432 appropinquare
2015 1395 2213 1433 periculum,
2240 1397 2360 1427 validis

1351 1443 1553 1473 elamoribus
1568 1444 1810 1482 quiescentium
1837 1454 1994 1485 sompnos
2018 1448 2191 1487 irrumpat,
2213 1451 2360 1489 torpores

1351 1496 1506 1531 excutiat,
1523 1498 1554 1526 et
1570 1497 1683 1527 deside
1707 1499 1883 1536 presertim
1909 1501 2036 1531 securis
2059 1501 2192 1540 ignavia
2209 1503 2360 1533 timorem

1352 1549 1491 1579 incutiat
1508 1549 1699 1585 salutarem,
1720 1559 1759 1580 ne
1777 1552 1833 1582 aut
1850 1552 1913 1582 sub
1929 1553 2000 1592 ipso
2018 1554 2196 1593 improvidi
2214 1557 2360 1594 pereant,

1322 1634 1324 1653 ὦ
1353 1602 1409 1631 aut
1431 1601 1501 1640 ipse
1523 1602 1735 1640 pereuntium
1757 1604 1931 1641 sanguinis
1949 1613 2025 1635 reus
2050 1606 2117 1636 fiat.
2138 1607 2209 1638 sthi
2237 1617 2312 1647 ergo
2330 1610 2363 1638 et

1352 1654 1443 1692 gregi
1474 1654 1540 1684 sibi
1568 1655 1746 1685 commisso
1773 1656 1950 1694 sollicitus,
1977 1658 2086 1689 felicis
2121 1661 2359 1691 recordationis

1352 1706 1540 1737 Alexander
1559 1716 1656 1746 papa,
1668 1708 1883 1746 predecessor
1910 1712 2033 1746 noster,
2050 1714 2147 1750 prout
2163 1714 2216 1743 sui
2234 1716 2363 1752 aposto-

1353 1759 1440 1790 latus
1467 1759 1615 1790 officium
1643 1761 1804 1799 exigebat,
1828 1763 1927 1793 certis
1953 1763 2059 1795 aliene
2088 1766 2178 1795 sedis
2199 1767 2362 1806 exemplis

1354 1812 1556 1843 ammonitus
1574 1815 1606 1843 et
1621 1813 1785 1844 malorum
1802 1815 1996 1846 instantium
2012 1826 2077 1847 non
2092 1818 2203 1849 dubiis
2220 1820 2361 1850 rumori—

1353 1865 1416 1895 bus
1437 1866 1611 1900 excitatus‚
1630 1875 1705 1896 cum
1727 1868 1943 1899 sevissimum
1960 1871 2112 1901 tartarice
2131 1871 2270 1902 feritatis
2293 1873 2362 1911 gla-

1354 1918 1447 1948 dium
1471 1927 1536 1957 quo
1566 1918 1655 1949 filios
1680 1919 1855 1951 hominum
1875 1930 1933 1960 pro
1950 1924 2042 1961 parte
2063 1924 2133 1962 jam
2158 1925 2303 1956 maxima
2326 1926 2360 1956 in

1354 1980 1485 2001 morum
1497 1972 1727 2010 peccaminum
1739 1973 1912 2010 ultionem,
1925 1975 2023 2013 digne
2038 1979 2201 2007 commota
2213 1978 2362 2017 indigna-

1353 2024 1455 2054 tionis
1479 2024 1592 2054 divine
1615 2025 1776 2056 severitas
1802 2028 1838 2056 ut
1863 2028 1989 2058 residui
2022 2029 2200 2060 salubriter
2223 2032 2364 2069 paveant

1353 2077 1513 2115 flagellari
1526 2077 1689 2116 permisit,
1702 2078 1807 2108 cautis
1819 2080 1994 2118 prudentie
2007 2082 2162 2112 sensibus
2175 2084 2364 2122 prospexis-

1354 2130 1414 2167 set,
1433 2138 1500 2159 non
1518 2130 1626 2168 potuit
1652 2130 1866 2162 dissimulare
1883 2141 1941 2163 uec
1966 2134 2079 2164 debuit
2097 2136 2176 2173 quin
2194 2136 2361 2173 clamaret,

1354 2183 1569 2221 premuniens
1584 2183 1760 2222 diligenter
1775 2185 1806 2215 et
1822 2193 2024 2224 premonens
2043 2187 2191 2218 fidelium
2208 2190 2362 2229 precipue

1353 2236 1504 2274 pastores
1527 2237 1558 2266 et
1590 2236 1769 2275 principes,
1794 2239 1829 2268 ut
1854 2247 1968 2269 secum
1997 2241 2306 2279 expergiscerentur
2333 2244 2365 2273 et

1354 2289 1538 2327 surgerent,
1557 2298 1594 2319 ac
1620 2289 1655 2319 in
1673 2290 1792 2320 alienis
1809 2292 1968 2329 periculis
1983 2294 2117 2331 propria
2136 2297 2363 2332 precaventes,

1354 2343 1428 2371 ante
1446 2350 1520 2372 sera
1536 2343 1685 2381 tempora
1701 2344 1896 2381 tempestiva
1911 2346 2056 2376 remedia
2070 2349 2293 2385 prepararent.
2313 2348 2363 2378 Ne

1355 2403 1432 2425 vero
1457 2395 1622 2433 generalis
1642 2396 1877 2426 convocatione
1907 2399 2051 2435 concilii,
2074 2400 2161 2437 quoi
2188 2400 2289 2430 ardue
2315 2401 2361 2431 rei

1354 2448 1535 2478 necessitas
1553 2448 1731 2486 flagitabat,
1749 2448 1789 2478 ob
1810 2449 1984 2480 incomoda
2000 2452 2195 2490 temporum,
2214 2453 2361 2483 locorum

1353 2501 1539 2536 distantias,
1567 2501 1764 2540 viarumque
1782 2501 1975 2532 discrimina
1995 2504 2193 2541 generalitas
2210 2514 2363 2544 gravare-

1354 2554 1419 2589 tur,
1444 2554 1501 2583 aut
1525 2553 1710 2583 necessarie
1735 2554 1938 2592 provisionis
1964 2556 2091 2586 utilitas
2120 2557 2302 2588 incurreret
2321 2567 2362 2588 ex

1356 2606 1458 2636 nimia
1469 2606 1622 2636 tarditate
1634 2606 1810 2642 defectum,
1822 2607 1971 2645 prefatus
1986 2609 2200 2647 predecessor
2216 2620 2234 2640 a
2251 2611 2361 2641 Chris-

1356 2658 1456 2689 tianis
1474 2658 1694 2697 principibus,
1709 2659 1847 2698 prelatis
1869 2661 1965 2698 atque
1982 2661 2132 2700 collegiis
2148 2664 2287 2694 sollicite
2314 2664 2360 2695 in·

1355 2713 1404 2741 ter
1421 2711 1486 2741 alia
1503 2711 1689 2750 requisivit,
1713 2712 1748 2741 ut
1765 2712 1999 2751 circumspecte
2021 2714 2271 2747 deliberationis
2288 2726 2363 2748 exa-

1356 2763 1444 2794 mine
1472 2764 1685 2802 providerent
1717 2763 1839 2802 quibus
1873 2765 1981 2795 modis
2010 2767 2174 2805 quibusve
2204 2770 2363 2800 remediis

1356 2818 1453 2854 atque
1469 2816 1630 2846 subsidiis
1646 2816 1880 2847 ecclesiasticis
1895 2819 1925 2847 et
1945 2819 2135 2856 mundanis,
2149 2821 2190 2851 ad
2208 2821 2364 2852 resisten—

1357 2868 1436 2898 dum
1447 2868 1756 2907 predictisTartaris
1773 2870 1840 2899 tam
1858 2870 2003 2901 inTerra
2015 2874 2134 2903 Sancta
2152 2882 2251 2912 quam
2263 2875 2364 2914 impe-

1358 2922 1441 2956 tunt,
1459 2929 1559 2960 quam
1576 2920 1609 2951 in
1628 2930 1726 2960 regno
1743 2922 1887 2961 Ungarie
1902 2925 1999 2962 atque
2013 2926 2099 2955 terra
2117 2926 2257 2957 Potonie
2277 2927 2366 2957 aliis-

1359 2981 1423 3012 que
1437 2973 1532 3008 locis,
1549 2974 1636 3004 unde
1647 2974 1686 3004 ad
1703 2974 1769 3004 alia
1781 2976 1971 3014 occupanda
1987 2977 2253 3009 Christianorum
2266 2988 2366 3018 regna

2247 3029 2262 3053 5
