<?xml version="1.0" encoding="UTF-8"?>
<!DOCTYPE html PUBLIC "-//W3C//DTD XHTML 1.0 Transitional//EN"
    "http://www.w3.org/TR/xhtml1/DTD/xhtml1-transitional.dtd">
<html xmlns="http://www.w3.org/1999/xhtml" xml:lang="en" lang="en">
 <head>
  <title>
</title>
<meta http-equiv="Content-Type" content="text/html;charset=utf-8" />
  <meta name='ocr-system' content='tesseract 3.04.00' />
  <meta name='ocr-capabilities' content='ocr_page ocr_carea ocr_par ocr_line ocrx_word'/>
</head>
<body>
  <div class='ocr_page' id='page_1' title='image "./lesregistresdurb12cath/lesregistresdurb12cath_0495.png"; bbox 0 0 2547 3289; ppageno 0'>
   <div class='ocr_carea' id='block_1_1' title="bbox 1069 239 2325 284">
    <p class='ocr_par' dir='ltr' id='par_1_1' title="bbox 1069 239 2325 284">
     <span class='ocr_line' id='line_1_1' title="bbox 1069 239 2325 284; baseline 0.005 -7"><span class='ocrx_word' id='word_1_1' title='bbox 1069 239 1309 277; x_wconf 79' lang='lat' dir='ltr'>TROISIEME</span> <span class='ocrx_word' id='word_1_2' title='bbox 1330 239 1494 277; x_wconf 76' lang='lat' dir='ltr'>ANNEE.</span> <span class='ocrx_word' id='word_1_3' title='bbox 2264 253 2325 284; x_wconf 79' lang='lat'>219</span> 
     </span>
    </p>
   </div>
   <div class='ocr_carea' id='block_1_2' title="bbox 229 326 2320 1527">
    <p class='ocr_par' dir='ltr' id='par_1_2' title="bbox 229 326 2320 1163">
     <span class='ocr_line' id='line_1_2' title="bbox 236 326 2319 386; baseline 0.005 -33"><span class='ocrx_word' id='word_1_4' title='bbox 236 332 475 354; x_wconf 86' lang='lat' dir='ltr'>conversorum</span> <span class='ocrx_word' id='word_1_5' title='bbox 503 327 534 356; x_wconf 92' lang='lat' dir='ltr'>et</span> <span class='ocrx_word' id='word_1_6' title='bbox 553 326 773 363; x_wconf 85' lang='lat' dir='ltr'>familiarum,</span> <span class='ocrx_word' id='word_1_7' title='bbox 795 328 893 366; x_wconf 81' lang='lat' dir='ltr'>plene</span> <span class='ocrx_word' id='word_1_8' title='bbox 917 327 1079 358; x_wconf 77' lang='lat' dir='ltr'>duximus</span> <span class='ocrx_word' id='word_1_9' title='bbox 1096 329 1248 359; x_wconf 84' lang='lat' dir='ltr'>commit·</span> <span class='ocrx_word' id='word_1_10' title='bbox 1278 350 1280 386; x_wconf 42' lang='lat' dir='ltr'><em>s</em></span> <span class='ocrx_word' id='word_1_11' title='bbox 1310 328 1417 358; x_wconf 84' lang='lat' dir='ltr'>Deum</span> <span class='ocrx_word' id='word_1_12' title='bbox 1447 329 1595 367; x_wconf 81' lang='lat' dir='ltr'>graviter</span> <span class='ocrx_word' id='word_1_13' title='bbox 1614 338 1777 368; x_wconf 80' lang='lat' dir='ltr'>provocas</span> <span class='ocrx_word' id='word_1_14' title='bbox 1798 334 1829 361; x_wconf 82' lang='lat' dir='ltr'>et</span> <span class='ocrx_word' id='word_1_15' title='bbox 1844 332 1916 370; x_wconf 75' lang='lat' dir='ltr'>ejus</span> <span class='ocrx_word' id='word_1_16' title='bbox 1935 332 2019 362; x_wconf 86' lang='lat' dir='ltr'>iram</span> <span class='ocrx_word' id='word_1_17' title='bbox 2038 332 2099 362; x_wconf 88' lang='lat' dir='ltr'>tibi</span> <span class='ocrx_word' id='word_1_18' title='bbox 2115 334 2319 372; x_wconf 64' lang='lat' dir='ltr'>accumulas,</span> 
     </span>
     <span class='ocr_line' id='line_1_3' title="bbox 233 377 2317 424; baseline 0.006 -18"><span class='ocrx_word' id='word_1_19' title='bbox 233 377 346 413; x_wconf 76' lang='lat' dir='ltr'>tenda,</span> <span class='ocrx_word' id='word_1_20' title='bbox 365 379 553 409; x_wconf 85' lang='lat' dir='ltr'>statuentes</span> <span class='ocrx_word' id='word_1_21' title='bbox 576 381 611 409; x_wconf 91' lang='lat' dir='ltr'>ut</span> <span class='ocrx_word' id='word_1_22' title='bbox 631 379 694 409; x_wconf 87' lang='lat' dir='ltr'>sub</span> <span class='ocrx_word' id='word_1_23' title='bbox 712 380 785 419; x_wconf 86' lang='lat' dir='ltr'>ejus</span> <span class='ocrx_word' id='word_1_24' title='bbox 804 382 835 410; x_wconf 89' lang='lat' dir='ltr'>et</span> <span class='ocrx_word' id='word_1_25' title='bbox 857 380 1001 410; x_wconf 90' lang='lat' dir='ltr'>aliorum</span> <span class='ocrx_word' id='word_1_26' title='bbox 1023 381 1247 411; x_wconf 83' lang='lat' dir='ltr'>cardinalium</span> <span class='ocrx_word' id='word_1_27' title='bbox 1277 392 1279 424; x_wconf 43' lang='grc' dir='ltr'><em>ᾗ</em></span> <span class='ocrx_word' id='word_1_28' title='bbox 1308 381 1388 410; x_wconf 88' lang='lat' dir='ltr'>dum</span> <span class='ocrx_word' id='word_1_29' title='bbox 1418 382 1602 419; x_wconf 82' lang='lat' dir='ltr'>predictam</span> <span class='ocrx_word' id='word_1_30' title='bbox 1633 384 1809 414; x_wconf 69' lang='lat' dir='ltr'>ecclesiam</span> <span class='ocrx_word' id='word_1_31' title='bbox 1842 385 2060 423; x_wconf 72' lang='lat' dir='ltr'>dampniticas</span> <span class='ocrx_word' id='word_1_32' title='bbox 2085 388 2114 415; x_wconf 85' lang='lat' dir='ltr'>ct</span> <span class='ocrx_word' id='word_1_33' title='bbox 2143 386 2317 418; x_wconf 65' lang='lat' dir='ltr'>molestas</span> 
     </span>
     <span class='ocr_line' id='line_1_4' title="bbox 234 430 2319 476; baseline 0.005 -17"><span class='ocrx_word' id='word_1_34' title='bbox 234 430 290 468; x_wconf 85' lang='lat' dir='ltr'>qui</span> <span class='ocrx_word' id='word_1_35' title='bbox 319 431 445 461; x_wconf 80' lang='lat' dir='ltr'>suerint</span> <span class='ocrx_word' id='word_1_36' title='bbox 462 441 521 470; x_wconf 85' lang='lat' dir='ltr'>pro</span> <span class='ocrx_word' id='word_1_37' title='bbox 546 434 697 471; x_wconf 88' lang='lat' dir='ltr'>tempore</span> <span class='ocrx_word' id='word_1_38' title='bbox 719 433 967 472; x_wconf 79' lang='lat' dir='ltr'>gubernationi,</span> <span class='ocrx_word' id='word_1_39' title='bbox 996 434 1195 471; x_wconf 83' lang='lat' dir='ltr'>protectioni</span> <span class='ocrx_word' id='word_1_40' title='bbox 1215 436 1247 465; x_wconf 87' lang='lat' dir='ltr'>et</span> <span class='ocrx_word' id='word_1_41' title='bbox 1277 440 1278 447; x_wconf 65' lang='lat'>¹</span> <span class='ocrx_word' id='word_1_42' title='bbox 1307 433 1452 472; x_wconf 76' lang='lat' dir='ltr'>Ideoque</span> <span class='ocrx_word' id='word_1_43' title='bbox 1479 434 1691 465; x_wconf 79' lang='lat' dir='ltr'>nobilitatem</span> <span class='ocrx_word' id='word_1_44' title='bbox 1716 439 1808 467; x_wconf 89' lang='lat' dir='ltr'>tuam</span> <span class='ocrx_word' id='word_1_45' title='bbox 1833 446 1990 476; x_wconf 83' lang='lat' dir='ltr'>rogamus</span> <span class='ocrx_word' id='word_1_46' title='bbox 2022 440 2053 468; x_wconf 88' lang='lat' dir='ltr'>et</span> <span class='ocrx_word' id='word_1_47' title='bbox 2073 438 2247 469; x_wconf 75' lang='lat' dir='ltr'>hortamur</span> <span class='ocrx_word' id='word_1_48' title='bbox 2273 442 2319 470; x_wconf 86' lang='lat' dir='ltr'>at·</span> 
     </span>
     <span class='ocr_line' id='line_1_5' title="bbox 233 484 2320 529; baseline 0.005 -17"><span class='ocrx_word' id='word_1_49' title='bbox 233 484 433 513; x_wconf 89' lang='lat' dir='ltr'>correctioni</span> <span class='ocrx_word' id='word_1_50' title='bbox 453 485 648 515; x_wconf 89' lang='lat' dir='ltr'>eorumdem</span> <span class='ocrx_word' id='word_1_51' title='bbox 667 486 809 515; x_wconf 79' lang='lat' dir='ltr'>fratrum</span> <span class='ocrx_word' id='word_1_52' title='bbox 829 485 958 516; x_wconf 79' lang='lat' dir='ltr'>ordinis</span> <span class='ocrx_word' id='word_1_53' title='bbox 978 495 996 515; x_wconf 89' lang='lat' dir='ltr'>a</span> <span class='ocrx_word' id='word_1_54' title='bbox 1019 487 1096 516; x_wconf 87' lang='lat' dir='ltr'>sede</span> <span class='ocrx_word' id='word_1_55' title='bbox 1115 488 1248 525; x_wconf 86' lang='lat' dir='ltr'>aposto·</span> <span class='ocrx_word' id='word_1_56' title='bbox 1308 488 1397 516; x_wconf 85' lang='lat' dir='ltr'>tente</span> <span class='ocrx_word' id='word_1_57' title='bbox 1417 488 1590 525; x_wconf 75' lang='lat' dir='ltr'>quatinus,</span> <span class='ocrx_word' id='word_1_58' title='bbox 1610 489 1864 520; x_wconf 83' lang='lat' dir='ltr'>intentamente</span> <span class='ocrx_word' id='word_1_59' title='bbox 1884 491 2051 528; x_wconf 66' lang='lat' dir='ltr'>recipiens</span> <span class='ocrx_word' id='word_1_60' title='bbox 2074 494 2210 529; x_wconf 86' lang='lat' dir='ltr'>paterne</span> <span class='ocrx_word' id='word_1_61' title='bbox 2231 501 2320 522; x_wconf 79' lang='lat' dir='ltr'>com-</span> 
     </span>
     <span class='ocr_line' id='line_1_6' title="bbox 232 535 2318 583; baseline 0.005 -18"><span class='ocrx_word' id='word_1_62' title='bbox 232 535 297 565; x_wconf 87' lang='lat' dir='ltr'>lica</span> <span class='ocrx_word' id='word_1_63' title='bbox 327 537 489 574; x_wconf 83' lang='lat' dir='ltr'>deputati,</span> <span class='ocrx_word' id='word_1_64' title='bbox 520 537 724 572; x_wconf 88' lang='lat' dir='ltr'>obedientia,</span> <span class='ocrx_word' id='word_1_65' title='bbox 751 547 830 568; x_wconf 86' lang='lat' dir='ltr'>cura</span> <span class='ocrx_word' id='word_1_66' title='bbox 856 540 888 568; x_wconf 89' lang='lat' dir='ltr'>et</span> <span class='ocrx_word' id='word_1_67' title='bbox 906 539 1070 575; x_wconf 77' lang='lat' dir='ltr'>regimine</span> <span class='ocrx_word' id='word_1_68' title='bbox 1093 538 1245 569; x_wconf 73' lang='lat' dir='ltr'>debeatis</span> <span class='ocrx_word' id='word_1_69' title='bbox 1307 540 1507 569; x_wconf 87' lang='lat' dir='ltr'>monitionis</span> <span class='ocrx_word' id='word_1_70' title='bbox 1539 541 1675 571; x_wconf 80' lang='lat' dir='ltr'>affatum</span> <span class='ocrx_word' id='word_1_71' title='bbox 1704 550 1918 581; x_wconf 71' lang='lat' dir='ltr'>pensatisque</span> <span class='ocrx_word' id='word_1_72' title='bbox 1944 544 2082 582; x_wconf 86' lang='lat' dir='ltr'>provide</span> <span class='ocrx_word' id='word_1_73' title='bbox 2111 545 2199 582; x_wconf 77' lang='lat' dir='ltr'>quod</span> <span class='ocrx_word' id='word_1_74' title='bbox 2218 553 2318 583; x_wconf 79' lang='lat' dir='ltr'>grave</span> 
     </span>
     <span class='ocr_line' id='line_1_7' title="bbox 233 588 2318 635; baseline 0.004 -17"><span class='ocrx_word' id='word_1_75' title='bbox 233 588 386 619; x_wconf 86' lang='lat' dir='ltr'>decetero</span> <span class='ocrx_word' id='word_1_76' title='bbox 409 598 619 628; x_wconf 84' lang='lat' dir='ltr'>permanere,</span> <span class='ocrx_word' id='word_1_77' title='bbox 643 590 767 629; x_wconf 80' lang='lat' dir='ltr'>quibus</span> <span class='ocrx_word' id='word_1_78' title='bbox 790 591 972 620; x_wconf 75' lang='lat' dir='ltr'>teneamini</span> <span class='ocrx_word' id='word_1_79' title='bbox 1003 591 1144 621; x_wconf 85' lang='lat' dir='ltr'>tirmiter</span> <span class='ocrx_word' id='word_1_80' title='bbox 1170 591 1244 621; x_wconf 90' lang='lat' dir='ltr'>obe·</span> <span class='ocrx_word' id='word_1_81' title='bbox 1276 590 1277 632; x_wconf 62' lang='lat' dir='ltr'>J</span> <span class='ocrx_word' id='word_1_82' title='bbox 1307 592 1406 629; x_wconf 76' lang='lat' dir='ltr'>ponis</span> <span class='ocrx_word' id='word_1_83' title='bbox 1424 592 1454 621; x_wconf 90' lang='lat' dir='ltr'>in</span> <span class='ocrx_word' id='word_1_84' title='bbox 1484 594 1657 630; x_wconf 86' lang='lat' dir='ltr'>provincia</span> <span class='ocrx_word' id='word_1_85' title='bbox 1676 595 1885 629; x_wconf 75' lang='lat' dir='ltr'>scandalum,</span> <span class='ocrx_word' id='word_1_86' title='bbox 1901 597 1989 634; x_wconf 84' lang='lat' dir='ltr'>quod</span> <span class='ocrx_word' id='word_1_87' title='bbox 2006 597 2140 635; x_wconf 80' lang='lat' dir='ltr'>generis</span> <span class='ocrx_word' id='word_1_88' title='bbox 2158 598 2206 627; x_wconf 89' lang='lat' dir='ltr'>tui</span> <span class='ocrx_word' id='word_1_89' title='bbox 2227 597 2318 628; x_wconf 87' lang='lat' dir='ltr'>deco-</span> 
     </span>
     <span class='ocr_line' id='line_1_8' title="bbox 232 641 2317 686; baseline 0.004 -15"><span class='ocrx_word' id='word_1_90' title='bbox 232 641 314 671; x_wconf 86' lang='lat' dir='ltr'>dire.</span> <span class='ocrx_word' id='word_1_91' title='bbox 345 642 385 672; x_wconf 88' lang='lat' dir='ltr'>Et</span> <span class='ocrx_word' id='word_1_92' title='bbox 402 642 467 680; x_wconf 88' lang='lat' dir='ltr'>ipsi</span> <span class='ocrx_word' id='word_1_93' title='bbox 488 643 677 673; x_wconf 87' lang='lat' dir='ltr'>animarum</span> <span class='ocrx_word' id='word_1_94' title='bbox 699 645 889 673; x_wconf 84' lang='lat' dir='ltr'>vestrarum</span> <span class='ocrx_word' id='word_1_95' title='bbox 911 644 1175 673; x_wconf 86' lang='lat' dir='ltr'>sollicitudinem</span> <span class='ocrx_word' id='word_1_96' title='bbox 1194 653 1246 682; x_wconf 86' lang='lat' dir='ltr'>ge·</span> <span class='ocrx_word' id='word_1_97' title='bbox 1307 653 1376 673; x_wconf 92' lang='lat' dir='ltr'>rem</span> <span class='ocrx_word' id='word_1_98' title='bbox 1395 644 1587 681; x_wconf 88' lang='lat' dir='ltr'>obnubilas,</span> <span class='ocrx_word' id='word_1_99' title='bbox 1605 647 1805 684; x_wconf 79' lang='lat' dir='ltr'>quodetiam</span> <span class='ocrx_word' id='word_1_100' title='bbox 1823 648 2042 686; x_wconf 71' lang='lat' dir='ltr'>apostolicam</span> <span class='ocrx_word' id='word_1_101' title='bbox 2058 649 2171 679; x_wconf 76' lang='lat' dir='ltr'>sedem</span> <span class='ocrx_word' id='word_1_102' title='bbox 2191 650 2317 680; x_wconf 75' lang='lat' dir='ltr'>videris</span> 
     </span>
     <span class='ocr_line' id='line_1_9' title="bbox 232 696 2318 739; baseline 0.004 -15"><span class='ocrx_word' id='word_1_103' title='bbox 232 696 345 724; x_wconf 88' lang='lat' dir='ltr'>rentes</span> <span class='ocrx_word' id='word_1_104' title='bbox 365 698 395 725; x_wconf 86' lang='lat' dir='ltr'>et</span> <span class='ocrx_word' id='word_1_105' title='bbox 412 704 538 730; x_wconf 80' lang='lat' dir='ltr'>curam,</span> <span class='ocrx_word' id='word_1_106' title='bbox 558 696 686 725; x_wconf 87' lang='lat' dir='ltr'>eisdem</span> <span class='ocrx_word' id='word_1_107' title='bbox 714 696 932 726; x_wconf 82' lang='lat' dir='ltr'>monasteriis</span> <span class='ocrx_word' id='word_1_108' title='bbox 952 698 983 726; x_wconf 88' lang='lat' dir='ltr'>et</span> <span class='ocrx_word' id='word_1_109' title='bbox 1008 697 1164 734; x_wconf 88' lang='lat' dir='ltr'>personis</span> <span class='ocrx_word' id='word_1_110' title='bbox 1189 697 1242 726; x_wconf 88' lang='lat' dir='ltr'>de·</span> <span class='ocrx_word' id='word_1_111' title='bbox 1306 696 1428 727; x_wconf 89' lang='lat' dir='ltr'>habere</span> <span class='ocrx_word' id='word_1_112' title='bbox 1445 700 1663 737; x_wconf 70' lang='lat' dir='ltr'>contemptui,</span> <span class='ocrx_word' id='word_1_113' title='bbox 1685 699 1746 730; x_wconf 78' lang='lat' dir='ltr'>sub</span> <span class='ocrx_word' id='word_1_114' title='bbox 1763 701 1858 737; x_wconf 85' lang='lat' dir='ltr'>cujus</span> <span class='ocrx_word' id='word_1_115' title='bbox 1874 710 1953 730; x_wconf 89' lang='lat' dir='ltr'>cura</span> <span class='ocrx_word' id='word_1_116' title='bbox 1970 704 1998 731; x_wconf 79' lang='lat' dir='ltr'>ct</span> <span class='ocrx_word' id='word_1_117' title='bbox 2024 703 2230 739; x_wconf 88' lang='lat' dir='ltr'>protectione</span> <span class='ocrx_word' id='word_1_118' title='bbox 2249 704 2318 732; x_wconf 89' lang='lat' dir='ltr'>tam</span> 
     </span>
     <span class='ocr_line' id='line_1_10' title="bbox 232 747 2318 794; baseline 0.004 -18"><span class='ocrx_word' id='word_1_119' title='bbox 232 747 389 785; x_wconf 86' lang='lat' dir='ltr'>gentibus</span> <span class='ocrx_word' id='word_1_120' title='bbox 410 748 441 777; x_wconf 85' lang='lat' dir='ltr'>in</span> <span class='ocrx_word' id='word_1_121' title='bbox 461 749 522 783; x_wconf 80' lang='lat' dir='ltr'>eis,</span> <span class='ocrx_word' id='word_1_122' title='bbox 547 748 743 786; x_wconf 81' lang='lat' dir='ltr'>capellanis,</span> <span class='ocrx_word' id='word_1_123' title='bbox 765 750 938 778; x_wconf 82' lang='lat' dir='ltr'>conversis</span> <span class='ocrx_word' id='word_1_124' title='bbox 959 750 991 779; x_wconf 84' lang='lat' dir='ltr'>et</span> <span class='ocrx_word' id='word_1_125' title='bbox 1013 749 1154 785; x_wconf 82' lang='lat' dir='ltr'>familie,</span> <span class='ocrx_word' id='word_1_126' title='bbox 1174 751 1243 779; x_wconf 88' lang='lat' dir='ltr'>tam</span> <span class='ocrx_word' id='word_1_127' title='bbox 1275 764 1276 793; x_wconf 43' lang='lat' dir='ltr'>i</span> <span class='ocrx_word' id='word_1_128' title='bbox 1305 750 1454 787; x_wconf 81' lang='lat' dir='ltr'>predicta</span> <span class='ocrx_word' id='word_1_129' title='bbox 1481 760 1580 789; x_wconf 74' lang='lat' dir='ltr'>quam</span> <span class='ocrx_word' id='word_1_130' title='bbox 1604 754 1712 782; x_wconf 84' lang='lat' dir='ltr'>cetere</span> <span class='ocrx_word' id='word_1_131' title='bbox 1738 753 1831 783; x_wconf 88' lang='lat' dir='ltr'>orbis</span> <span class='ocrx_word' id='word_1_132' title='bbox 1859 754 2011 790; x_wconf 72' lang='lat' dir='ltr'>ecclesie,</span> <span class='ocrx_word' id='word_1_133' title='bbox 2040 755 2183 784; x_wconf 80' lang='lat' dir='ltr'>Domino</span> <span class='ocrx_word' id='word_1_134' title='bbox 2206 755 2318 794; x_wconf 89' lang='lat' dir='ltr'>dispo-</span> 
     </span>
     <span class='ocr_line' id='line_1_11' title="bbox 232 801 2316 845; baseline 0.005 -16"><span class='ocrx_word' id='word_1_135' title='bbox 232 808 336 838; x_wconf 85' lang='lat' dir='ltr'>perse</span> <span class='ocrx_word' id='word_1_136' title='bbox 354 809 453 838; x_wconf 79' lang='lat' dir='ltr'>quam</span> <span class='ocrx_word' id='word_1_137' title='bbox 471 809 530 838; x_wconf 86' lang='lat' dir='ltr'>per</span> <span class='ocrx_word' id='word_1_138' title='bbox 550 801 640 830; x_wconf 87' lang='lat' dir='ltr'>viros</span> <span class='ocrx_word' id='word_1_139' title='bbox 654 801 814 839; x_wconf 73' lang='lat' dir='ltr'>ydoneos,</span> <span class='ocrx_word' id='word_1_140' title='bbox 833 801 965 839; x_wconf 81' lang='lat' dir='ltr'>quoties</span> <span class='ocrx_word' id='word_1_141' title='bbox 983 801 1143 839; x_wconf 80' lang='lat' dir='ltr'>expedire</span> <span class='ocrx_word' id='word_1_142' title='bbox 1153 802 1243 832; x_wconf 87' lang='lat' dir='ltr'>vide·</span> <span class='ocrx_word' id='word_1_143' title='bbox 1274 802 1275 844; x_wconf 57' lang='lat' dir='ltr'>l</span> <span class='ocrx_word' id='word_1_144' title='bbox 1306 804 1416 838; x_wconf 83' lang='lat' dir='ltr'>nente,</span> <span class='ocrx_word' id='word_1_145' title='bbox 1438 804 1639 840; x_wconf 78' lang='lat' dir='ltr'>consistunt,</span> <span class='ocrx_word' id='word_1_146' title='bbox 1661 804 1701 834; x_wconf 79' lang='lat' dir='ltr'>ab</span> <span class='ocrx_word' id='word_1_147' title='bbox 1720 806 2000 844; x_wconf 67' lang='lat' dir='ltr'>oppressionibus</span> <span class='ocrx_word' id='word_1_148' title='bbox 2023 807 2174 845; x_wconf 76' lang='lat' dir='ltr'>ejusdem</span> <span class='ocrx_word' id='word_1_149' title='bbox 2201 808 2316 839; x_wconf 87' lang='lat' dir='ltr'>Came-</span> 
     </span>
     <span class='ocr_line' id='line_1_12' title="bbox 234 852 2317 906; baseline 0.004 -24"><span class='ocrx_word' id='word_1_150' title='bbox 234 853 311 887; x_wconf 76' lang='lat' dir='ltr'>rint,</span> <span class='ocrx_word' id='word_1_151' title='bbox 330 852 538 883; x_wconf 75' lang='lat' dir='ltr'>visitationis</span> <span class='ocrx_word' id='word_1_152' title='bbox 559 853 707 883; x_wconf 82' lang='lat' dir='ltr'>officium</span> <span class='ocrx_word' id='word_1_153' title='bbox 733 854 929 892; x_wconf 82' lang='lat' dir='ltr'>impendere</span> <span class='ocrx_word' id='word_1_154' title='bbox 954 854 1122 889; x_wconf 84' lang='lat' dir='ltr'>studeant,</span> <span class='ocrx_word' id='word_1_155' title='bbox 1144 855 1243 884; x_wconf 77' lang='lat' dir='ltr'>oorri·</span> <span class='ocrx_word' id='word_1_156' title='bbox 1274 858 1275 906; x_wconf 46' lang='lat' dir='ltr'>l</span> <span class='ocrx_word' id='word_1_157' title='bbox 1305 856 1456 884; x_wconf 77' lang='lat' dir='ltr'>racensis</span> <span class='ocrx_word' id='word_1_158' title='bbox 1483 857 1624 887; x_wconf 72' lang='lat' dir='ltr'>ecclesie</span> <span class='ocrx_word' id='word_1_159' title='bbox 1661 858 1854 895; x_wconf 69' lang='lat' dir='ltr'>resipiscas-</span> <span class='ocrx_word' id='word_1_160' title='bbox 1888 859 2038 889; x_wconf 84' lang='lat' dir='ltr'>animuin</span> <span class='ocrx_word' id='word_1_161' title='bbox 2076 860 2317 891; x_wconf 75' lang='lat' dir='ltr'>nichilominus</span> 
     </span>
     <span class='ocr_line' id='line_1_13' title="bbox 230 906 2315 948; baseline 0.004 -13"><span class='ocrx_word' id='word_1_162' title='bbox 230 906 336 944; x_wconf 87' lang='lat' dir='ltr'>gendo</span> <span class='ocrx_word' id='word_1_163' title='bbox 360 908 391 936; x_wconf 88' lang='lat' dir='ltr'>et</span> <span class='ocrx_word' id='word_1_164' title='bbox 414 906 628 936; x_wconf 81' lang='lat' dir='ltr'>reformando</span> <span class='ocrx_word' id='word_1_165' title='bbox 652 906 789 942; x_wconf 83' lang='lat' dir='ltr'>ibidem,</span> <span class='ocrx_word' id='word_1_166' title='bbox 808 909 876 936; x_wconf 86' lang='lat' dir='ltr'>tam</span> <span class='ocrx_word' id='word_1_167' title='bbox 901 907 934 936; x_wconf 91' lang='lat' dir='ltr'>in</span> <span class='ocrx_word' id='word_1_168' title='bbox 956 907 1064 945; x_wconf 84' lang='lat' dir='ltr'>capite</span> <span class='ocrx_word' id='word_1_169' title='bbox 1088 916 1188 945; x_wconf 83' lang='lat' dir='ltr'>quam</span> <span class='ocrx_word' id='word_1_170' title='bbox 1209 908 1242 936; x_wconf 93' lang='lat' dir='ltr'>in</span> <span class='ocrx_word' id='word_1_171' title='bbox 1306 907 1529 939; x_wconf 78' lang='lat' dir='ltr'>inclinaturus</span> <span class='ocrx_word' id='word_1_172' title='bbox 1545 910 1586 939; x_wconf 83' lang='lat' dir='ltr'>ad</span> <span class='ocrx_word' id='word_1_173' title='bbox 1600 919 1727 948; x_wconf 78' lang='lat' dir='ltr'>pacem,</span> <span class='ocrx_word' id='word_1_174' title='bbox 1748 912 1781 940; x_wconf 87' lang='lat' dir='ltr'>ut</span> <span class='ocrx_word' id='word_1_175' title='bbox 1801 911 1888 941; x_wconf 84' lang='lat' dir='ltr'>inter</span> <span class='ocrx_word' id='word_1_176' title='bbox 1904 914 1934 941; x_wconf 77' lang='lat' dir='ltr'>tc</span> <span class='ocrx_word' id='word_1_177' title='bbox 1953 914 1983 941; x_wconf 75' lang='lat' dir='ltr'>et</span> <span class='ocrx_word' id='word_1_178' title='bbox 2003 913 2229 943; x_wconf 73' lang='lat' dir='ltr'>venerabilem</span> <span class='ocrx_word' id='word_1_179' title='bbox 2251 914 2315 943; x_wconf 84' lang='lat' dir='ltr'>t&#39;ra-</span> 
     </span>
     <span class='ocr_line' id='line_1_14' title="bbox 229 958 2318 1003; baseline 0.004 -16"><span class='ocrx_word' id='word_1_180' title='bbox 229 958 404 993; x_wconf 80' lang='lat' dir='ltr'>membris,</span> <span class='ocrx_word' id='word_1_181' title='bbox 440 968 503 997; x_wconf 83' lang='lat' dir='ltr'>que</span> <span class='ocrx_word' id='word_1_182' title='bbox 536 959 754 989; x_wconf 77' lang='lat' dir='ltr'>correctionis</span> <span class='ocrx_word' id='word_1_183' title='bbox 785 962 815 989; x_wconf 88' lang='lat' dir='ltr'>et</span> <span class='ocrx_word' id='word_1_184' title='bbox 847 960 1101 989; x_wconf 68' lang='lat' dir='ltr'>reformationis</span> <span class='ocrx_word' id='word_1_185' title='bbox 1131 960 1242 989; x_wconf 83' lang='lat' dir='ltr'>ot&#39;ticio</span> <span class='ocrx_word' id='word_1_186' title='bbox 1304 962 1389 990; x_wconf 89' lang='lat' dir='ltr'>trem</span> <span class='ocrx_word' id='word_1_187' title='bbox 1424 964 1616 997; x_wconf 80' lang='lat' dir='ltr'>nostrum..‚</span> <span class='ocrx_word' id='word_1_188' title='bbox 1651 964 1927 993; x_wconf 63' lang='lat' dir='ltr'>(janieiacensem</span> <span class='ocrx_word' id='word_1_189' title='bbox 1958 965 2166 1003; x_wconf 68' lang='lat' dir='ltr'>episcopum,</span> <span class='ocrx_word' id='word_1_190' title='bbox 2203 969 2318 996; x_wconf 82' lang='lat' dir='ltr'>contra</span> 
     </span>
     <span class='ocr_line' id='line_1_15' title="bbox 230 1012 2314 1056; baseline 0.004 -15"><span class='ocrx_word' id='word_1_191' title='bbox 230 1012 383 1042; x_wconf 82' lang='lat' dir='ltr'>noverint</span> <span class='ocrx_word' id='word_1_192' title='bbox 412 1012 574 1051; x_wconf 80' lang='lat' dir='ltr'>indigere.</span> <span class='ocrx_word' id='word_1_193' title='bbox 605 1013 789 1043; x_wconf 85' lang='lat' dir='ltr'>Instituant</span> <span class='ocrx_word' id='word_1_194' title='bbox 819 1013 1061 1043; x_wconf 76' lang='lat' dir='ltr'>nichilominus</span> <span class='ocrx_word' id='word_1_195' title='bbox 1084 1015 1115 1043; x_wconf 91' lang='lat' dir='ltr'>et</span> <span class='ocrx_word' id='word_1_196' title='bbox 1142 1013 1242 1043; x_wconf 76' lang='lat' dir='ltr'>desti·</span> <span class='ocrx_word' id='word_1_197' title='bbox 1304 1022 1403 1051; x_wconf 84' lang='lat' dir='ltr'>quem</span> <span class='ocrx_word' id='word_1_198' title='bbox 1430 1014 1577 1044; x_wconf 86' lang='lat' dir='ltr'>movisse</span> <span class='ocrx_word' id='word_1_199' title='bbox 1601 1024 1757 1053; x_wconf 78' lang='lat' dir='ltr'>guerram</span> <span class='ocrx_word' id='word_1_200' title='bbox 1781 1016 1914 1046; x_wconf 77' lang='lat' dir='ltr'>diceris.</span> <span class='ocrx_word' id='word_1_201' title='bbox 1933 1026 1992 1055; x_wconf 84' lang='lat' dir='ltr'>pro</span> <span class='ocrx_word' id='word_1_202' title='bbox 2010 1026 2047 1047; x_wconf 84' lang='lat' dir='ltr'>eo</span> <span class='ocrx_word' id='word_1_203' title='bbox 2065 1019 2154 1056; x_wconf 77' lang='lat' dir='ltr'>quod</span> <span class='ocrx_word' id='word_1_204' title='bbox 2173 1020 2314 1049; x_wconf 78' lang='lat' dir='ltr'>ecclesie</span> 
     </span>
     <span class='ocr_line' id='line_1_16' title="bbox 229 1065 2319 1110; baseline 0.004 -17"><span class='ocrx_word' id='word_1_205' title='bbox 229 1065 336 1099; x_wconf 79' lang='lat' dir='ltr'>tuant,</span> <span class='ocrx_word' id='word_1_206' title='bbox 350 1065 516 1099; x_wconf 82' lang='lat' dir='ltr'>ordinent,</span> <span class='ocrx_word' id='word_1_207' title='bbox 536 1066 684 1095; x_wconf 84' lang='lat' dir='ltr'>statuant</span> <span class='ocrx_word' id='word_1_208' title='bbox 697 1066 1041 1104; x_wconf 86' lang='lat' dir='ltr'>etdisponant,prout</span> <span class='ocrx_word' id='word_1_209' title='bbox 1057 1065 1242 1095; x_wconf 88' lang='lat' dir='ltr'>secundum</span> <span class='ocrx_word' id='word_1_210' title='bbox 1304 1068 1572 1105; x_wconf 85' lang='lat' dir='ltr'>memoratejura</span> <span class='ocrx_word' id='word_1_211' title='bbox 1583 1068 1743 1102; x_wconf 70' lang='lat' dir='ltr'>defendit,</span> <span class='ocrx_word' id='word_1_212' title='bbox 1755 1069 1933 1098; x_wconf 86' lang='lat' dir='ltr'>concordia</span> <span class='ocrx_word' id='word_1_213' title='bbox 1943 1070 2157 1105; x_wconf 71' lang='lat' dir='ltr'>reformetur,</span> <span class='ocrx_word' id='word_1_214' title='bbox 2175 1072 2319 1110; x_wconf 85' lang='lat' dir='ltr'>itaquod</span> 
     </span>
     <span class='ocr_line' id='line_1_17' title="bbox 229 1117 2318 1163; baseline 0.003 -16"><span class='ocrx_word' id='word_1_215' title='bbox 229 1117 337 1148; x_wconf 90' lang='lat' dir='ltr'>Deum</span> <span class='ocrx_word' id='word_1_216' title='bbox 356 1117 501 1148; x_wconf 84' lang='lat' dir='ltr'>viderint</span> <span class='ocrx_word' id='word_1_217' title='bbox 519 1119 691 1156; x_wconf 80' lang='lat' dir='ltr'>expedire.</span> <span class='ocrx_word' id='word_1_218' title='bbox 1273 1151 1274 1163; x_wconf 16' lang='grc' dir='ltr'>ἵ</span> <span class='ocrx_word' id='word_1_219' title='bbox 1304 1127 1362 1157; x_wconf 91' lang='lat' dir='ltr'>per</span> <span class='ocrx_word' id='word_1_220' title='bbox 1384 1122 1414 1148; x_wconf 86' lang='lat' dir='ltr'>te</span> <span class='ocrx_word' id='word_1_221' title='bbox 1442 1128 1508 1149; x_wconf 93' lang='lat' dir='ltr'>non</span> <span class='ocrx_word' id='word_1_222' title='bbox 1541 1120 1709 1150; x_wconf 80' lang='lat' dir='ltr'>afficiatur</span> <span class='ocrx_word' id='word_1_223' title='bbox 1736 1121 1879 1152; x_wconf 87' lang='lat' dir='ltr'>ecclesia</span> <span class='ocrx_word' id='word_1_224' title='bbox 1901 1122 2032 1160; x_wconf 76' lang='lat' dir='ltr'>prefata</span> <span class='ocrx_word' id='word_1_225' title='bbox 2057 1123 2245 1161; x_wconf 84' lang='lat' dir='ltr'>dispendiis</span> <span class='ocrx_word' id='word_1_226' title='bbox 2258 1133 2318 1154; x_wconf 89' lang='lat' dir='ltr'>nec</span> 
     </span>
    </p>

    <p class='ocr_par' dir='ltr' id='par_1_3' title="bbox 229 1171 2320 1527">
     <span class='ocr_line' id='line_1_18' title="bbox 270 1171 2319 1215; baseline 0.003 -15"><span class='ocrx_word' id='word_1_227' title='bbox 270 1180 284 1199; x_wconf 86' lang='lat'>«</span> <span class='ocrx_word' id='word_1_228' title='bbox 298 1171 342 1201; x_wconf 88' lang='lat' dir='ltr'>Ut</span> <span class='ocrx_word' id='word_1_229' title='bbox 358 1172 469 1201; x_wconf 91' lang='lat' dir='ltr'>autem</span> <span class='ocrx_word' id='word_1_230' title='bbox 482 1180 542 1201; x_wconf 90' lang='lat' dir='ltr'>vos</span> <span class='ocrx_word' id='word_1_231' title='bbox 560 1172 594 1201; x_wconf 91' lang='lat' dir='ltr'>in</span> <span class='ocrx_word' id='word_1_232' title='bbox 608 1172 668 1202; x_wconf 86' lang='lat' dir='ltr'>hac</span> <span class='ocrx_word' id='word_1_233' title='bbox 686 1172 802 1211; x_wconf 83' lang='lat' dir='ltr'>regula</span> <span class='ocrx_word' id='word_1_234' title='bbox 817 1173 889 1202; x_wconf 82' lang='lat' dir='ltr'>sive</span> <span class='ocrx_word' id='word_1_235' title='bbox 906 1172 1051 1202; x_wconf 84' lang='lat' dir='ltr'>formula</span> <span class='ocrx_word' id='word_1_236' title='bbox 1067 1174 1242 1211; x_wconf 79' lang='lat' dir='ltr'>tamquam</span> <span class='ocrx_word' id='word_1_237' title='bbox 1273 1184 1274 1214; x_wconf 48' lang='lat' dir='ltr'>i</span> <span class='ocrx_word' id='word_1_238' title='bbox 1304 1174 1455 1210; x_wconf 81' lang='lat' dir='ltr'>oporteat</span> <span class='ocrx_word' id='word_1_239' title='bbox 1484 1181 1585 1211; x_wconf 81' lang='lat' dir='ltr'>super</span> <span class='ocrx_word' id='word_1_240' title='bbox 1610 1173 1677 1203; x_wconf 89' lang='lat' dir='ltr'>hiis</span> <span class='ocrx_word' id='word_1_241' title='bbox 1705 1173 1795 1203; x_wconf 89' lang='lat' dir='ltr'>aliud</span> <span class='ocrx_word' id='word_1_242' title='bbox 1828 1175 2015 1204; x_wconf 90' lang='lat' dir='ltr'>remedium</span> <span class='ocrx_word' id='word_1_243' title='bbox 2046 1176 2209 1212; x_wconf 76' lang='lat' dir='ltr'>adhiberi,</span> <span class='ocrx_word' id='word_1_244' title='bbox 2239 1177 2319 1215; x_wconf 87' lang='lat' dir='ltr'>quia</span> 
     </span>
     <span class='ocr_line' id='line_1_19' title="bbox 229 1223 2319 1268; baseline 0.003 -16"><span class='ocrx_word' id='word_1_245' title='bbox 229 1223 264 1252; x_wconf 92' lang='lat' dir='ltr'>in</span> <span class='ocrx_word' id='word_1_246' title='bbox 289 1223 426 1261; x_wconf 89' lang='lat' dir='ltr'>speculo</span> <span class='ocrx_word' id='word_1_247' title='bbox 446 1224 587 1262; x_wconf 85' lang='lat' dir='ltr'>possitis</span> <span class='ocrx_word' id='word_1_248' title='bbox 613 1224 780 1263; x_wconf 82' lang='lat' dir='ltr'>inspicere</span> <span class='ocrx_word' id='word_1_249' title='bbox 800 1233 859 1255; x_wconf 89' lang='lat' dir='ltr'>nec</span> <span class='ocrx_word' id='word_1_250' title='bbox 878 1233 938 1263; x_wconf 86' lang='lat' dir='ltr'>per</span> <span class='ocrx_word' id='word_1_251' title='bbox 961 1225 1165 1255; x_wconf 86' lang='lat' dir='ltr'>oblivionem</span> <span class='ocrx_word' id='word_1_252' title='bbox 1186 1225 1244 1255; x_wconf 87' lang='lat' dir='ltr'>ali·</span> <span class='ocrx_word' id='word_1_253' title='bbox 1304 1225 1451 1255; x_wconf 83' lang='lat' dir='ltr'>finaliter</span> <span class='ocrx_word' id='word_1_254' title='bbox 1476 1226 1585 1256; x_wconf 87' lang='lat' dir='ltr'>eidem</span> <span class='ocrx_word' id='word_1_255' title='bbox 1616 1227 1757 1257; x_wconf 75' lang='lat' dir='ltr'>ecclesie</span> <span class='ocrx_word' id='word_1_256' title='bbox 1786 1227 1905 1258; x_wconf 80' lang='lat' dir='ltr'>deesse</span> <span class='ocrx_word' id='word_1_257' title='bbox 1932 1228 2161 1267; x_wconf 79' lang='lat' dir='ltr'>nequibimus,</span> <span class='ocrx_word' id='word_1_258' title='bbox 2184 1230 2266 1268; x_wconf 83' lang='lat' dir='ltr'>quin</span> <span class='ocrx_word' id='word_1_259' title='bbox 2284 1230 2319 1259; x_wconf 90' lang='lat' dir='ltr'>in</span> 
     </span>
     <span class='ocr_line' id='line_1_20' title="bbox 229 1276 2320 1321; baseline 0.003 -16"><span class='ocrx_word' id='word_1_260' title='bbox 229 1276 311 1314; x_wconf 87' lang='lat' dir='ltr'>quid</span> <span class='ocrx_word' id='word_1_261' title='bbox 331 1276 522 1315; x_wconf 80' lang='lat' dir='ltr'>negligatis.</span> <span class='ocrx_word' id='word_1_262' title='bbox 542 1278 647 1308; x_wconf 82' lang='lat' dir='ltr'>semel</span> <span class='ocrx_word' id='word_1_263' title='bbox 668 1278 765 1308; x_wconf 87' lang='lat' dir='ltr'>vobis</span> <span class='ocrx_word' id='word_1_264' title='bbox 784 1278 818 1308; x_wconf 91' lang='lat' dir='ltr'>in</span> <span class='ocrx_word' id='word_1_265' title='bbox 836 1277 987 1317; x_wconf 85' lang='lat' dir='ltr'>qualibet</span> <span class='ocrx_word' id='word_1_266' title='bbox 1008 1278 1178 1317; x_wconf 80' lang='lat' dir='ltr'>quindena</span> <span class='ocrx_word' id='word_1_267' title='bbox 1197 1278 1242 1308; x_wconf 93' lang='lat' dir='ltr'>le·</span> <span class='ocrx_word' id='word_1_268' title='bbox 1273 1281 1274 1289; x_wconf 67' lang='lat'>¹</span> <span class='ocrx_word' id='word_1_269' title='bbox 1304 1279 1376 1307; x_wconf 88' lang='lat' dir='ltr'>suis</span> <span class='ocrx_word' id='word_1_270' title='bbox 1390 1279 1650 1309; x_wconf 82' lang='lat' dir='ltr'>manutenendis</span> <span class='ocrx_word' id='word_1_271' title='bbox 1664 1279 1799 1318; x_wconf 87' lang='lat' dir='ltr'>juribus</span> <span class='ocrx_word' id='word_1_272' title='bbox 1809 1282 1840 1310; x_wconf 92' lang='lat' dir='ltr'>et</span> <span class='ocrx_word' id='word_1_273' title='bbox 1857 1281 1959 1310; x_wconf 85' lang='lat' dir='ltr'>etiam</span> <span class='ocrx_word' id='word_1_274' title='bbox 1974 1281 2206 1318; x_wconf 79' lang='lat' dir='ltr'>defendendis,</span> <span class='ocrx_word' id='word_1_275' title='bbox 2225 1291 2320 1321; x_wconf 91' lang='lat' dir='ltr'>opor—</span> 
     </span>
     <span class='ocr_line' id='line_1_21' title="bbox 229 1329 2317 1372; baseline 0.003 -13"><span class='ocrx_word' id='word_1_276' title='bbox 229 1331 337 1368; x_wconf 80' lang='lat' dir='ltr'>gatur,</span> <span class='ocrx_word' id='word_1_277' title='bbox 370 1331 401 1360; x_wconf 87' lang='lat' dir='ltr'>et</span> <span class='ocrx_word' id='word_1_278' title='bbox 423 1329 480 1360; x_wconf 89' lang='lat' dir='ltr'>ubi</span> <span class='ocrx_word' id='word_1_279' title='bbox 510 1340 569 1361; x_wconf 82' lang='lat' dir='ltr'>vos</span> <span class='ocrx_word' id='word_1_280' title='bbox 604 1331 803 1362; x_wconf 86' lang='lat' dir='ltr'>inveneritis</span> <span class='ocrx_word' id='word_1_281' title='bbox 828 1340 878 1366; x_wconf 77' lang='lat' dir='ltr'>ea,</span> <span class='ocrx_word' id='word_1_282' title='bbox 909 1340 973 1370; x_wconf 89' lang='lat' dir='ltr'>que</span> <span class='ocrx_word' id='word_1_283' title='bbox 1000 1332 1127 1370; x_wconf 84' lang='lat' dir='ltr'>scripta</span> <span class='ocrx_word' id='word_1_284' title='bbox 1151 1333 1240 1368; x_wconf 89' lang='lat' dir='ltr'>sunt,</span> <span class='ocrx_word' id='word_1_285' title='bbox 1273 1333 1274 1344; x_wconf 67' lang='lat'>¹</span> <span class='ocrx_word' id='word_1_286' title='bbox 1303 1333 1422 1361; x_wconf 89' lang='lat' dir='ltr'>tunum</span> <span class='ocrx_word' id='word_1_287' title='bbox 1438 1331 1504 1362; x_wconf 85' lang='lat' dir='ltr'>sibi</span> <span class='ocrx_word' id='word_1_288' title='bbox 1522 1332 1672 1363; x_wconf 82' lang='lat' dir='ltr'>favorem</span> <span class='ocrx_word' id='word_1_289' title='bbox 1691 1335 1722 1363; x_wconf 89' lang='lat' dir='ltr'>et</span> <span class='ocrx_word' id='word_1_290' title='bbox 1740 1333 1905 1363; x_wconf 77' lang='lat' dir='ltr'>auxilium</span> <span class='ocrx_word' id='word_1_291' title='bbox 1925 1334 2173 1372; x_wconf 83' lang='lat' dir='ltr'>impendamus.</span> <span class='ocrx_word' id='word_1_292' title='bbox 2192 1336 2317 1365; x_wconf 88' lang='lat' dir='ltr'>Datum</span> 
     </span>
     <span class='ocr_line' id='line_1_22' title="bbox 229 1381 2319 1428; baseline 0.002 -17"><span class='ocrx_word' id='word_1_293' title='bbox 229 1381 348 1417; x_wconf 81' lang='lat' dir='ltr'>facere,</span> <span class='ocrx_word' id='word_1_294' title='bbox 370 1383 457 1421; x_wconf 84' lang='lat' dir='ltr'>agite</span> <span class='ocrx_word' id='word_1_295' title='bbox 474 1383 602 1421; x_wconf 81' lang='lat' dir='ltr'>gratias</span> <span class='ocrx_word' id='word_1_296' title='bbox 618 1385 700 1420; x_wconf 82' lang='lat' dir='ltr'>Deo,</span> <span class='ocrx_word' id='word_1_297' title='bbox 719 1384 885 1414; x_wconf 86' lang='lat' dir='ltr'>bonorum</span> <span class='ocrx_word' id='word_1_298' title='bbox 907 1384 1057 1414; x_wconf 89' lang='lat' dir='ltr'>omnium</span> <span class='ocrx_word' id='word_1_299' title='bbox 1075 1384 1240 1423; x_wconf 88' lang='lat' dir='ltr'>largitori.</span> <span class='ocrx_word' id='word_1_300' title='bbox 1273 1423 1274 1428; x_wconf 17' lang='grc'>1</span> <span class='ocrx_word' id='word_1_301' title='bbox 1304 1385 1392 1423; x_wconf 88' lang='lat' dir='ltr'>apud</span> <span class='ocrx_word' id='word_1_302' title='bbox 1411 1384 1700 1420; x_wconf 80' lang='lat' dir='ltr'>Urbemveterem,</span> <span class='ocrx_word' id='word_1_303' title='bbox 1718 1396 1738 1415; x_wconf 87' lang='lat'>11</span> <span class='ocrx_word' id='word_1_304' title='bbox 1759 1386 1834 1416; x_wconf 89' lang='lat' dir='ltr'>idus</span> <span class='ocrx_word' id='word_1_305' title='bbox 1854 1387 2060 1423; x_wconf 77' lang='lat' dir='ltr'>novembris,</span> <span class='ocrx_word' id='word_1_306' title='bbox 2075 1397 2161 1418; x_wconf 87' lang='lat' dir='ltr'>anno</span> <span class='ocrx_word' id='word_1_307' title='bbox 2178 1389 2319 1419; x_wconf 87' lang='lat' dir='ltr'>tertio.»</span> 
     </span>
     <span class='ocr_line' id='line_1_23' title="bbox 229 1427 1275 1476; baseline 0.001 -10"><span class='ocrx_word' id='word_1_308' title='bbox 229 1435 294 1466; x_wconf 85' lang='lat' dir='ltr'>Ubi</span> <span class='ocrx_word' id='word_1_309' title='bbox 305 1427 418 1465; x_wconf 78' lang='lat' dir='ltr'>autem</span> <span class='ocrx_word' id='word_1_310' title='bbox 429 1435 493 1465; x_wconf 89' lang='lat' dir='ltr'>sibi</span> <span class='ocrx_word' id='word_1_311' title='bbox 505 1445 703 1476; x_wconf 80' lang='lat' dir='ltr'>quecunque</span> <span class='ocrx_word' id='word_1_312' title='bbox 714 1438 837 1468; x_wconf 85' lang='lat' dir='ltr'>viderit</span> <span class='ocrx_word' id='word_1_313' title='bbox 848 1437 978 1476; x_wconf 87' lang='lat' dir='ltr'>aliquid</span> <span class='ocrx_word' id='word_1_314' title='bbox 988 1438 1117 1475; x_wconf 83' lang='lat' dir='ltr'>deesse,</span> <span class='ocrx_word' id='word_1_315' title='bbox 1132 1438 1243 1468; x_wconf 85' lang='lat' dir='ltr'>doleat</span> <span class='ocrx_word' id='word_1_316' title='bbox 1273 1429 1275 1451; x_wconf 61' lang='lat'><em>³</em></span> 
     </span>
     <span class='ocr_line' id='line_1_24' title="bbox 229 1487 1243 1527; baseline 0.003 -10"><span class='ocrx_word' id='word_1_317' title='bbox 229 1487 268 1517; x_wconf 91' lang='lat' dir='ltr'>de</span> <span class='ocrx_word' id='word_1_318' title='bbox 287 1489 447 1526; x_wconf 88' lang='lat' dir='ltr'>preterito</span> <span class='ocrx_word' id='word_1_319' title='bbox 466 1491 497 1519; x_wconf 90' lang='lat' dir='ltr'>et</span> <span class='ocrx_word' id='word_1_320' title='bbox 524 1492 640 1520; x_wconf 82' lang='lat' dir='ltr'>caveat</span> <span class='ocrx_word' id='word_1_321' title='bbox 658 1490 698 1520; x_wconf 89' lang='lat' dir='ltr'>de</span> <span class='ocrx_word' id='word_1_322' title='bbox 719 1490 843 1527; x_wconf 87' lang='lat' dir='ltr'>futuro,</span> <span class='ocrx_word' id='word_1_323' title='bbox 863 1499 965 1521; x_wconf 87' lang='lat' dir='ltr'>orans</span> <span class='ocrx_word' id='word_1_324' title='bbox 980 1492 1017 1521; x_wconf 90' lang='lat' dir='ltr'>ut</span> <span class='ocrx_word' id='word_1_325' title='bbox 1043 1491 1072 1521; x_wconf 89' lang='lat' dir='ltr'>ei</span> <span class='ocrx_word' id='word_1_326' title='bbox 1090 1490 1243 1521; x_wconf 89' lang='lat' dir='ltr'>debitum</span> 
     </span>
    </p>
   </div>
   <div class='ocr_carea' id='block_1_3' title="bbox 228 1541 2246 1624">
    <p class='ocr_par' dir='ltr' id='par_1_4' title="bbox 228 1541 2246 1629">
     <span class='ocr_line' id='line_1_25' title="bbox 228 1541 1274 1582; baseline 0.004 -12"><span class='ocrx_word' id='word_1_327' title='bbox 228 1541 431 1577; x_wconf 83' lang='lat' dir='ltr'>dimittatur,</span> <span class='ocrx_word' id='word_1_328' title='bbox 461 1544 492 1572; x_wconf 90' lang='lat' dir='ltr'>et</span> <span class='ocrx_word' id='word_1_329' title='bbox 529 1543 562 1572; x_wconf 92' lang='lat' dir='ltr'>in</span> <span class='ocrx_word' id='word_1_330' title='bbox 594 1544 852 1582; x_wconf 85' lang='lat' dir='ltr'>temptationem</span> <span class='ocrx_word' id='word_1_331' title='bbox 885 1553 925 1574; x_wconf 88' lang='lat' dir='ltr'>ne</span> <span class='ocrx_word' id='word_1_332' title='bbox 958 1544 1117 1582; x_wconf 85' lang='lat' dir='ltr'>deinceps</span> <span class='ocrx_word' id='word_1_333' title='bbox 1149 1544 1244 1574; x_wconf 90' lang='lat' dir='ltr'>indu-</span> <span class='ocrx_word' id='word_1_334' title='bbox 1273 1552 1274 1573; x_wconf 68' lang='lat' dir='ltr'>i</span> 
     </span>
     <span class='ocr_line' id='line_1_26' title="bbox 229 1580 2246 1624; baseline 0.003 -14"><span class='ocrx_word' id='word_1_335' title='bbox 229 1597 336 1624; x_wconf 43' lang='lat' dir='ltr'>catur-</span> <span class='ocrx_word' id='word_1_336' title='bbox 361 1605 376 1623; x_wconf 53' lang='lat' dir='ltr'>D</span> <span class='ocrx_word' id='word_1_337' title='bbox 1273 1580 1275 1608; x_wconf 65' lang='lat' dir='ltr'>l</span> <span class='ocrx_word' id='word_1_338' title='bbox 1395 1588 1463 1619; x_wconf 74' lang='grc'>451</span> <span class='ocrx_word' id='word_1_339' title='bbox 1807 1588 1931 1615; x_wconf 88' lang='lat' dir='ltr'>Orvieto.</span> <span class='ocrx_word' id='word_1_340' title='bbox 1951 1589 1981 1615; x_wconf 82' lang='lat'>17</span> <span class='ocrx_word' id='word_1_341' title='bbox 1998 1590 2151 1616; x_wconf 82' lang='lat' dir='ltr'>novembre</span> <span class='ocrx_word' id='word_1_342' title='bbox 2168 1591 2246 1617; x_wconf 73' lang='lat'>1263.</span> 
     </span>
    </p>
   </div>
   <div class='ocr_carea' id='block_1_4' title="bbox 1276 450 1278 511">
    <p class='ocr_par' dir='ltr' id='par_1_5' title="bbox 1276 450 1278 511">
     <span class='ocr_line' id='line_1_27' title="bbox 1276 450 1278 511; baseline 0 2778"><span class='ocrx_word' id='word_1_343' title='bbox 1276 450 1278 511; x_wconf 95' lang='lat' dir='ltr'> </span> 
     </span>
    </p>
   </div>
   <div class='ocr_carea' id='block_1_5' title="bbox 1273 1453 1275 1547">
    <p class='ocr_par' dir='ltr' id='par_1_6' title="bbox 1273 1453 1275 1547">
     <span class='ocr_line' id='line_1_28' title="bbox 1273 1453 1275 1547; baseline 0 0"><span class='ocrx_word' id='word_1_344' title='bbox 1273 1453 1275 1547; x_wconf 95' lang='lat' dir='ltr'> </span> 
     </span>
    </p>
   </div>
   <div class='ocr_carea' id='block_1_6' title="bbox 228 1648 1274 1791">
    <p class='ocr_par' dir='ltr' id='par_1_7' title="bbox 228 1648 1274 1791">
     <span class='ocr_line' id='line_1_29' title="bbox 270 1648 1243 1687; baseline 0.003 -10"><span class='ocrx_word' id='word_1_345' title='bbox 270 1648 364 1677; x_wconf 87' lang='lat' dir='ltr'>Nulli</span> <span class='ocrx_word' id='word_1_346' title='bbox 393 1657 471 1687; x_wconf 85' lang='lat' dir='ltr'>ergo</span> <span class='ocrx_word' id='word_1_347' title='bbox 494 1652 609 1679; x_wconf 88' lang='lat' dir='ltr'>nostre</span> <span class='ocrx_word' id='word_1_348' title='bbox 631 1650 898 1686; x_wconf 83' lang='lat' dir='ltr'>constitutionis,</span> <span class='ocrx_word' id='word_1_349' title='bbox 921 1651 1190 1681; x_wconf 79' lang='lat' dir='ltr'>confirmationis</span> <span class='ocrx_word' id='word_1_350' title='bbox 1211 1652 1243 1680; x_wconf 90' lang='lat' dir='ltr'>et</span> 
     </span>
     <span class='ocr_line' id='line_1_30' title="bbox 229 1700 1274 1742; baseline 0.005 -12"><span class='ocrx_word' id='word_1_351' title='bbox 229 1700 455 1731; x_wconf 86' lang='lat' dir='ltr'>absolutionis</span> <span class='ocrx_word' id='word_1_352' title='bbox 480 1702 665 1741; x_wconf 80' lang='lat' dir='ltr'>infringere</span> <span class='ocrx_word' id='word_1_353' title='bbox 685 1706 746 1734; x_wconf 89' lang='lat' dir='ltr'>etc.</span> <span class='ocrx_word' id='word_1_354' title='bbox 767 1704 892 1733; x_wconf 88' lang='lat' dir='ltr'>Datum</span> <span class='ocrx_word' id='word_1_355' title='bbox 913 1704 1003 1742; x_wconf 90' lang='lat' dir='ltr'>apud</span> <span class='ocrx_word' id='word_1_356' title='bbox 1027 1704 1243 1734; x_wconf 80' lang='lat' dir='ltr'>Urbemvete-</span> <span class='ocrx_word' id='word_1_357' title='bbox 1273 1707 1274 1735; x_wconf 71' lang='lat' dir='ltr'>i</span> 
     </span>
     <span class='ocr_line' id='line_1_31' title="bbox 228 1755 1018 1791; baseline 0.004 -8"><span class='ocrx_word' id='word_1_358' title='bbox 228 1762 312 1788; x_wconf 90' lang='lat' dir='ltr'>rem,</span> <span class='ocrx_word' id='word_1_359' title='bbox 332 1763 377 1783; x_wconf 85' lang='lat' dir='ltr'>xv</span> <span class='ocrx_word' id='word_1_360' title='bbox 393 1755 556 1786; x_wconf 88' lang='lat' dir='ltr'>kalendas</span> <span class='ocrx_word' id='word_1_361' title='bbox 574 1756 780 1791; x_wconf 87' lang='lat' dir='ltr'>novembris,</span> <span class='ocrx_word' id='word_1_362' title='bbox 803 1765 890 1786; x_wconf 91' lang='lat' dir='ltr'>anno</span> <span class='ocrx_word' id='word_1_363' title='bbox 906 1757 1018 1787; x_wconf 89' lang='lat' dir='ltr'>tertio.</span> 
     </span>
    </p>
   </div>
   <div class='ocr_carea' id='block_1_7' title="bbox 1303 1671 2318 1850">
    <p class='ocr_par' dir='ltr' id='par_1_8' title="bbox 1303 1671 2318 1850">
     <span class='ocr_line' id='line_1_32' title="bbox 1341 1671 2317 1709; baseline 0.004 -12"><span class='ocrx_word' id='word_1_364' title='bbox 1341 1672 1460 1698; x_wconf 77' lang='lat' dir='ltr'>Matrem</span> <span class='ocrx_word' id='word_1_365' title='bbox 1480 1671 1588 1698; x_wconf 87' lang='lat' dir='ltr'>domini</span> <span class='ocrx_word' id='word_1_366' title='bbox 1607 1673 1641 1698; x_wconf 84' lang='lat' dir='ltr'>de</span> <span class='ocrx_word' id='word_1_367' title='bbox 1663 1672 1802 1699; x_wconf 75' lang='lat' dir='ltr'>tluchiaco</span> <span class='ocrx_word' id='word_1_368' title='bbox 1820 1673 1952 1699; x_wconf 81' lang='lat' dir='ltr'>hortatur</span> <span class='ocrx_word' id='word_1_369' title='bbox 1970 1676 1997 1700; x_wconf 88' lang='lat' dir='ltr'>ut</span> <span class='ocrx_word' id='word_1_370' title='bbox 2022 1675 2095 1708; x_wconf 83' lang='lat' dir='ltr'>apud</span> <span class='ocrx_word' id='word_1_371' title='bbox 2114 1674 2203 1701; x_wconf 85' lang='lat' dir='ltr'>tilium</span> <span class='ocrx_word' id='word_1_372' title='bbox 2222 1677 2317 1709; x_wconf 77' lang='lat' dir='ltr'>partes</span> 
     </span>
     <span class='ocr_line' id='line_1_33' title="bbox 1304 1720 2318 1757; baseline 0.004 -11"><span class='ocrx_word' id='word_1_373' title='bbox 1304 1728 1369 1746; x_wconf 85' lang='lat' dir='ltr'>suas</span> <span class='ocrx_word' id='word_1_374' title='bbox 1388 1720 1552 1754; x_wconf 81' lang='lat' dir='ltr'>interponat</span> <span class='ocrx_word' id='word_1_375' title='bbox 1569 1723 1597 1747; x_wconf 92' lang='lat' dir='ltr'>ut</span> <span class='ocrx_word' id='word_1_376' title='bbox 1616 1721 1691 1747; x_wconf 87' lang='lat' dir='ltr'>idem</span> <span class='ocrx_word' id='word_1_377' title='bbox 1705 1721 1840 1748; x_wconf 88' lang='lat' dir='ltr'>dominus</span> <span class='ocrx_word' id='word_1_378' title='bbox 1855 1731 1871 1748; x_wconf 81' lang='lat' dir='ltr'>a</span> <span class='ocrx_word' id='word_1_379' title='bbox 1885 1722 2027 1749; x_wconf 80' lang='lat' dir='ltr'>molestiis</span> <span class='ocrx_word' id='word_1_380' title='bbox 2043 1725 2068 1749; x_wconf 91' lang='lat' dir='ltr'>et</span> <span class='ocrx_word' id='word_1_381' title='bbox 2085 1723 2318 1757; x_wconf 77' lang='lat' dir='ltr'>oppressionibus</span> 
     </span>
     <span class='ocr_line' id='line_1_34' title="bbox 1303 1770 2317 1806; baseline 0.004 -11"><span class='ocrx_word' id='word_1_382' title='bbox 1303 1770 1441 1796; x_wconf 69' lang='lat' dir='ltr'>ecclcsiae</span> <span class='ocrx_word' id='word_1_383' title='bbox 1468 1771 1686 1797; x_wconf 70' lang='lat' dir='ltr'>Cameracensis</span> <span class='ocrx_word' id='word_1_384' title='bbox 1712 1770 1873 1805; x_wconf 76' lang='lat' dir='ltr'>resipiscat.</span> <span class='ocrx_word' id='word_1_385' title='bbox 1895 1772 1974 1806; x_wconf 69' lang='lat' dir='ltr'>(lim.</span> <span class='ocrx_word' id='word_1_386' title='bbox 1998 1772 2042 1803; x_wconf 67' lang='lat'>28,</span> <span class='ocrx_word' id='word_1_387' title='bbox 2061 1771 2108 1799; x_wconf 86' lang='lat' dir='ltr'>t&#39;ol.</span> <span class='ocrx_word' id='word_1_388' title='bbox 2128 1774 2169 1803; x_wconf 80' lang='lat'>17,</span> <span class='ocrx_word' id='word_1_389' title='bbox 2187 1780 2254 1799; x_wconf 84' lang='lat' dir='ltr'>ann.</span> <span class='ocrx_word' id='word_1_390' title='bbox 2272 1773 2317 1805; x_wconf 83' lang='lat'>111,</span> 
     </span>
     <span class='ocr_line' id='line_1_35' title="bbox 1304 1818 1407 1850; baseline 0.01 -6"><span class='ocrx_word' id='word_1_391' title='bbox 1304 1823 1336 1844; x_wconf 87' lang='lat' dir='ltr'>n⁰</span> <span class='ocrx_word' id='word_1_392' title='bbox 1351 1818 1407 1850; x_wconf 72' lang='lat'>54.)</span> 
     </span>
    </p>
   </div>
   <div class='ocr_carea' id='block_1_8' title="bbox 1273 1739 1274 1809">
    <p class='ocr_par' dir='ltr' id='par_1_9' title="bbox 1273 1739 1274 1809">
     <span class='ocr_line' id='line_1_36' title="bbox 1273 1739 1274 1809; baseline 0 0"><span class='ocrx_word' id='word_1_393' title='bbox 1273 1739 1274 1809; x_wconf 95' lang='lat' dir='ltr'> </span> 
     </span>
    </p>
   </div>
   <div class='ocr_carea' id='block_1_9' title="bbox 228 1873 2320 2958">
    <p class='ocr_par' dir='ltr' id='par_1_10' title="bbox 228 1873 2320 2171">
     <span class='ocr_line' id='line_1_37' title="bbox 782 1873 2320 1950; baseline 0.005 -14"><span class='ocrx_word' id='word_1_394' title='bbox 782 1946 786 1950; x_wconf 93' lang='lat'>.</span> <span class='ocrx_word' id='word_1_395' title='bbox 1273 1873 1275 1932; x_wconf 64' lang='lat' dir='ltr'>l</span> <span class='ocrx_word' id='word_1_396' title='bbox 1346 1922 1360 1935; x_wconf 73' lang='lat' dir='ltr'>a</span> <span class='ocrx_word' id='word_1_397' title='bbox 1378 1909 1481 1939; x_wconf 81' lang='lat' dir='ltr'>Nobili</span> <span class='ocrx_word' id='word_1_398' title='bbox 1504 1909 1665 1944; x_wconf 68' lang='lat' dir='ltr'>muliari..‚</span> <span class='ocrx_word' id='word_1_399' title='bbox 1694 1911 1785 1939; x_wconf 74' lang='lat' dir='ltr'>marri</span> <span class='ocrx_word' id='word_1_400' title='bbox 1806 1910 1916 1940; x_wconf 73' lang='lat' dir='ltr'>nobilis</span> <span class='ocrx_word' id='word_1_401' title='bbox 1939 1912 2036 1948; x_wconf 42' lang='lat' dir='ltr'>cirin,</span> <span class='ocrx_word' id='word_1_402' title='bbox 2063 1911 2179 1941; x_wconf 79' lang='lat' dir='ltr'>domini</span> <span class='ocrx_word' id='word_1_403' title='bbox 2203 1912 2239 1942; x_wconf 83' lang='lat' dir='ltr'>de</span> <span class='ocrx_word' id='word_1_404' title='bbox 2261 1913 2320 1943; x_wconf 82' lang='lat' dir='ltr'>Cu-</span> 
     </span>
     <span class='ocr_line' id='line_1_38' title="bbox 318 1945 2319 2004; baseline 0.002 -14"><span class='ocrx_word' id='word_1_405' title='bbox 318 1945 391 1977; x_wconf 70' lang='lat'>450</span> <span class='ocrx_word' id='word_1_406' title='bbox 722 1946 848 1979; x_wconf 53' lang='lat' dir='ltr'><em>ONW‘O’</em></span> <span class='ocrx_word' id='word_1_407' title='bbox 871 1947 901 1972; x_wconf 63' lang='lat'>¹²</span> <span class='ocrx_word' id='word_1_408' title='bbox 922 1946 1075 1972; x_wconf 56' lang='lat' dir='ltr'>novembre</span> <span class='ocrx_word' id='word_1_409' title='bbox 1094 1947 1171 1973; x_wconf 60' lang='lat'><strong>¹²⁰3·</strong></span> <span class='ocrx_word' id='word_1_410' title='bbox 1273 1964 1275 1995; x_wconf 65' lang='grc' dir='ltr'>Ῑι</span> <span class='ocrx_word' id='word_1_411' title='bbox 1305 1963 1421 1993; x_wconf 62' lang='lat' dir='ltr'>elciaco,</span> <span class='ocrx_word' id='word_1_412' title='bbox 1449 1963 1562 1993; x_wconf 85' lang='lat' dir='ltr'>Officii</span> <span class='ocrx_word' id='word_1_413' title='bbox 1589 1963 1693 1993; x_wconf 77' lang='lat' dir='ltr'>nostri</span> <span class='ocrx_word' id='word_1_414' title='bbox 1720 1963 1870 1994; x_wconf 87' lang='lat' dir='ltr'>debitum</span> <span class='ocrx_word' id='word_1_415' title='bbox 1895 1973 1956 1994; x_wconf 87' lang='lat' dir='ltr'>nos</span> <span class='ocrx_word' id='word_1_416' title='bbox 1987 1965 2114 1994; x_wconf 79' lang='lat' dir='ltr'>inducit</span> <span class='ocrx_word' id='word_1_417' title='bbox 2142 1973 2178 1995; x_wconf 83' lang='lat' dir='ltr'>ac</span> <span class='ocrx_word' id='word_1_418' title='bbox 2204 1974 2245 1995; x_wconf 83' lang='lat' dir='ltr'>ex</span> <span class='ocrx_word' id='word_1_419' title='bbox 2263 1975 2319 2004; x_wconf 86' lang='lat' dir='ltr'>pa-</span> 
     </span>
     <span class='ocr_line' id='line_1_39' title="bbox 264 2016 2317 2056; baseline 0.001 -2"><span class='ocrx_word' id='word_1_420' title='bbox 264 2028 417 2054; x_wconf 85' lang='lat' dir='ltr'>Dominum</span> <span class='ocrx_word' id='word_1_421' title='bbox 434 2029 468 2055; x_wconf 81' lang='lat' dir='ltr'>dc</span> <span class='ocrx_word' id='word_1_422' title='bbox 490 2029 630 2056; x_wconf 73' lang='lat' dir='ltr'>Cuchiaco</span> <span class='ocrx_word' id='word_1_423' title='bbox 646 2029 777 2056; x_wconf 86' lang='lat' dir='ltr'>hortatur</span> <span class='ocrx_word' id='word_1_424' title='bbox 793 2032 821 2056; x_wconf 89' lang='lat' dir='ltr'>ut</span> <span class='ocrx_word' id='word_1_425' title='bbox 836 2038 851 2055; x_wconf 90' lang='lat' dir='ltr'>a</span> <span class='ocrx_word' id='word_1_426' title='bbox 866 2028 1009 2056; x_wconf 86' lang='lat' dir='ltr'>molestiis</span> <span class='ocrx_word' id='word_1_427' title='bbox 1024 2028 1243 2056; x_wconf 81' lang='lat' dir='ltr'>Cameracensis</span> <span class='ocrx_word' id='word_1_428' title='bbox 1274 2053 1275 2056; x_wconf 75' lang='grc'>,</span> <span class='ocrx_word' id='word_1_429' title='bbox 1304 2017 1399 2047; x_wconf 59' lang='lat' dir='ltr'>terna</span> <span class='ocrx_word' id='word_1_430' title='bbox 1424 2016 1664 2052; x_wconf 55' lang='lat' dir='ltr'>lffilliVOlfflffias</span> <span class='ocrx_word' id='word_1_431' title='bbox 1698 2025 1763 2055; x_wconf 83' lang='lat' dir='ltr'>qua</span> <span class='ocrx_word' id='word_1_432' title='bbox 1784 2019 1813 2047; x_wconf 59' lang='lat' dir='ltr'>fe</span> <span class='ocrx_word' id='word_1_433' title='bbox 1834 2016 1874 2046; x_wconf 66' lang='lat' dir='ltr'>ab</span> <span class='ocrx_word' id='word_1_434' title='bbox 1894 2017 1974 2047; x_wconf 84' lang='lat' dir='ltr'>olim</span> <span class='ocrx_word' id='word_1_435' title='bbox 1991 2019 2162 2056; x_wconf 56' lang='lat' dir='ltr'>Pl&#39;OSG‘CUti</span> <span class='ocrx_word' id='word_1_436' title='bbox 2178 2018 2317 2054; x_wconf 79' lang='lat' dir='ltr'>fuimus,</span> 
     </span>
     <span class='ocr_line' id='line_1_40' title="bbox 228 2070 2317 2113; baseline -0 -10"><span class='ocrx_word' id='word_1_437' title='bbox 228 2076 366 2104; x_wconf 78' lang='lat' dir='ltr'>eeclesiae</span> <span class='ocrx_word' id='word_1_438' title='bbox 384 2077 544 2112; x_wconf 75' lang='lat' dir='ltr'>resipiscat.</span> <span class='ocrx_word' id='word_1_439' title='bbox 566 2079 643 2113; x_wconf 68' lang='lat' dir='ltr'>(fleo.</span> <span class='ocrx_word' id='word_1_440' title='bbox 659 2077 703 2109; x_wconf 68' lang='lat'>28,</span> <span class='ocrx_word' id='word_1_441' title='bbox 726 2077 978 2110; x_wconf 73' lang='lat' dir='ltr'>s01.17‚anu.111,</span> <span class='ocrx_word' id='word_1_442' title='bbox 997 2078 1098 2111; x_wconf 65' lang='grc'>11053.)</span> <span class='ocrx_word' id='word_1_443' title='bbox 1274 2081 1275 2111; x_wconf 61' lang='lat'>3</span> <span class='ocrx_word' id='word_1_444' title='bbox 1305 2070 1499 2108; x_wconf 84' lang='lat' dir='ltr'>specialiter</span> <span class='ocrx_word' id='word_1_445' title='bbox 1527 2070 1723 2106; x_wconf 71' lang='lat' dir='ltr'>invitamur,</span> <span class='ocrx_word' id='word_1_446' title='bbox 1749 2072 1796 2104; x_wconf 89' lang='lat' dir='ltr'>ut,</span> <span class='ocrx_word' id='word_1_447' title='bbox 1831 2071 1976 2101; x_wconf 86' lang='lat' dir='ltr'>salutem</span> <span class='ocrx_word' id='word_1_448' title='bbox 1999 2073 2092 2101; x_wconf 89' lang='lat' dir='ltr'>tuam</span> <span class='ocrx_word' id='word_1_449' title='bbox 2123 2074 2152 2102; x_wconf 90' lang='lat' dir='ltr'>et</span> <span class='ocrx_word' id='word_1_450' title='bbox 2183 2074 2317 2102; x_wconf 89' lang='lat' dir='ltr'>tuorum</span> 
     </span>
     <span class='ocr_line' id='line_1_41' title="bbox 1273 2123 2319 2171; baseline 0.003 -19"><span class='ocrx_word' id='word_1_451' title='bbox 1273 2129 1275 2171; x_wconf 46' lang='lat' dir='ltr'>i</span> <span class='ocrx_word' id='word_1_452' title='bbox 1304 2123 1416 2162; x_wconf 84' lang='lat' dir='ltr'>plenis</span> <span class='ocrx_word' id='word_1_453' title='bbox 1440 2123 1673 2153; x_wconf 85' lang='lat' dir='ltr'>desiderantes</span> <span class='ocrx_word' id='word_1_454' title='bbox 1693 2123 1881 2160; x_wconf 77' lang='lat' dir='ltr'>affectibus,</span> <span class='ocrx_word' id='word_1_455' title='bbox 1901 2124 1968 2154; x_wconf 88' lang='lat' dir='ltr'>hiis</span> <span class='ocrx_word' id='word_1_456' title='bbox 1989 2133 2053 2163; x_wconf 87' lang='lat' dir='ltr'>que</span> <span class='ocrx_word' id='word_1_457' title='bbox 2071 2124 2132 2154; x_wconf 91' lang='lat' dir='ltr'>tibi</span> <span class='ocrx_word' id='word_1_458' title='bbox 2153 2127 2183 2155; x_wconf 86' lang='lat' dir='ltr'>et</span> <span class='ocrx_word' id='word_1_459' title='bbox 2204 2125 2319 2156; x_wconf 90' lang='lat' dir='ltr'>domui</span> 
     </span>
    </p>

    <p class='ocr_par' dir='ltr' id='par_1_11' title="bbox 230 2175 2320 2958">
     <span class='ocr_line' id='line_1_42' title="bbox 269 2175 2320 2229; baseline 0.001 -24"><span class='ocrx_word' id='word_1_460' title='bbox 269 2188 283 2204; x_wconf 72' lang='grc' dir='ltr'>(ι</span> <span class='ocrx_word' id='word_1_461' title='bbox 300 2175 404 2206; x_wconf 77' lang='lat' dir='ltr'>Nobili</span> <span class='ocrx_word' id='word_1_462' title='bbox 419 2178 523 2212; x_wconf 81' lang='grc' dir='ltr'><em>υἱνο..,</em></span> <span class='ocrx_word' id='word_1_463' title='bbox 542 2177 664 2207; x_wconf 79' lang='lat' dir='ltr'>domino</span> <span class='ocrx_word' id='word_1_464' title='bbox 686 2177 721 2207; x_wconf 82' lang='lat' dir='ltr'>de</span> <span class='ocrx_word' id='word_1_465' title='bbox 739 2178 901 2208; x_wconf 73' lang='lat' dir='ltr'>Cuclzz&#39;uw.</span> <span class='ocrx_word' id='word_1_466' title='bbox 921 2179 1070 2213; x_wconf 80' lang='lat' dir='ltr'>Utinam,</span> <span class='ocrx_word' id='word_1_467' title='bbox 1089 2178 1148 2211; x_wconf 88' lang='lat' dir='ltr'>tili,</span> <span class='ocrx_word' id='word_1_468' title='bbox 1168 2186 1245 2216; x_wconf 91' lang='lat' dir='ltr'>pru·</span> <span class='ocrx_word' id='word_1_469' title='bbox 1274 2195 1275 2229; x_wconf 32' lang='grc'>1</span> <span class='ocrx_word' id='word_1_470' title='bbox 1304 2178 1360 2207; x_wconf 87' lang='lat' dir='ltr'>tue</span> <span class='ocrx_word' id='word_1_471' title='bbox 1382 2178 1521 2214; x_wconf 88' lang='lat' dir='ltr'>possent</span> <span class='ocrx_word' id='word_1_472' title='bbox 1538 2176 1790 2215; x_wconf 77' lang='lat' dir='ltr'>quomodolibet</span> <span class='ocrx_word' id='word_1_473' title='bbox 1811 2178 1929 2207; x_wconf 82' lang='lat' dir='ltr'>afferre</span> <span class='ocrx_word' id='word_1_474' title='bbox 1944 2177 2132 2216; x_wconf 84' lang='lat' dir='ltr'>dispendia,</span> <span class='ocrx_word' id='word_1_475' title='bbox 2152 2179 2320 2217; x_wconf 88' lang='lat' dir='ltr'>promptis</span> 
     </span>
     <span class='ocr_line' id='line_1_43' title="bbox 230 2229 2317 2270; baseline 0.001 -12"><span class='ocrx_word' id='word_1_476' title='bbox 230 2229 346 2260; x_wconf 87' lang='lat' dir='ltr'>denter</span> <span class='ocrx_word' id='word_1_477' title='bbox 375 2232 529 2261; x_wconf 87' lang='lat' dir='ltr'>attendas</span> <span class='ocrx_word' id='word_1_478' title='bbox 557 2232 645 2270; x_wconf 85' lang='lat' dir='ltr'>quod</span> <span class='ocrx_word' id='word_1_479' title='bbox 671 2232 705 2261; x_wconf 93' lang='lat' dir='ltr'>in</span> <span class='ocrx_word' id='word_1_480' title='bbox 730 2233 761 2261; x_wconf 87' lang='lat' dir='ltr'>te</span> <span class='ocrx_word' id='word_1_481' title='bbox 788 2232 982 2270; x_wconf 81' lang='lat' dir='ltr'>requiratur</span> <span class='ocrx_word' id='word_1_482' title='bbox 1012 2240 1030 2261; x_wconf 92' lang='lat' dir='ltr'>a</span> <span class='ocrx_word' id='word_1_483' title='bbox 1048 2231 1194 2261; x_wconf 89' lang='lat' dir='ltr'>Domino</span> <span class='ocrx_word' id='word_1_484' title='bbox 1213 2232 1245 2261; x_wconf 87' lang='lat' dir='ltr'>et</span> <span class='ocrx_word' id='word_1_485' title='bbox 1306 2230 1430 2260; x_wconf 89' lang='lat' dir='ltr'>studiis</span> <span class='ocrx_word' id='word_1_486' title='bbox 1449 2229 1637 2260; x_wconf 81' lang='lat' dir='ltr'>obviemus.</span> <span class='ocrx_word' id='word_1_487' title='bbox 1659 2231 1710 2260; x_wconf 79' lang='lat' dir='ltr'>Ad</span> <span class='ocrx_word' id='word_1_488' title='bbox 1729 2233 1883 2260; x_wconf 88' lang='lat' dir='ltr'>nostrum</span> <span class='ocrx_word' id='word_1_489' title='bbox 1901 2231 2070 2269; x_wconf 80' lang='lat' dir='ltr'>siquidem</span> <span class='ocrx_word' id='word_1_490' title='bbox 2089 2232 2241 2269; x_wconf 79' lang='lat' dir='ltr'>pervenit</span> <span class='ocrx_word' id='word_1_491' title='bbox 2261 2241 2317 2261; x_wconf 92' lang='lat' dir='ltr'>au-</span> 
     </span>
     <span class='ocr_line' id='line_1_44' title="bbox 230 2282 2317 2324; baseline 0.001 -12"><span class='ocrx_word' id='word_1_492' title='bbox 230 2283 312 2321; x_wconf 85' lang='lat' dir='ltr'>quid</span> <span class='ocrx_word' id='word_1_493' title='bbox 330 2283 357 2312; x_wconf 90' lang='lat' dir='ltr'>ei</span> <span class='ocrx_word' id='word_1_494' title='bbox 380 2292 398 2313; x_wconf 89' lang='lat' dir='ltr'>a</span> <span class='ocrx_word' id='word_1_495' title='bbox 426 2287 482 2314; x_wconf 91' lang='lat' dir='ltr'>tue</span> <span class='ocrx_word' id='word_1_496' title='bbox 502 2285 692 2315; x_wconf 77' lang='lat' dir='ltr'>nobilitatis</span> <span class='ocrx_word' id='word_1_497' title='bbox 713 2285 944 2324; x_wconf 81' lang='lat' dir='ltr'>magnitudine</span> <span class='ocrx_word' id='word_1_498' title='bbox 971 2284 1144 2315; x_wconf 88' lang='lat' dir='ltr'>debeatur.</span> <span class='ocrx_word' id='word_1_499' title='bbox 1160 2286 1244 2315; x_wconf 72' lang='lat' dir='ltr'>Cum</span> <span class='ocrx_word' id='word_1_500' title='bbox 1306 2283 1413 2312; x_wconf 89' lang='lat' dir='ltr'>ditum</span> <span class='ocrx_word' id='word_1_501' title='bbox 1432 2283 1520 2321; x_wconf 82' lang='lat' dir='ltr'>quod</span> <span class='ocrx_word' id='word_1_502' title='bbox 1538 2282 1663 2313; x_wconf 87' lang='lat' dir='ltr'>nobilis</span> <span class='ocrx_word' id='word_1_503' title='bbox 1686 2283 1775 2319; x_wconf 81' lang='lat' dir='ltr'>vir..‚</span> <span class='ocrx_word' id='word_1_504' title='bbox 1794 2284 1952 2313; x_wconf 77' lang='lat' dir='ltr'>dominus</span> <span class='ocrx_word' id='word_1_505' title='bbox 1971 2284 2011 2313; x_wconf 75' lang='lat' dir='ltr'>dc</span> <span class='ocrx_word' id='word_1_506' title='bbox 2021 2284 2198 2320; x_wconf 73' lang='lat' dir='ltr'>(luchiaco,</span> <span class='ocrx_word' id='word_1_507' title='bbox 2218 2286 2317 2314; x_wconf 89' lang='lat' dir='ltr'>natus</span> 
     </span>
     <span class='ocr_line' id='line_1_45' title="bbox 233 2336 2317 2377; baseline -0.001 -10"><span class='ocrx_word' id='word_1_508' title='bbox 233 2336 322 2365; x_wconf 83' lang='lat' dir='ltr'>enim</span> <span class='ocrx_word' id='word_1_509' title='bbox 339 2336 469 2367; x_wconf 81' lang='lat' dir='ltr'>clareas</span> <span class='ocrx_word' id='word_1_510' title='bbox 483 2338 543 2367; x_wconf 89' lang='lat' dir='ltr'>alti</span> <span class='ocrx_word' id='word_1_511' title='bbox 561 2338 720 2377; x_wconf 89' lang='lat' dir='ltr'>prosapia</span> <span class='ocrx_word' id='word_1_512' title='bbox 735 2338 881 2375; x_wconf 83' lang='lat' dir='ltr'>generis,</span> <span class='ocrx_word' id='word_1_513' title='bbox 900 2337 1076 2368; x_wconf 88' lang='lat' dir='ltr'>nobilitate</span> <span class='ocrx_word' id='word_1_514' title='bbox 1091 2338 1245 2376; x_wconf 84' lang='lat' dir='ltr'>preditus</span> <span class='ocrx_word' id='word_1_515' title='bbox 1305 2337 1396 2369; x_wconf 64' lang='lat' dir='ltr'>tuus,</span> <span class='ocrx_word' id='word_1_516' title='bbox 1416 2344 1482 2365; x_wconf 90' lang='lat' dir='ltr'>non</span> <span class='ocrx_word' id='word_1_517' title='bbox 1501 2336 1678 2366; x_wconf 78' lang='lat' dir='ltr'>attendens</span> <span class='ocrx_word' id='word_1_518' title='bbox 1698 2337 1786 2374; x_wconf 79' lang='lat' dir='ltr'>quod</span> <span class='ocrx_word' id='word_1_519' title='bbox 1805 2337 2037 2375; x_wconf 79' lang='lat' dir='ltr'>progenitores</span> <span class='ocrx_word' id='word_1_520' title='bbox 2055 2337 2116 2370; x_wconf 89' lang='lat' dir='ltr'>tui,</span> <span class='ocrx_word' id='word_1_521' title='bbox 2134 2337 2174 2367; x_wconf 88' lang='lat' dir='ltr'>de</span> <span class='ocrx_word' id='word_1_522' title='bbox 2193 2338 2317 2376; x_wconf 64' lang='lat' dir='ltr'>(lilibus</span> 
     </span>
     <span class='ocr_line' id='line_1_46' title="bbox 231 2388 2318 2429; baseline 0 -10"><span class='ocrx_word' id='word_1_523' title='bbox 231 2392 261 2419; x_wconf 90' lang='lat' dir='ltr'>et</span> <span class='ocrx_word' id='word_1_524' title='bbox 282 2390 387 2419; x_wconf 88' lang='lat' dir='ltr'>multa</span> <span class='ocrx_word' id='word_1_525' title='bbox 414 2399 526 2420; x_wconf 89' lang='lat' dir='ltr'>rerum</span> <span class='ocrx_word' id='word_1_526' title='bbox 551 2391 791 2429; x_wconf 86' lang='lat' dir='ltr'>temporalium</span> <span class='ocrx_word' id='word_1_527' title='bbox 810 2391 963 2421; x_wconf 86' lang='lat' dir='ltr'>ubertate</span> <span class='ocrx_word' id='word_1_528' title='bbox 978 2391 1153 2427; x_wconf 86' lang='lat' dir='ltr'>fecundus,</span> <span class='ocrx_word' id='word_1_529' title='bbox 1173 2400 1246 2429; x_wconf 87' lang='lat' dir='ltr'>pro·</span> <span class='ocrx_word' id='word_1_530' title='bbox 1306 2388 1379 2427; x_wconf 86' lang='lat' dir='ltr'>ipse</span> <span class='ocrx_word' id='word_1_531' title='bbox 1398 2389 1502 2418; x_wconf 81' lang='lat' dir='ltr'>traxit</span> <span class='ocrx_word' id='word_1_532' title='bbox 1518 2389 1693 2427; x_wconf 78' lang='lat' dir='ltr'>originem,</span> <span class='ocrx_word' id='word_1_533' title='bbox 1715 2398 1750 2419; x_wconf 76' lang='lat' dir='ltr'>se</span> <span class='ocrx_word' id='word_1_534' title='bbox 1770 2399 1828 2427; x_wconf 88' lang='lat' dir='ltr'>per</span> <span class='ocrx_word' id='word_1_535' title='bbox 1842 2389 2024 2419; x_wconf 88' lang='lat' dir='ltr'>laudabilia</span> <span class='ocrx_word' id='word_1_536' title='bbox 2043 2393 2072 2419; x_wconf 91' lang='lat' dir='ltr'>et</span> <span class='ocrx_word' id='word_1_537' title='bbox 2086 2392 2202 2420; x_wconf 86' lang='lat' dir='ltr'>sancta</span> <span class='ocrx_word' id='word_1_538' title='bbox 2217 2399 2318 2429; x_wconf 89' lang='lat' dir='ltr'>opera</span> 
     </span>
     <span class='ocr_line' id='line_1_47' title="bbox 231 2441 2317 2480; baseline 0.001 -9"><span class='ocrx_word' id='word_1_539' title='bbox 231 2441 317 2471; x_wconf 81' lang='lat' dir='ltr'>secto</span> <span class='ocrx_word' id='word_1_540' title='bbox 335 2442 429 2472; x_wconf 81' lang='lat' dir='ltr'>decet</span> <span class='ocrx_word' id='word_1_541' title='bbox 447 2444 479 2473; x_wconf 90' lang='lat' dir='ltr'>et</span> <span class='ocrx_word' id='word_1_542' title='bbox 498 2443 649 2473; x_wconf 89' lang='lat' dir='ltr'>debitum</span> <span class='ocrx_word' id='word_1_543' title='bbox 660 2452 734 2473; x_wconf 82' lang='lat' dir='ltr'>esse</span> <span class='ocrx_word' id='word_1_544' title='bbox 745 2444 933 2473; x_wconf 85' lang='lat' dir='ltr'>dinoscitur</span> <span class='ocrx_word' id='word_1_545' title='bbox 949 2446 983 2474; x_wconf 85' lang='lat' dir='ltr'>ut</span> <span class='ocrx_word' id='word_1_546' title='bbox 997 2452 1038 2474; x_wconf 80' lang='lat' dir='ltr'>ex</span> <span class='ocrx_word' id='word_1_547' title='bbox 1054 2443 1120 2473; x_wconf 83' lang='lat' dir='ltr'>hiis</span> <span class='ocrx_word' id='word_1_548' title='bbox 1136 2444 1245 2474; x_wconf 85' lang='lat' dir='ltr'>Deum</span> <span class='ocrx_word' id='word_1_549' title='bbox 1306 2444 1419 2480; x_wconf 86' lang='lat' dir='ltr'>gratos</span> <span class='ocrx_word' id='word_1_550' title='bbox 1450 2441 1646 2471; x_wconf 89' lang='lat' dir='ltr'>hominibus</span> <span class='ocrx_word' id='word_1_551' title='bbox 1674 2445 1705 2471; x_wconf 89' lang='lat' dir='ltr'>et</span> <span class='ocrx_word' id='word_1_552' title='bbox 1731 2450 1791 2471; x_wconf 87' lang='lat' dir='ltr'>suo</span> <span class='ocrx_word' id='word_1_553' title='bbox 1823 2442 1965 2472; x_wconf 83' lang='lat' dir='ltr'>creatori</span> <span class='ocrx_word' id='word_1_554' title='bbox 1994 2445 2148 2480; x_wconf 73' lang='lat' dir='ltr'>acceptos</span> <span class='ocrx_word' id='word_1_555' title='bbox 2178 2444 2317 2474; x_wconf 87' lang='lat' dir='ltr'>reddere</span> 
     </span>
     <span class='ocr_line' id='line_1_48' title="bbox 230 2495 2318 2535; baseline 0.001 -11"><span class='ocrx_word' id='word_1_556' title='bbox 230 2495 366 2524; x_wconf 87' lang='lat' dir='ltr'>Patrem</span> <span class='ocrx_word' id='word_1_557' title='bbox 385 2495 534 2526; x_wconf 82' lang='lat' dir='ltr'>datorem</span> <span class='ocrx_word' id='word_1_558' title='bbox 552 2496 717 2526; x_wconf 90' lang='lat' dir='ltr'>bonorum</span> <span class='ocrx_word' id='word_1_559' title='bbox 731 2497 883 2526; x_wconf 88' lang='lat' dir='ltr'>omnium</span> <span class='ocrx_word' id='word_1_560' title='bbox 899 2505 1130 2535; x_wconf 81' lang='lat' dir='ltr'>recognoscas.</span> <span class='ocrx_word' id='word_1_561' title='bbox 1145 2497 1245 2526; x_wconf 87' lang='lat' dir='ltr'>Mira·</span> <span class='ocrx_word' id='word_1_562' title='bbox 1307 2495 1520 2526; x_wconf 83' lang='lat' dir='ltr'>studuerunt.</span> <span class='ocrx_word' id='word_1_563' title='bbox 1547 2495 1587 2524; x_wconf 85' lang='lat' dir='ltr'>ab</span> <span class='ocrx_word' id='word_1_564' title='bbox 1613 2497 1761 2532; x_wconf 77' lang='lat' dir='ltr'>ipsorum</span> <span class='ocrx_word' id='word_1_565' title='bbox 1785 2495 1972 2530; x_wconf 75' lang='lat' dir='ltr'>devotione,</span> <span class='ocrx_word' id='word_1_566' title='bbox 1990 2498 2023 2524; x_wconf 91' lang='lat' dir='ltr'>ut</span> <span class='ocrx_word' id='word_1_567' title='bbox 2045 2496 2160 2530; x_wconf 78' lang='lat' dir='ltr'>fertur,</span> <span class='ocrx_word' id='word_1_568' title='bbox 2181 2496 2318 2535; x_wconf 87' lang='lat' dir='ltr'>degene-</span> 
     </span>
     <span class='ocr_line' id='line_1_49' title="bbox 231 2547 2318 2588; baseline 0.002 -12"><span class='ocrx_word' id='word_1_569' title='bbox 231 2556 306 2576; x_wconf 92' lang='lat' dir='ltr'>mur</span> <span class='ocrx_word' id='word_1_570' title='bbox 326 2547 429 2586; x_wconf 86' lang='lat' dir='ltr'>igitur</span> <span class='ocrx_word' id='word_1_571' title='bbox 457 2549 558 2587; x_wconf 86' lang='lat' dir='ltr'>quod,</span> <span class='ocrx_word' id='word_1_572' title='bbox 583 2558 659 2579; x_wconf 89' lang='lat' dir='ltr'>cum</span> <span class='ocrx_word' id='word_1_573' title='bbox 676 2549 716 2579; x_wconf 90' lang='lat' dir='ltr'>de</span> <span class='ocrx_word' id='word_1_574' title='bbox 736 2549 1010 2588; x_wconf 88' lang='lat' dir='ltr'>progenitoribus</span> <span class='ocrx_word' id='word_1_575' title='bbox 1026 2550 1097 2580; x_wconf 91' lang='lat' dir='ltr'>Deo</span> <span class='ocrx_word' id='word_1_576' title='bbox 1113 2549 1244 2580; x_wconf 84' lang='lat' dir='ltr'>devotis</span> <span class='ocrx_word' id='word_1_577' title='bbox 1306 2557 1380 2578; x_wconf 88' lang='lat' dir='ltr'>rare</span> <span class='ocrx_word' id='word_1_578' title='bbox 1399 2556 1464 2577; x_wconf 92' lang='lat' dir='ltr'>non</span> <span class='ocrx_word' id='word_1_579' title='bbox 1483 2547 1622 2582; x_wconf 80' lang='lat' dir='ltr'>veritus,</span> <span class='ocrx_word' id='word_1_580' title='bbox 1640 2548 1917 2578; x_wconf 85' lang='lat' dir='ltr'>Cameracensem</span> <span class='ocrx_word' id='word_1_581' title='bbox 1936 2548 2127 2582; x_wconf 79' lang='lat' dir='ltr'>ecclesiam,</span> <span class='ocrx_word' id='word_1_582' title='bbox 2143 2557 2243 2587; x_wconf 83' lang='lat' dir='ltr'>quam</span> <span class='ocrx_word' id='word_1_583' title='bbox 2263 2550 2318 2580; x_wconf 89' lang='lat' dir='ltr'>de-</span> 
     </span>
     <span class='ocr_line' id='line_1_50' title="bbox 231 2600 2318 2641; baseline 0.002 -12"><span class='ocrx_word' id='word_1_584' title='bbox 231 2600 279 2629; x_wconf 83' lang='lat' dir='ltr'>sis</span> <span class='ocrx_word' id='word_1_585' title='bbox 298 2608 339 2629; x_wconf 84' lang='lat' dir='ltr'>ex</span> <span class='ocrx_word' id='word_1_586' title='bbox 356 2601 610 2632; x_wconf 86' lang='lat' dir='ltr'>maternalinea</span> <span class='ocrx_word' id='word_1_587' title='bbox 627 2603 834 2640; x_wconf 88' lang='lat' dir='ltr'>procreatus,</span> <span class='ocrx_word' id='word_1_588' title='bbox 856 2602 964 2640; x_wconf 84' lang='lat' dir='ltr'>quise</span> <span class='ocrx_word' id='word_1_589' title='bbox 983 2611 1043 2640; x_wconf 89' lang='lat' dir='ltr'>per</span> <span class='ocrx_word' id='word_1_590' title='bbox 1058 2602 1245 2632; x_wconf 86' lang='lat' dir='ltr'>laudabilia</span> <span class='ocrx_word' id='word_1_591' title='bbox 1306 2601 1397 2631; x_wconf 82' lang='lat' dir='ltr'>beret</span> <span class='ocrx_word' id='word_1_592' title='bbox 1419 2602 1455 2630; x_wconf 87' lang='lat' dir='ltr'>ut</span> <span class='ocrx_word' id='word_1_593' title='bbox 1469 2601 1623 2636; x_wconf 85' lang='lat' dir='ltr'>matrem,</span> <span class='ocrx_word' id='word_1_594' title='bbox 1642 2609 1734 2630; x_wconf 91' lang='lat' dir='ltr'>more</span> <span class='ocrx_word' id='word_1_595' title='bbox 1751 2601 1861 2630; x_wconf 86' lang='lat' dir='ltr'>devoti</span> <span class='ocrx_word' id='word_1_596' title='bbox 1881 2601 1955 2630; x_wconf 84' lang='lat' dir='ltr'>tilii.</span> <span class='ocrx_word' id='word_1_597' title='bbox 1970 2602 2128 2637; x_wconf 86' lang='lat' dir='ltr'>revereri,</span> <span class='ocrx_word' id='word_1_598' title='bbox 2148 2604 2318 2641; x_wconf 82' lang='lat' dir='ltr'>oppugnat</span> 
     </span>
     <span class='ocr_line' id='line_1_51' title="bbox 235 2653 2317 2695; baseline 0.002 -13"><span class='ocrx_word' id='word_1_599' title='bbox 235 2661 368 2692; x_wconf 86' lang='lat' dir='ltr'>semper</span> <span class='ocrx_word' id='word_1_600' title='bbox 378 2663 479 2692; x_wconf 86' lang='lat' dir='ltr'>opera</span> <span class='ocrx_word' id='word_1_601' title='bbox 494 2656 607 2693; x_wconf 84' lang='lat' dir='ltr'>gratos</span> <span class='ocrx_word' id='word_1_602' title='bbox 618 2654 812 2685; x_wconf 85' lang='lat' dir='ltr'>hominibus</span> <span class='ocrx_word' id='word_1_603' title='bbox 831 2656 862 2685; x_wconf 89' lang='lat' dir='ltr'>et</span> <span class='ocrx_word' id='word_1_604' title='bbox 876 2656 1017 2685; x_wconf 88' lang='lat' dir='ltr'>creatori</span> <span class='ocrx_word' id='word_1_605' title='bbox 1031 2664 1091 2685; x_wconf 88' lang='lat' dir='ltr'>suo</span> <span class='ocrx_word' id='word_1_606' title='bbox 1107 2655 1246 2685; x_wconf 91' lang='lat' dir='ltr'>reddere</span> <span class='ocrx_word' id='word_1_607' title='bbox 1306 2654 1476 2684; x_wconf 68' lang='lat' dir='ltr'>hostiliter</span> <span class='ocrx_word' id='word_1_608' title='bbox 1496 2655 1526 2683; x_wconf 90' lang='lat' dir='ltr'>et</span> <span class='ocrx_word' id='word_1_609' title='bbox 1545 2653 1762 2692; x_wconf 81' lang='lat' dir='ltr'>prosequitur</span> <span class='ocrx_word' id='word_1_610' title='bbox 1781 2653 1866 2684; x_wconf 77' lang='lat' dir='ltr'>sicut</span> <span class='ocrx_word' id='word_1_611' title='bbox 1885 2653 2036 2689; x_wconf 60' lang='lat' dir='ltr'>hosteim</span> <span class='ocrx_word' id='word_1_612' title='bbox 2060 2656 2198 2693; x_wconf 89' lang='lat' dir='ltr'>propter</span> <span class='ocrx_word' id='word_1_613' title='bbox 2226 2656 2317 2695; x_wconf 86' lang='lat' dir='ltr'>quod</span> 
     </span>
     <span class='ocr_line' id='line_1_52' title="bbox 235 2667 2319 2768; baseline 0.002 -33"><span class='ocrx_word' id='word_1_614' title='bbox 235 2706 438 2737; x_wconf 85' lang='lat' dir='ltr'>studuerunt</span> <span class='ocrx_word' id='word_1_615' title='bbox 452 2709 619 2746; x_wconf 84' lang='lat' dir='ltr'>acceptos,</span> <span class='ocrx_word' id='word_1_616' title='bbox 638 2709 687 2743; x_wconf 85' lang='lat' dir='ltr'>tu,</span> <span class='ocrx_word' id='word_1_617' title='bbox 705 2708 790 2738; x_wconf 90' lang='lat' dir='ltr'>sicut</span> <span class='ocrx_word' id='word_1_618' title='bbox 807 2707 941 2744; x_wconf 87' lang='lat' dir='ltr'>dicitur,</span> <span class='ocrx_word' id='word_1_619' title='bbox 960 2707 1001 2738; x_wconf 88' lang='lat' dir='ltr'>ab</span> <span class='ocrx_word' id='word_1_620' title='bbox 1019 2708 1173 2746; x_wconf 86' lang='lat' dir='ltr'>ipsorum</span> <span class='ocrx_word' id='word_1_621' title='bbox 1191 2707 1247 2738; x_wconf 88' lang='lat' dir='ltr'>bo·</span> <span class='ocrx_word' id='word_1_622' title='bbox 1276 2667 1278 2768; x_wconf 49' lang='lat' dir='ltr'><strong><em>J</em></strong></span> <span class='ocrx_word' id='word_1_623' title='bbox 1307 2715 1373 2737; x_wconf 89' lang='lat' dir='ltr'>non</span> <span class='ocrx_word' id='word_1_624' title='bbox 1390 2707 1498 2736; x_wconf 90' lang='lat' dir='ltr'>solum</span> <span class='ocrx_word' id='word_1_625' title='bbox 1515 2707 1624 2736; x_wconf 87' lang='lat' dir='ltr'>Deum</span> <span class='ocrx_word' id='word_1_626' title='bbox 1644 2707 1811 2736; x_wconf 77' lang='lat' dir='ltr'>offendere</span> <span class='ocrx_word' id='word_1_627' title='bbox 1827 2706 1990 2744; x_wconf 87' lang='lat' dir='ltr'>noscitur,</span> <span class='ocrx_word' id='word_1_628' title='bbox 2013 2707 2071 2736; x_wconf 88' lang='lat' dir='ltr'>sed</span> <span class='ocrx_word' id='word_1_629' title='bbox 2088 2708 2202 2738; x_wconf 87' lang='lat' dir='ltr'>sedem</span> <span class='ocrx_word' id='word_1_630' title='bbox 2223 2717 2319 2748; x_wconf 88' lang='lat' dir='ltr'>apos-</span> 
     </span>
     <span class='ocr_line' id='line_1_53' title="bbox 234 2759 2317 2800; baseline 0.001 -11"><span class='ocrx_word' id='word_1_631' title='bbox 234 2759 337 2789; x_wconf 87' lang='lat' dir='ltr'>nitate</span> <span class='ocrx_word' id='word_1_632' title='bbox 367 2759 585 2798; x_wconf 85' lang='lat' dir='ltr'>degenerans,</span> <span class='ocrx_word' id='word_1_633' title='bbox 615 2761 894 2791; x_wconf 88' lang='lat' dir='ltr'>Cameracensem</span> <span class='ocrx_word' id='word_1_634' title='bbox 925 2761 1115 2797; x_wconf 81' lang='lat' dir='ltr'>ecclesiam,</span> <span class='ocrx_word' id='word_1_635' title='bbox 1146 2770 1247 2800; x_wconf 88' lang='lat' dir='ltr'>quam</span> <span class='ocrx_word' id='word_1_636' title='bbox 1276 2776 1278 2793; x_wconf 50' lang='grc' dir='ltr'>ι</span> <span class='ocrx_word' id='word_1_637' title='bbox 1306 2760 1456 2795; x_wconf 82' lang='lat' dir='ltr'>tohcam,</span> <span class='ocrx_word' id='word_1_638' title='bbox 1493 2768 1593 2797; x_wconf 82' lang='lat' dir='ltr'>quani</span> <span class='ocrx_word' id='word_1_639' title='bbox 1623 2759 1656 2788; x_wconf 87' lang='lat' dir='ltr'>in</span> <span class='ocrx_word' id='word_1_640' title='bbox 1684 2759 1745 2789; x_wconf 88' lang='lat' dir='ltr'>hoc</span> <span class='ocrx_word' id='word_1_641' title='bbox 1776 2759 1908 2789; x_wconf 81' lang='lat' dir='ltr'>videtur</span> <span class='ocrx_word' id='word_1_642' title='bbox 1939 2759 2062 2790; x_wconf 86' lang='lat' dir='ltr'>habere</span> <span class='ocrx_word' id='word_1_643' title='bbox 2096 2763 2317 2800; x_wconf 88' lang='lat' dir='ltr'>contemptui,</span> 
     </span>
     <span class='ocr_line' id='line_1_54' title="bbox 233 2798 2319 2865; baseline 0.002 -24"><span class='ocrx_word' id='word_1_644' title='bbox 233 2811 374 2842; x_wconf 87' lang='lat' dir='ltr'>deberes</span> <span class='ocrx_word' id='word_1_645' title='bbox 392 2816 428 2843; x_wconf 88' lang='lat' dir='ltr'>ut</span> <span class='ocrx_word' id='word_1_646' title='bbox 448 2815 602 2848; x_wconf 83' lang='lat' dir='ltr'>matrem,</span> <span class='ocrx_word' id='word_1_647' title='bbox 620 2822 713 2844; x_wconf 88' lang='lat' dir='ltr'>more</span> <span class='ocrx_word' id='word_1_648' title='bbox 738 2814 850 2844; x_wconf 90' lang='lat' dir='ltr'>devoti</span> <span class='ocrx_word' id='word_1_649' title='bbox 864 2813 939 2849; x_wconf 89' lang='lat' dir='ltr'>filii,</span> <span class='ocrx_word' id='word_1_650' title='bbox 960 2813 1119 2850; x_wconf 81' lang='lat' dir='ltr'>revereri,</span> <span class='ocrx_word' id='word_1_651' title='bbox 1137 2813 1246 2852; x_wconf 90' lang='lat' dir='ltr'>impu·</span> <span class='ocrx_word' id='word_1_652' title='bbox 1276 2798 1278 2865; x_wconf 30' lang='grc' dir='ltr'>ἶ</span> <span class='ocrx_word' id='word_1_653' title='bbox 1307 2813 1399 2852; x_wconf 82' lang='lat' dir='ltr'>gravi</span> <span class='ocrx_word' id='word_1_654' title='bbox 1416 2812 1640 2842; x_wconf 84' lang='lat' dir='ltr'>commotione</span> <span class='ocrx_word' id='word_1_655' title='bbox 1654 2815 1811 2850; x_wconf 74' lang='lat' dir='ltr'>provocat</span> <span class='ocrx_word' id='word_1_656' title='bbox 1825 2821 1950 2851; x_wconf 86' lang='lat' dir='ltr'>sueque</span> <span class='ocrx_word' id='word_1_657' title='bbox 1961 2812 2150 2844; x_wconf 87' lang='lat' dir='ltr'>nobilitatis</span> <span class='ocrx_word' id='word_1_658' title='bbox 2165 2815 2319 2845; x_wconf 80' lang='lat' dir='ltr'>decorem</span> 
     </span>
     <span class='ocr_line' id='line_1_55' title="bbox 237 2864 2319 2942; baseline 0.001 -46"><span class='ocrx_word' id='word_1_659' title='bbox 237 2873 338 2904; x_wconf 85' lang='lat' dir='ltr'>gnare</span> <span class='ocrx_word' id='word_1_660' title='bbox 356 2866 480 2897; x_wconf 84' lang='lat' dir='ltr'>diceris</span> <span class='ocrx_word' id='word_1_661' title='bbox 498 2869 529 2897; x_wconf 92' lang='lat' dir='ltr'>et</span> <span class='ocrx_word' id='word_1_662' title='bbox 540 2867 732 2905; x_wconf 87' lang='lat' dir='ltr'>opprimere</span> <span class='ocrx_word' id='word_1_663' title='bbox 751 2867 838 2897; x_wconf 90' lang='lat' dir='ltr'>sicut</span> <span class='ocrx_word' id='word_1_664' title='bbox 855 2866 998 2903; x_wconf 89' lang='lat' dir='ltr'>hostem,</span> <span class='ocrx_word' id='word_1_665' title='bbox 1017 2875 1083 2896; x_wconf 91' lang='lat' dir='ltr'>non</span> <span class='ocrx_word' id='word_1_666' title='bbox 1098 2867 1249 2897; x_wconf 86' lang='lat' dir='ltr'>conside·</span> <span class='ocrx_word' id='word_1_667' title='bbox 1277 2870 1278 2942; x_wconf 37' lang='grc'>1</span> <span class='ocrx_word' id='word_1_668' title='bbox 1309 2865 1484 2896; x_wconf 86' lang='lat' dir='ltr'>obnubilat</span> <span class='ocrx_word' id='word_1_669' title='bbox 1501 2866 1533 2894; x_wconf 90' lang='lat' dir='ltr'>et</span> <span class='ocrx_word' id='word_1_670' title='bbox 1550 2864 1637 2894; x_wconf 83' lang='lat' dir='ltr'>fame</span> <span class='ocrx_word' id='word_1_671' title='bbox 1654 2865 1788 2903; x_wconf 65' lang='lat' dir='ltr'>proprie</span> <span class='ocrx_word' id='word_1_672' title='bbox 1805 2865 1961 2900; x_wconf 85' lang='lat' dir='ltr'>detrahit,</span> <span class='ocrx_word' id='word_1_673' title='bbox 1980 2866 2014 2896; x_wconf 93' lang='lat' dir='ltr'>in</span> <span class='ocrx_word' id='word_1_674' title='bbox 2033 2875 2068 2897; x_wconf 89' lang='lat' dir='ltr'>se</span> <span class='ocrx_word' id='word_1_675' title='bbox 2081 2867 2319 2898; x_wconf 75' lang='lat' dir='ltr'>nichilominus</span> 
     </span>
     <span class='ocr_line' id='line_1_56' title="bbox 234 2917 2320 2958; baseline 0.002 -11"><span class='ocrx_word' id='word_1_676' title='bbox 234 2926 315 2948; x_wconf 86' lang='lat' dir='ltr'>rans</span> <span class='ocrx_word' id='word_1_677' title='bbox 333 2920 423 2958; x_wconf 87' lang='lat' dir='ltr'>quod</span> <span class='ocrx_word' id='word_1_678' title='bbox 447 2929 513 2950; x_wconf 90' lang='lat' dir='ltr'>non</span> <span class='ocrx_word' id='word_1_679' title='bbox 539 2920 650 2950; x_wconf 86' lang='lat' dir='ltr'>solum</span> <span class='ocrx_word' id='word_1_680' title='bbox 677 2921 764 2950; x_wconf 79' lang='lat' dir='ltr'>fame</span> <span class='ocrx_word' id='word_1_681' title='bbox 789 2922 845 2950; x_wconf 85' lang='lat' dir='ltr'>tue</span> <span class='ocrx_word' id='word_1_682' title='bbox 869 2919 1031 2956; x_wconf 82' lang='lat' dir='ltr'>detrahis,</span> <span class='ocrx_word' id='word_1_683' title='bbox 1051 2920 1111 2950; x_wconf 89' lang='lat' dir='ltr'>sed</span> <span class='ocrx_word' id='word_1_684' title='bbox 1135 2919 1247 2958; x_wconf 87' lang='lat' dir='ltr'>ipsum</span> <span class='ocrx_word' id='word_1_685' title='bbox 1310 2919 1396 2949; x_wconf 89' lang='lat' dir='ltr'>iram</span> <span class='ocrx_word' id='word_1_686' title='bbox 1426 2917 1562 2948; x_wconf 89' lang='lat' dir='ltr'>Domini</span> <span class='ocrx_word' id='word_1_687' title='bbox 1584 2919 1807 2955; x_wconf 88' lang='lat' dir='ltr'>provocando.</span> <span class='ocrx_word' id='word_1_688' title='bbox 1835 2919 1941 2955; x_wconf 87' lang='lat' dir='ltr'>Unde,</span> <span class='ocrx_word' id='word_1_689' title='bbox 1963 2928 2038 2949; x_wconf 89' lang='lat' dir='ltr'>cum</span> <span class='ocrx_word' id='word_1_690' title='bbox 2055 2920 2141 2950; x_wconf 84' lang='lat' dir='ltr'>tales</span> <span class='ocrx_word' id='word_1_691' title='bbox 2159 2929 2320 2951; x_wconf 80' lang='lat' dir='ltr'>excessus</span> 
     </span>
    </p>
   </div>
  </div>
 </body>
</html>
