2547 3289
693 441 884 489 INCIPIT
932 440 1201 488 IIEGESTUIII
1253 439 1581 488 LITTERAIIUII
1626 440 1905 489 (JURIALIUM

260 678 584 741 DOMINI
645 677 979 741 URBANI
1041 675 1266 738 PAPE

345 1183 418 1213 715
759 1181 882 1212 Orvieto,
900 1182 917 1208 8
937 1181 1099 1215 septembre
1119 1182 1195 1208 1203.

290 1265 326 1291 Dc
343 1264 445 1299 legatis
460 1265 488 1291 in
506 1264 568 1299 pios
580 1273 647 1292 usus
663 1274 678 1291 a
689 1265 803 1292 clericis
822 1265 901 1300 regni
919 1265 1054 1292 Franciae
1071 1266 1166 1295 factis,
1182 1267 1269 1293 certiS

257 1314 386 1347 ρει-5111113
403 1313 446 1339 vel
464 1313 533 1340 locis
550 1313 651 1347 quibus
671 1314 806 1348 pecuniae
824 1314 866 1340 ve]
882 1321 926 1340 res
949 1314 1025 1348 ipsae
1050 1314 1110 1340 dari
1135 1315 1269 1346 debcant,

256 1370 309 1388 non
327 1362 480 1396 expressis.
497 1363 576 1397 (111-111,
594 1363 637 1392 28,
656 1362 703 1389 fol.
720 1362 764 1394 80,
782 1362 903 1389 curiales
919 1371 986 1389 ann.
1006 1363 1052 1395 111,
1069 1367 1100 1389 n0
1117 1363 1157 1396 1.)

294 1477 311 1497 «
326 1468 485 1508 Episcopo
503 1468 731 1498 Aurelicmensi.
754 1468 991 1499 Intelleximus
1010 1469 1096 1508 quod
1114 1470 1270 1500 nonnulli

255 1521 368 1551 clerici
388 1521 483 1560 regni
503 1521 656 1551 Francia
685 1523 753 1552 tam
784 1522 817 1551 in
844 1521 1067 1560 dignitatibus
1095 1523 1270 1553 constituti

255 1583 356 1613 quam
374 1574 443 1608 alii,
459 1575 641 1606 condentes
657 1574 696 1604 de
713 1574 811 1604 bonis
830 1575 870 1604 ad
886 1583 955 1611 eos,
972 1575 1100 1606 ratione
1114 1575 1271 1606 ecclesia-

256 1636 330 1657 rum
348 1628 382 1657 in
400 1628 524 1666 quibus
542 1628 733 1658 beneficiati
751 1628 896 1664 fuerant,
911 1629 942 1658 et
955 1637 1178 1667 personarum
1196 1638 1271 1658 sua-

256 1690 331 1710 rum
343 1681 587 1719 spectantibus,
603 1681 637 1711 in
654 1681 787 1711 ultimis
801 1681 1035 1712 voluntatibus
1051 1683 1268 1717 testamenta,

256 1734 417 1772 pecunias
435 1736 467 1764 et
485 1743 538 1764 res
556 1734 642 1764 alias
659 1743 776 1764 eorum
792 1734 825 1763 in
844 1743 927 1764 usus
940 1735 1014 1772 pios
1033 1735 1164 1774 erogari
1181 1743 1272 1765 man-

256 1787 390 1823 darunt,
412 1787 514 1817 certis
540 1787 697 1826 personis
717 1787 769 1818 vel
786 1787 881 1823 locis,
898 1787 1023 1826 quibus
1052 1788 1193 1827 pecunie
1218 1788 1271 1818 vel

256 1848 310 1870 res
334 1841 406 1879 ipse
433 1841 504 1870 dari
523 1840 678 1877 debeant,
698 1849 765 1870 non
782 1841 968 1879 expressis.
987 1841 1150 1871 Volentes
1170 1841 1273 1880 igitur

257 1901 297 1923 ne
321 1893 432 1932 legata
457 1894 532 1932 ipsa
556 1894 724 1924 inutiliter
747 1893 907 1924 distribui
927 1894 1060 1924 valeant
1081 1896 1112 1924 et
1129 1903 1188 1933 per
1212 1894 1273 1925 hoc

257 1945 360 1976 saluti
388 1947 578 1976 animarum
601 1947 766 1976 dictorum
796 1946 1009 1982 clericorum,
1034 1955 1095 1985 pro
1120 1956 1185 1986 qua
1207 1947 1273 1985 ipsi

257 2000 374 2031 eadem
391 1999 501 2039 legata
523 1999 645 2030 fecisse
664 2001 861 2035 noscuntur,
881 1999 1064 2030 salubriter
1081 2000 1272 2038 providere,

258 2053 462 2084 fraternitati
474 2054 529 2083 tue
545 2053 746 2083 mandamus
761 2053 932 2092 quatinus,
952 2061 1054 2092 super
1072 2053 1121 2083 sic
1144 2053 1274 2084 relictis

258 2109 289 2137 et
317 2107 420 2137 etiam
444 2106 484 2136 de
512 2108 623 2136 cetero
650 2106 883 2145 relinquendis
902 2106 1079 2145 inquirens
1095 2115 1154 2145 per
1173 2109 1203 2137 te
1223 2107 1273 2136 vel

259 2160 363 2190 aIIum
378 2160 522 2190 sollicite
536 2160 724 2193 veritatem,
739 2160 851 2189 omnia
869 2160 917 2190 sic
942 2160 1137 2191 indistincte
1158 2161 1276 2190 relicta

258 2215 290 2244 et
308 2213 409 2244 etiam
422 2213 644 2252 relinquenda
659 2213 698 2243 de
711 2215 821 2243 cetero
835 2222 894 2252 per
909 2213 1051 2243 clericos
1069 2213 1150 2244 dicti
1167 2214 1272 2253 regni,

260 2275 335 2296 cum
368 2266 602 2296 convenientia
634 2267 855 2297 executorum
893 2267 1045 2304 Ipsarum
1075 2267 1275 2297 ultimarum

261 2319 486 2355 voluntatum,
520 2319 642 2357 deponi
683 2319 786 2349 facias
833 2320 921 2358 apud
960 2319 1109 2358 aliquam
1145 2328 1276 2350 sacram

261 2373 368 2408 edem,
386 2371 499 2411 ibique
518 2372 682 2403 custodiri
704 2372 848 2403 fideliter
866 2374 897 2402 et
918 2373 1129 2411 integraliter
1144 2382 1278 2403 conser-

262 2425 345 2461 vari,
367 2425 401 2454 in
419 2425 493 2463 plos
511 2434 604 2461 usus,
617 2434 676 2463 pro
694 2416 885 2455 animarum
905 2425 1105 2456 clericorum
1125 2426 1275 2464 ipsorum

262 2479 383 2512 salute7
399 2478 768 2516 juxtadispositionem
782 2478 874 2508 sedis
889 2478 1085 2516 apostolice,
1100 2488 1165 2517 que
1176 2488 1278 2517 super

263 2532 323 2562 hcc
338 2531 391 2570 pie
405 2540 441 2561 ac
458 2531 598 2569 provide
611 2531 750 2569 vigilare
764 2531 925 2569 disponit,
937 2532 1105 2562 annuente
1118 2532 1276 2569 Domino,

264 2584 500 2615 convertenda.
512 2584 798 2618 contradictores,
812 2586 872 2614 etc.
889 2585 963 2614 Non
977 2583 1130 2614 obstante
1143 2603 1192 2614 —.
1207 2586 1278 2616 Nos

264 2637 590 2671 enim‚attendentes
610 2639 689 2675 quot
707 2640 738 2666 et
753 2637 889 2675 quantis
906 2637 1093 2667 insultibus
1109 2639 1141 2667 et
1158 2647 1279 2677 angus·

264 2691 323 2722 tiis
340 2690 529 2720 infidelium
544 2690 719 2720 nationum
734 2690 841 2729 magis
855 2690 955 2720 solito
973 2691 1076 2720 artari
1091 2691 1279 2721 dinoscitur

266 2745 370 2775 Terra
382 2745 509 2780 sancta,
522 2744 553 2773 et
566 2752 667 2782 quam
684 2743 875 2782 periculose
892 2743 1066 2773 nonnullis
1084 2743 1280 2774 christianis

266 2797 402 2836 populis
421 2797 589 2827 vicinatur
613 2796 724 2826 rables
746 2796 893 2826 trucium
922 2797 1153 2831 'l‘artaroruuL
1179 2806 1278 2835 quam

268 2850 351 2880 dura
378 2858 511 2888 quoque
537 2858 602 2880 non
628 2849 738 2879 solum
756 2850 907 2879 Romane
926 2849 984 2878 sed
1008 2849 1110 2879 etiam
1129 2849 1279 2887 generali

269 2903 410 2933 ecclesie
427 2903 626 2933 immineant
642 2902 801 2941 pericula,
820 2904 852 2932 et
869 2902 1016 2940 undique
1033 2902 1281 2932 comminentur

1330 675 1688 752 QUART1‚
1751 675 1967 738 ANNI
2031 677 2331 739 TERTII

1330 1182 1482 1217 adversa,
1495 1191 1558 1220 que
1571 1182 1610 1211 de
1627 1181 1791 1211 subsidiis
1809 1182 2047 1212 ecclesiasticis
2061 1184 2218 1222 p1'·:=cipua
2237 1193 2342 1213 reme-

1330 1236 1385 1265 dia
1405 1237 1569 1274 oportune
1590 1235 1801 1265 liberationis
1822 1238 2008 1273 expectant,
2034 1246 2069 1265 ac
2089 1237 2342 1267 ‹·011si‹1erantes

1331 1289 1419 1327 quod
1439 1298 1479 1318 ex
1505 1289 1590 1327 ipsis
1615 1289 1736 1327 legatis
1761 1289 1817 1318 vix
1844 1289 1967 1319 melius
1993 1292 2133 1327 possunt
2162 1290 2342 1328 adimpleri

1332 1342 1558 1380 predictorum
1571 1341 1770 1372 clericorum
1781 1341 1898 1371 ultiine
1913 1342 2103 1372 voluntates
2118 1344 2147 1372 et
2164 1343 2342 1373 animabus

1331 1404 1447 1426 eorum
1467 1395 1585 1426 utilius
1605 1395 1786 1433 provideri,
1812 1404 1912 1434 quam
1943 1396 1971 1424 si
2000 1395 2040 1425 de
2066 1395 2191 1426 talibus
2220 1396 2340 1435 legatis

1331 1449 1445 1487 aliqua
1471 1449 1632 1486 predictis
1656 1448 1804 1487 populis,
1831 1448 1983 1478 ecclesiis
2016 1451 2045 1478 et
2076 1451 2163 1479 terre
2189 1449 2342 1479 subsidia

1332 1502 1579 1535 ministrentur,
1608 1503 1761 1531 nostrum
1791 1502 1822 1530 in
1850 1502 1909 1531 hac
1937 1504 2030 1540 parte
2059 1503 2269 1540 propositum
2301 1503 2340 1532 de

1333 1556 1421 1585 fonte
1445 1556 1499 1594 pie
1524 1555 1784 1593 compassionis,
1803 1564 1902 1593 qnam
1921 1555 2105 1594 apostolica
2128 1556 2224 1586 sedes
2242 1555 2341 1585 habet

1333 1609 1372 1638 ad
1382 1608 1547 1641 subditos,
1558 1608 1787 1647 progrediens.
1799 1616 1879 1637 sano
1892 1608 2082 1647 aliquorum
2094 1617 2160 1638 non
2171 1609 2341 1639 credimus

1333 1662 1504 1692 adversari
1519 1662 1658 1700 judicio,
1680 1661 1738 1691 sed
1758 1662 1907 1691 omnium
1926 1661 2096 1691 mentibus
2122 1662 2258 1700 pietatis
2278 1662 2343 1691 vir-

1332 1717 1402 1746 tute
1420 1715 1626 1755 pollentibus
1645 1715 1864 1754 complacere.
1884 1716 1971 1750 Quid
1988 1717 2111 1749 autem,
2132 1718 2295 1754 quantum
2311 1717 2342 1745 et

1333 1779 1352 1799 a
1369 1769 1493 1808 quibus
1511 1769 1550 1798 de
1568 1769 1730 1807 predictIS
1746 1768 1873 1804 haberi,
1893 1771 1923 1799 et
1947 1768 2004 1798 ubi
2023 1768 2106 1798 1111111
2125 1769 2245 1807 deponi
2267 1777 2343 1798 con-

1333 1823 1460 1862 tigerit,
1480 1831 1539 1860 per
1556 1823 1632 1852 tuas
1648 1822 1791 1857 litteras,
1809 1823 1959 1852 tenorem
1975 1822 2186 1852 continentes
2210 1829 2343 1859 presen—

1333 1876 1430 1911 tium,
1442 1876 1642 1914 quantocius
1654 1875 1751 1905 nobis
1768 1875 1912 1908 scribas:
1930 1874 2144 1914 presentibus
2158 1876 2235 1913 post
2249 1875 2343 1913 quin-

1335 1929 1519 1968 quennium
1535 1928 1674 1958 minime
1691 1928 1858 1959 valituris.
1882 1929 2004 1959 Datum
2023 1928 2111 1966 apud
2126 1927 2344 1958 Urbemvete-

1336 1991 1417 2016 rem,
1436 1992 1467 2011 w
1486 1982 1561 2012 idus
1577 1981 1791 2020 septembris,
1812 1991 1897 2012 anno
1917 1982 2028 2012 tertio.
2050 1992 2063 2009 »1

1425 2147 1498 2177 716

1827 2143 1949 2173 ‹jn-victo,
1969 2144 1995 2170 11
2014 2145 2176 2178 septembre
2198 2145 2273 2171 1:⁴³3.

1373 2229 1463 2256 Fratri
1484 2228 1611 2256 Florasio
1628 2229 1745 2255 mandat
1764 2231 1791 2254 ut
1810 2230 1955 2254 (111-115511111-
1972 2228 2062 2254 civem
2085 2229 2281 2255 Tudertfflum.
2299 2229 2346 2263 qui

1338 2287 1386 2313 pro
1405 2278 1553 2313 capitaneo
1569 2278 1693 2304 civitatis
1711 2277 1844 2303 Reatinae
1867 2285 1896 2303 se
1921 2279 2011 2311 gerat.
2027 2277 2106 2312 jussa
2122 2278 2266 2311 pontificia
2282 2287 2347 2304 con-

1337 2331 1514 2354 temnentem
1530 2331 1555 2353 et
1576 2326 1630 2353 alia
1650 2329 1749 2352 contra
1767 2326 1919 2352 ecclesiam
1937 2327 2095 2352 tzonmmun
2116 2327 2345 2357 machinantem,

1337 2376 1567 2403 excommunicet
1583 2379 1607 2401 et
1627 2376 1663 2401 al»
1680 2375 1773 2401 officio
1787 2375 1930 2400 deturbet.
1947 2375 2025 2407 11100.
2041 2377 2084 2401 28,
2103 2375 2149 2401 rol.
2165 2378 2208 2405 ὅτι,
2227 2375 2347 2401 curiales

1337 2434 1403 2452 aun.
1421 2426 1466 2458 ΙΙΙ,
1485 2430 1516 2451 u⁰
1530 2428 1563 2451 2:
1581 2425 1726 2450 Porrima
1751 2424 1857 2453 iscla.)

1379 2542 1394 2561 11
1416 2531 1521 2560 Fratri
1550 2530 1699 2563 min-nsit»,
1719 2529 1834 2559 ordinis
1862 2529 2026 2564 Minor-mn,
2047 2529 2206 2569 capellano
2235 2537 2347 2561 nostro.

1339 2585 1425 2620 Quia
1442 2593 1558 2614 omnes
1573 2584 1639 2614 sere
1655 2583 1818 2616 civitates,
1834 2585 2018 2621 cunctaque
2031 2585 2141 2613 castra
2157 2586 2187 2613 et
2199 2584 2264 2613 alia
2279 2585 2350 2614 loca

1340 2637 1539 2668 Patrimonii
1558 2636 1645 2666 beati
1669 2636 1759 2666 Petri
1781 2637 1813 2665 111
1830 2636 1953 2665 'I'uscia
1970 2639 2000 2665 et
2019 2636 2160 2666 ducatus
2178 2637 2349 2675 Spoletani

1341 2700 1377 2720 ac
1403 2690 1623 2729 quamplures
1648 2689 1712 2718 alie
1737 2691 1824 2719 terre
1848 2690 1999 2719 Romane
2026 2689 2166 2719 ecclesie
2192 2691 2352 2729 cognitio-

1341 2752 1416 2773 nem
1433 2751 1609 2773 causarum
1627 2742 1906 2780 appellationum,
1925 2751 1988 2780 que
2004 2742 2044 2771 ad
2061 2743 2175 2772 sedem
2194 2743 2353 2781 apostoli-

1341 2805 1413 2826 cam
1433 2797 1464 2826 et
1483 2797 1641 2826 rectores.
1667 2804 1750 2833 quos
1775 2795 1808 2824 in
1830 2795 1957 2825 eisdem
1988 2795 2202 2834 patrhnonio,
2231 2796 2353 2826 ducatu

1342 2851 1374 2879 et
1404 2849 1504 2878 terris
1538 2848 1653 2878 eadem
1684 2848 1826 2878 ecclesia
1854 2848 1984 2886 preficit
2022 2848 2225 2886 specialiter,
2255 2849 2353 2887 plene

1343 2902 1498 2940 pertiuet,
1526 2910 1688 2939 usurpare
1713 2900 1846 2939 sibique
1865 2901 2041 2931 vendicare
2064 2904 2351 2940 presumpserant.
