2547 3289
1134 259 1348 292 D'URBAIN
1372 261 1431 292 IV.

238 342 509 381 Escalquenquis
538 344 569 372 et
597 342 817 380 capitularios
845 342 915 372 sive
940 342 1108 376 consules,
1135 342 1251 372 civita·
1278 348 1279 351 ’

238 397 307 426 tem
330 395 515 434 predictam
539 396 569 425 et
589 395 656 425 alia
673 403 882 434 quecumque
904 395 976 425 loca
995 403 1053 425 seu
1072 403 1248 433 personas,

237 449 394 487 pretextu
422 448 612 478 litterarum
647 456 750 486 super
780 448 1003 486 requisitione
1029 456 1065 477 ac
1101 448 1250 486 compul-

1279 472 1281 500 l

237 500 332 531 sione
353 501 518 530 dictorum
545 500 725 531 senescalli
743 502 773 530 et
801 500 945 530 aliorum
972 500 1021 530 eis
1044 500 1248 530 directarum
1279 515 1280 518 =

236 553 398 591 prolatas,
427 553 625 584 auctoritate
653 554 769 583 nostra
795 560 951 582 revocare
979 552 1115 588 curetis,
1141 552 1249 590 ipsas-

236 614 300 644 que
328 606 535 636 denuntietis
555 615 615 645 per
633 614 693 636 vos
710 606 763 636 vel
788 605 893 635 alium
920 614 980 634 seu
1007 605 1093 635 alios
1115 613 1248 635 revoca-

235 659 299 689 tas.
327 658 600 689 Contradictores
619 660 680 689 etc.
705 659 779 689 Non
803 658 957 688 obstante
981 658 1011 687 si
1035 657 1208 696 aliquibus
1231 666 1249 687 a

236 711 315 742 sede
349 711 534 749 apostolica
572 711 615 742 sit
657 711 826 741 indultum
864 710 953 749 quod
984 710 1246 744 excomunicari,
1278 744 1279 749 ¹

236 764 397 803 suspendi
418 764 471 794 vel
495 764 652 794 interdici
670 772 736 794 non
760 763 892 801 possint
916 771 976 801 per
999 762 1131 792 litteras
1156 762 1248 792 sedis
1278 759 1279 762 ’

237 817 388 856 ejusdem
428 826 492 856 que
520 817 559 847 de
584 816 715 847 indulto
746 815 941 854 hujusmodi
969 815 1105 853 plenam
1136 817 1167 845 et
1192 824 1247 845 cx-

236 879 390 909 pressam
411 879 477 900 non
497 869 637 900 fecerint
663 870 881 900 mentionem.
897 869 1021 899 Datum
1039 870 1074 898 ut
1093 877 1196 907 supra
1211 868 1246 898 in
1277 880 1278 887 ¹

237 923 404 962 proxima.
425 934 439 951 ))

325 1095 396 1126 447

271 1172 399 1199 Scabinis
411 1174 439 1200 et
455 1171 658 1200 communitati
674 1171 871 1199 Gandensibus
888 1172 1016 1207 indulget
1034 1180 1068 1198 ne
1086 1174 1166 1199 extra
1183 1173 1250 1200 Tor-

833 1093 959 1127 Orvieto,
973 1093 1007 1119 27
1019 1093 1082 1128 juin
1099 1093 1176 1120 1264.

236 1229 392 1248 uacensem
408 1221 547 1248 diocesim
566 1221 595 1247 in
614 1229 729 1248 causam
746 1229 763 1247 a
776 1229 918 1256 quoquam
935 1221 1010 1248 trahi
1025 1221 1148 1248 valeant.
1167 1221 1246 1255 (Rae.
1278 1240 1279 1243 η

235 1271 279 1301 27,
299 1269 347 1297 fol.
371 1271 430 1302 128,
444 1275 474 1296 n⁰
493 1270 528 1305 1.)

275 1374 290 1393 1(
312 1363 454 1394 Scabine's
486 1368 513 1394 et
538 1364 719 1394 comunitaez·
741 1363 811 1394 ville
839 1363 1017 1400 Gandensis,
1051 1364 1250 1395 Tornacensis

235 1416 370 1448 diocesis.
391 1417 587 1456 Apostolice
610 1417 702 1448 sedis
722 1417 914 1457 benignitas
931 1436 980 1447 —.
1006 1418 1131 1449 Datum
1160 1419 1249 1458 apud

234 1470 525 1506 Urbemveterem,
544 1481 562 1500 v
578 1471 742 1502 kalendas
756 1471 846 1510 julii,
866 1479 952 1502 anno
969 1472 1080 1502 tertio.
1102 1484 1115 1498 »

325 1636 398 1667 448
828 1634 952 1665 Orvieto,
969 1634 1002 1661 27
1016 1634 1080 1670 juin
1096 1635 1177 1662 1264.

270 1713 455 1748 infrascripto
480 1713 620 1748 praedicti
637 1713 795 1741 committit
815 1713 1014 1740 executionem
1037 1713 1150 1741 indulti.
1169 1714 1246 1749 (Rae.

232 1764 280 1797 ⁶27,
302 1762 350 1790 fol.
369 1764 428 1796 128,
445 1766 477 1788 no
492 1763 531 1797 2.)

277 1866 292 1883 «
317 1880 323 1886 .
358 1878 364 1884 .
387 1855 491 1884 abbati
508 1854 536 1884 b.
556 1854 654 1884 Marie
683 1854 926 1889 Tronchinensis,
957 1854 1248 1884 premonstratensis

234 1907 363 1945 ordinis,
388 1907 585 1938 Tornacensis
604 1907 740 1938 diocesi&
768 1908 963 1947 Apostolice
985 1908 1086 1942 sedis,
1116 1910 1176 1939 etc.
1196 1926 1245 1939 -——.

234 1962 360 1992 Datum
378 1964 454 1996 etc.,
470 1963 507 1992 ut
527 1969 640 2000 supra.
660 1972 674 1988 n

327 2128 399 2159 449
791 2126 916 2159 orvieto,
936 2126 1075 2163 lSjuillet
1097 2127 1176 2155 1264.

272 2207 387 2233 Petrum
410 2206 498 2237 Petri,
521 2206 659 2233 abbatem
686 2205 857 2233 monasterii
884 2206 1044 2234 Aslatensis
1065 2208 1102 2234 ad
1127 2207 1249 2234 Oniense

236 2255 444 2282 monasterium
461 2254 610 2287 transfert,
629 2254 686 2282 hiis
702 2263 773 2290 quae
798 2255 952 2290 Burgensis
971 2255 1123 2290 episcopus
1152 2256 1181 2282 in
1200 2256 1250 2282 hu·

231 2303 360 2339 jusmodi
375 2303 538 2338 provisione
553 2305 797 2338 praesumpserat,
810 2304 888 2339 prius
900 2304 1031 2332 cassatis.
1047 2305 1126 2338 (Rae.
1143 2305 1187 2337 27,
1200 2304 1248 2332 fol.

239 2354 299 2384 128,
315 2357 344 2379 11⁰
364 2353 403 2385 3.)

279 2445 395 2475 «Petro
405 2445 502 2481 Petri,
516 2445 621 2475 abbati
633 2447 812 2476 monasterii
827 2447 848 2476 A
857 2446 1008 2484 sitalensis,
1021 2447 1137 2476 ordinis
1149 2447 1251 2476 sancti

238 2498 408 2535 Benedicti,
431 2498 595 2538 Buryensis
611 2498 748 2530 diocesis.
767 2500 819 2530 Ex
832 2502 926 2539 parte
943 2500 1144 2531 dilectorum
1164 2500 1249 2530 filio-

238 2561 313 2583 rum
342 2577 347 2582 .
380 2576 386 2582 .
418 2551 542 2590 prioris
572 2554 603 2582 et
633 2554 819 2583 conventus
849 2553 1049 2584 monasterii
1077 2553 1249 2589 Oniensis,

239 2605 369 2637 ordinis
387 2605 494 2635 sancti
514 2605 699 2643 Benedicti,
719 2606 905 2645 Burgensis
922 2606 1080 2640 diocesis,
1098 2606 1161 2637 fuit
1176 2615 1251 2645 pro-

238 2659 388 2698 positum
407 2667 518 2688 coram
531 2657 629 2688 nobis
643 2658 743 2696 quod,
755 2658 872 2689 eodem
887 2659 1027 2690 Oniensi
1044 2659 1250 2690 monasterio

239 2712 371 2743 abbatis
391 2710 554 2750 regimine
573 2711 746 2748 destituto,
761 2711 839 2750 ipsi,
858 2712 1073 2750 proutinoris
1084 2715 1145 2749 est,
1167 2713 1251 2743 duos

240 2774 281 2797 ex
313 2764 488 2795 monacms
521 2772 631 2802 ipsius
662 2766 860 2795 monastern
892 2765 933 2794 ad
968 2765 1183 2795 pariSS¹¹nun¹
1218 2766 1251 2795 in
1280 2779 1282 2809 ἶ
1313 2783 1588 2814 11111Πειε,1ἰά811111115
1606 2783 1802 2819 jurameutum
1820 2782 1972 2817 recipiata
1990 2783 2073 2809 Petro
2086 2782 2162 2809 Petri
2179 2785 2326 2809 monaste-

241 2818 375 2849 Christo
390 2817 499 2847 filium
514 2818 667 2847 nostrum
684 2818 734 2853 Α.,
750 2825 862 2856 regem
878 2817 1024 2848 Castelle
1041 2827 1077 2848 ac
1092 2818 1252 2858 Legionis
1280 2813 1281 2824 ¹

239 2871 423 2907 illustrem,
445 2871 481 2901 ut
504 2869 697 2900 nuntiarent
724 2869 754 2900 ei
781 2870 990 2900 vacationem
1014 2871 1095 2901 dicti
1120 2879 1253 2901 monas-

239 2923 330 2959 terii,
350 2923 575 2957 destinarunt,
604 2931 747 2962 quorum
773 2922 889 2961 utique
907 2923 1147 2954 monachorum
1167 2924 1252 2954 alter

2268 265 2325 294 125

1314 343 1346 373 in
1365 344 1483 373 itinero
1504 345 1706 374 consiltutus
1733 344 1820 374 ‹lis—m
1848 344 1967 374 clausit
1990 346 2192 381 (strenuum,
2220 347 2249 375 ct
2272 354 2327 375 su-

1311 398 1442 434 perstes·
1469 405 1533 426 nou
1563 397 1661 427 rediit
1690 397 1729 426 ad
1756 397 1942 436 predictum
1965 398 2207 427 monast-frium
2237 398 2324 427 iusra

1312 450 1443 487 tempus
1475 450 1515 479 ud
1544 450 1735 487 eligendum
1767 460 1784 479 a
1817 459 1942 480 causale
1972 451 2203 480 constitutum.
2235 450 2322 480 Dicti

1311 509 1389 531 vero
1414 502 1506 540 prior
1526 504 1557 532 et
1576 504 1771 538 conventus,
1800 503 1914 541 elapso
1940 503 2130 541 hujusmodi
2159 505 2321 542 tempore,

1279 582 1280 591 ¹
1310 555 1342 583 te
1371 554 1404 583 iu
1435 554 1589 585 abbatem
1611 555 1762 593 ejusdem
1790 556 1985 585 monasterii
2015 557 2244 594 postularuutg
2271 558 2323 586 set

1310 607 1515 636 venerabilis
1533 607 1635 637 frater
1653 610 1767 637 noster
1790 633 1795 638 .
1816 632 1821 637 .
1844 609 2026 647 Burgi-usis
2047 609 2238 647 cpiscopus,
2256 618 2324 639 cre-

1310 659 1393 688 dens
1406 661 1607 697 potestatem
1619 660 1816 698 providendi
1832 660 1919 689 dicto
1936 662 2139 691 monasterio
2153 662 2190 691 ‹103›
2203 661 2322 692 abbate

1312 711 1381 741 fore
1406 712 1445 741 ad
1464 712 1575 750 ipsum
1598 721 1654 750 per
1676 713 1809 750 lapsum
1833 714 1994 751 temporis·
2019 715 2200 743 secuudum
2227 724 2324 751 gene-

1310 764 1392 794 ralis
1418 766 1543 794 statuta
1569 765 1703 795 concilii
1730 765 1879 803 legitime
1912 766 2115 795 devolutam.
2144 770 2184 802 lc,
2210 767 2324 805 liujus-

1310 818 1400 847 modi
1421 817 1650 856 postulatione
1673 818 1820 856 repulsa²
1839 818 1978 857 prefecit
1999 819 2086 849 dicto
2104 821 2321 857 nimiastcrio,

1310 870 1508 900 auctoritate
1522 870 1659 908 propria
1676 870 1710 900 iu
1725 870 1891 900 abbatem.
1907 871 2013 906 L'ndc,
2032 880 2072 900 ex
2088 876 2180 909 parit¹
2196 873 2325 910 predic-

1308 924 1421 952 torum
1445 923 1570 961 prioris
1588 924 1618 953 et
1644 924 1829 953 conventus
1849 923 1911 952 suit
1935 923 2032 953 uobis
2053 923 2227 954 humiliter
2246 934 2322 963 sup-

1308 975 1470 1014 plicatum
1490 977 1525 1006 ut
1552 985 1613 1006 nos
1637 976 1727 1014 quod
1752 976 1839 1005 circa
1861 976 2055 1015 hujusmodi
2076 977 2323 1015 promotionem

1309 1032 1402 1058 tuam
1427 1028 1552 1058 factum
1581 1029 1710 1065 extitit,
1737 1030 1847 1059 ratum
1870 1029 2030 1059 habentes
2057 1031 2087 1059 et
2113 1031 2258 1068 gratum,
2287 1039 2323 1060 ac

1310 1082 1508 1120 supplentes·
1520 1082 1687 1112 defectum
1702 1082 1730 1111 si
1744 1082 1820 1121 quis
1836 1085 1867 1111 iu
1879 1082 1939 1112 hot¹
1950 1083 2073 1118 extitit,
2087 1083 2125 1112 dc
2139 1083 2322 1121 :qiostolice

1310 1135 1521 1173 plenitudine
1552 1135 1731 1173 potestatis
1771 1136 1970 1165 confirmare
2007 1136 2091 1165 illud
2124 1136 2323 1166 auctoritate

1311 1188 1500 1226 apostolica
1529 1197 1736 1218 curaremus
1762 1189 1833 1218 Nos
1858 1189 1971 1227 igitur,
1995 1188 2193 1227 diligentius
2221 1191 2324 1219 atten-

1310 1241 1427 1271 dentes
1450 1241 1539 1279 quod
1558 1242 1598 1271 ad
1622 1241 1733 1280 ipsum
1756 1242 1963 1280 episcopum,
1990 1241 2066 1271 licet
2088 1242 2231 1280 quedam
2251 1251 2325 1280 spe-

1311 1294 1411 1324 cialia
1432 1294 1509 1333 jura
1537 1294 1686 1325 obtineat
1710 1294 1743 1324 in
1761 1294 1967 1324 monasterio
1986 1294 2071 1332 ipso,
2092 1303 2157 1324 nou
2177 1297 2248 1324 erat
2265 1304 2324 1333 per

1310 1347 1444 1386 lapsum
1458 1347 1621 1386 temporis
1634 1347 1833 1386 providendi
1848 1347 1934 1378 dicto
1948 1347 2153 1377 mouasteriae)
2169 1347 2325 1378 devoluta

1310 1402 1472 1438 potestas,
1504 1409 1579 1430 cum
1606 1401 1691 1431 sicut
1715 1402 1783 1430 tam
1810 1409 1851 1430 ex
1880 1402 2011 1439 regesto
2038 1400 2147 1430 felicis
2173 1401 2325 1430 recorda—

1310 1454 1414 1483 tionis
1443 1454 1635 1484 Innocencii
1661 1454 1754 1484 tertii
1787 1462 1887 1492 quam
1917 1462 1957 1484 ex
1983 1456 2098 1483 tenore
2134 1453 2324 1483 litterarum

1310 1507 1453 1537 Honorii
1465 1507 1568 1543 tertii,
1580 1507 1778 1546 pontificum
1791 1507 2035 1541 Romanorum,
2046 1506 2323 1545 predecessorum

1311 1561 1517 1595 nostrorum,
1530 1559 1702 1589 evidenter
1716 1561 1866 1598 apparet,
1879 1559 1966 1589 idem
1986 1559 2230 1589 monasterium
2250 1568 2322 1597 pre-

1310 1614 1360 1642 ter
1386 1621 1487 1651 quain
1517 1612 1551 1642 in
1574 1612 1768 1651 hujusmodi
1785 1611 1920 1651 juribus
1943 1612 2042 1650 plena
2063 1612 2203 1650 gaudeat
2226 1611 2322 1641 liber-

1309 1666 1388 1702 tate,
1398 1665 1556 1704 quicquid
1565 1673 1625 1703 per
1634 1665 1778 1695 eundem
1791 1665 1986 1703 episcopum
1996 1664 2082 1694 circa
2091 1664 2321 1703 provisionem

1309 1718 1503 1757 hujusmodi
1520 1719 1755 1756 attemptatum
1774 1717 1896 1752 extitit,
1917 1717 2102 1756 apostolica
2122 1717 2321 1748 auctoritate

1309 1780 1484 1801 cassamus
1498 1772 1530 1801 et
1545 1771 1731 1807 irritamus,
1746 1771 1850 1800 immo
1862 1770 1976 1809 potius
1993 1779 2127 1800 cassum
2140 1772 2170 1800 et
2185 1770 2321 1800 irritum

1309 1824 1517 1854 nuntiamus
1538 1825 1678 1859 Verum,
1705 1823 1794 1862 quia,
1816 1823 1901 1853 sicut
1922 1832 1963 1853 ex
1985 1823 2230 1861 fidedignarum
2249 1832 2321 1862 per-

1310 1886 1469 1907 sonarum
1492 1877 1688 1907 testimonio
1707 1876 1804 1907 nobis
1826 1876 1984 1912 innotuit,
2009 1876 2134 1905 dictum
2156 1878 2322 1906 monaste·

1310 1931 1398 1961 rium
1424 1930 1545 1960 utilius
1563 1939 1622 1968 per
1646 1932 1678 1960 te
1696 1938 1795 1968 quam
1817 1938 1876 1968 per
1894 1929 1998 1959 alium
2019 1929 2079 1959 hoc
2099 1931 2250 1968 tempore
2265 1938 2320 1968 po-

1309 1984 1400 2019 terit,
1425 1985 1494 2013 tam
1506 1983 1541 2013 in
1556 1982 1794 2021 spiritualibus
1815 1991 1917 2021 quam
1932 1982 2188 2021 temporalibus,
2204 1982 2324 2021 guber-

1310 2037 1396 2072 nari,
1424 2044 1485 2066 nos
1500 2037 1557 2066 tue
1580 2035 1760 2074 probitatis
1784 2036 1815 2065 et
1842 2035 2027 2066 honestatis
2054 2035 2199 2071 meritis,
2219 2043 2323 2073 super

1311 2088 1436 2128 quibus
1464 2088 1634 2119 laudabile
1664 2088 1727 2119 tibi
1753 2089 1988 2119 testimonium
2012 2088 2218 2127 perhibetur,
2247 2097 2323 2127 pro-

1311 2143 1390 2172 vida
1410 2142 1630 2173 meditatione
1646 2142 1809 2181 pensatis,
1829 2143 1861 2172 te
1879 2150 1897 2171 a
1913 2142 2047 2172 vinculo
2066 2150 2130 2180 quo
2149 2141 2325 2172 Asiatensi

1310 2195 1437 2226 teneris
1463 2195 1681 2231 monasterio,
1716 2194 1930 2225 absolventes
1960 2196 1992 2224 et
2015 2194 2259 2225 transferentes
2283 2194 2324 2224 ad

1311 2249 1458 2279 Oniense
1489 2248 1690 2287 predictum,
1723 2256 1883 2278 concessa
1910 2247 1972 2277 tibi
2002 2247 2140 2277 licentia
2171 2248 2209 2277 ad
2238 2247 2324 2277 illud

1311 2301 1416 2332 libere
1444 2301 1655 2337 transeundi,
1684 2301 1793 2331 eidem
1821 2301 1961 2332 Oniensi
1990 2300 2195 2330 monasterio
2222 2302 2254 2330 te
2283 2301 2323 2331 de

1311 2354 1487 2393 potestatis
1513 2354 1696 2393 apostolice
1720 2354 1930 2393 plenitudine
1958 2354 1992 2383 in
2016 2353 2171 2383 abbatem
2195 2353 2326 2391 prefici-

1312 2416 1388 2437 mus
1416 2408 1448 2437 et
1476 2409 1646 2446 pastorem
1678 2425 1727 2437 —.
1758 2408 1881 2437 Datum
1911 2406 1999 2445 apud
2030 2406 2321 2442 Urbemveterem,

1311 2470 1352 2490 xv
1370 2460 1533 2490 kalendas
1548 2461 1694 2499 augusti,
1719 2468 1804 2490 anno
1824 2460 1935 2490 tertio.
1957 2471 1971 2487 »

1402 2652 1475 2683 450
1872 2650 1996 2681 Grvmio,
2014 2651 2042 2676 21
2059 2649 2152 2684 juillet
2176 2650 2251 2676 1264.

1349 2734 1487 2769 Episcopo
1512 2735 1661 2762 Palentino
1678 2736 1796 2761 mandat
1814 2737 1963 2769 quatenus,
1983 2734 2098 2761 nomine
2114 2734 2253 2761 ecclesiae
2272 2734 2324 2761 Ro·

1313 2831 1355 2857 rio
1369 2831 1483 2858 Oniensi
1496 2832 1524 2858 in
1536 2832 1669 2859 abbatem
1686 2831 1840 2866 praefecto,
1858 2830 2205 2867 formamquejuramenti
2220 2831 2326 2865 recepti

1313 2887 1362 2914 per
1377 2879 1466 2914 ipsius
1483 2881 1594 2907 abbatis
1606 2880 1736 2907 nuntium
1754 2888 1844 2915 papae
1857 2880 2047 2906 transmittat.
2061 2880 2138 2915 (nuc.
2154 2881 2196 2910 27,
2211 2879 2259 2908 sol.
2278 2880 2327 2907 ¹28

1314 2934 1349 2959 νο,
1368 2934 1396 2955 [1ο
1415 2929 1452 2964 1.)
