2547 3289
1010 237 1249 274 TROISIEME
1271 238 1436 288 ANNEE.
2206 257 2261 285 281

183 331 385 370 dempnasti.
418 331 487 360 Nos
516 329 629 368 igitur,
656 327 695 357 de
718 327 911 365 huJusmodi
948 335 1109 365 processu
1135 329 1193 358 tuo

183 384 362 416 certificari
397 383 558 417 volentes,
597 380 793 410 discretioni
828 381 883 410 tue
917 388 975 418 per
1009 380 1194 418 apostolica

183 438 308 476 scripta
319 435 535 476 precipiendo
549 434 750 463 mandamus
766 433 925 472 quatinus
940 434 1047 463 totum
1063 442 1194 471 proces-

183 500 259 520 sum
280 490 396 520 contra
414 487 557 517 eundem
580 486 789 517 Ber-nardum
816 485 979 521 habitum,
1002 486 1033 515 in
1057 487 1194 524 scriptis

182 543 366 577 redactum,
392 539 588 570 nominibus
612 539 753 570 testium
781 539 837 577 (1111
857 540 971 568 contra
998 548 1074 568 eum
1096 539 1195 577 depo-

183 596 334 631 suerunt,
349 593 565 631 aliquatenus
580 601 645 622 non
660 592 845 630 expressis,
860 592 901 621 ad
914 600 975 621 nos
989 600 1047 630 per
1061 592 1194 621 1111010111

182 648 338 679 nuntium
357 646 420 676 sub
436 648 494 676 tuo
513 645 638 683 sigillo,
659 645 793 675 sublata
811 645 959 683 qualibet
981 645 1192 678 difficultate,

181 700 412 734 transmittas3
430 700 461 728 01
481 699 509 728 si
529 701 560 728 te
579 699 621 728 ad
640 698 898 736 inquisitionem
919 699 1034 727 contra
1051 698 1194 727 eundem

181 753 402 785 Guillelmum
421 752 601 789 procedere
621 751 706 781 sorte
730 750 919 789 contigerit,
941 751 988 779 sic
1008 752 1103 780 tuum
1127 751 1194 780 stu-

182 807 260 836 deas
279 804 427 843 equitate
451 813 487 834 ac
509 804 644 842 justitia
669 803 787 833 fulcire
811 812 1020 841 processum,
1048 804 1083 832 ut
1105 803 1195 832 idem

181 866 362 898 processus
386 857 480 886 nulla
500 856 777 895 reprehensionis
802 856 943 893 recipiat
964 856 1192 893 punctionem,

181 911 377 949 nullamque
395 909 603 940 Guillelmus
618 910 745 948 Justam
772 908 890 938 habeat
908 909 948 938 de
967 911 999 938 te
1019 909 1194 938 materiam

181 963 419 1002 conquerendi.
437 963 562 992 Datum
576 962 664 1000 apud
678 961 967 996 Urbemveterem,
984 961 1082 991 nonis
1099 961 1193 998 maii,

181 1025 268 1048 anno
283 1016 359 1046 1110.
385 1027 400 1044 »

761 1177 885 1208 Orvieto,
902 1178 936 1204 30
953 1177 1025 1203 avril
1045 1177 1123 1204 1254.

271 1180 345 1210 556

217 1262 355 1297 Episcopo
382 1261 581 1289 Aurelianensi
609 1264 637 1288 et
665 1261 764 1288 abbati
786 1270 810 1289 s.
834 1261 992 1288 Genovefae
1023 1261 1195 1289 Parisiensis

182 1312 299 1338 mandat
315 1313 373 1338 uta
384 1311 526 1338 sententia
536 1310 843 1338 excommunicationis
857 1310 1007 1337 absolvant
1015 1313 1108 1337 certos
1121 1320 1198 1338 mer-

181 1362 290 1387 catores
307 1359 507 1386 Pistoricnses,
520 1360 548 1386 in
564 1359 693 1394 partibus
706 1359 813 1386 Galliae
828 1362 1055 1389 commorantes,
1067 1360 1164 1394 eisque
1179 1369 1195 1386 a

181 1409 239 1436 suis
264 1408 440 1435 debitoribus
465 1408 695 1435 satisfactionem
721 1408 895 1442 condignam
923 1407 1050 1434 exhiberi
1079 1408 1197 1435 saciant.

181 1458 260 1493 (Rau.
279 1458 323 1490 28,
343 1457 392 1484 sol.
407 1457 450 1488 48,
470 1465 538 1484 ann.
555 1456 601 1489 111,
620 1457 736 1489 n0159.)

223 1563 237 1582 ((
254 1578 259 1583 ,
279 1553 441 1592 ‚episcopo
454 1551 669 1582 Aurelianensi
684 1558 710 1582 ec
729 1575 737 1582 .
754 1578 760 1583 .
775 1553 879 1582 abbati
894 1564 919 1582 S.
939 1553 1198 1592 Gcnovefe‘l’ari-

182 1604 297 1633 siensis.
319 1604 405 1639 Quia
431 1605 521 1634 cives
545 1604 787 1641 Pistorienses,
814 1605 871 1643 qui
895 1605 1067 1635 civitatem
1088 1605 1197 1635 Pisto-

184 1658 331 1687 riensem
347 1658 407 1687 hoc
424 1659 573 1696 tempore
589 1658 752 1694 detinent,
770 1660 886 1688 contra
904 1658 1076 1688 civitatem
1095 1659 1198 1689 Luca-

182 1719 272 1747 nam,
301 1711 392 1741 sedis
417 1711 600 1749 apostolice
623 1711 890 1747 devotissimam,
911 1711 1099 1742 exercitum
1124 1720 1199 1742 con-

182 1772 330 1803 gregare,
348 1773 451 1802 seque
469 1765 509 1794 ad
523 1765 771 1802 procedendum
788 1765 958 1794 hostiliter
977 1766 1092 1795 contra
1104 1765 1198 1796 illam

183 1818 357 1856 accingere
384 1817 593 1851 dicebantur,
620 1826 681 1847 nos
705 1817 900 1856 hujusmodi
922 1827 1024 1856 pravo
1045 1819 1197 1856 ipsorum

183 1870 368 1910 proposito,
402 1879 443 1900 ex
472 1879 537 1909 quo
571 1872 703 1910 strages
738 1879 916 1909 corporum
947 1873 977 1901 et
1006 1871 1197 1901 animarum

182 1923 334 1962 pericula
358 1923 537 1962 procedere
562 1925 728 1962 poterant,
756 1923 941 1962 apostolica
967 1923 1198 1954 sollicitudine

182 1976 319 2006 obviare
339 1976 503 2010 volentes,
520 1976 613 2012 olim,
632 1977 666 2006 in
683 1976 769 2006 sesto
785 1977 1006 2007 Ascensionis
1020 1977 1197 2007 Dominice

182 2029 338 2068 proximo
352 2029 524 2067 preterito,
537 2029 672 2059 eosdem
688 2030 779 2060 cives
790 2030 1030 2065 pistorienses,
1042 2031 1198 2068 presente

181 2085 261 2113 tunc
278 2082 428 2111 fidelium
450 2083 708 2121 congregatione
729 2083 905 2119 catholica,
929 2083 1109 2113 manifeste
1130 2092 1199 2113 mo-

183 2135 322 2164 nuimus
345 2135 497 2173 ipsisque
519 2135 706 2173 apostolica
728 2135 927 2165 auctoritate
948 2136 1100 2166 districte
1124 2145 1199 2175 pre-

183 2189 336 2226 cepiinus
367 2192 413 2223 111,
443 2188 483 2217 ab
510 2189 705 2226 hujtismodi
736 2189 907 2219 exercitus
941 2190 1198 2228 congregatione

183 2241 334 2271 totaliter
359 2242 575 2277 desistentes,
597 2244 712 2272 contra
733 2242 918 2280 predictam
941 2243 1111 2273 civitatem
1135 2244 1199 2273 Lu-

184 2302 300 2323 canam
328 2294 443 2332 ejusve
478 2295 688 2324 territorium
718 2304 777 2325 seu
807 2295 998 2326 districtum
1029 2296 1199 2326 hostiliter

185 2347 366 2385 procedere
386 2347 579 2377 nullatenus
598 2350 853 2386 attemptarent,
878 2350 928 2378 set
948 2349 1036 2379 infra
1053 2358 1199 2387 sequens

185 2402 264 2429 tunc
292 2399 415 2429 festum
443 2398 618 2430 beatorum
645 2401 877 2439 apostolorum
906 2402 997 2432 Petri
1025 2404 1057 2432 et
1086 2403 1197 2440 Pauli,

186 2452 275 2491 quod
287 2460 346 2490 pro
360 2454 586 2491 peremptorio
601 2454 650 2483 eis
665 2455 864 2492 pretiximus
877 2456 1033 2489 termino,
1052 2456 1093 2485 ab
1108 2456 1199 2486 omni

186 2504 312 2541 favore,
333 2513 432 2543 quein
450 2507 647 2544 impendunt
663 2507 848 2543 Manfredo,
866 2509 1035 2546 quondam
1053 2509 1198 2548 principi

187 2558 381 2592 Tarentino,
402 2560 610 2596 persecutori
627 2561 768 2590 ecclesie
783 2561 975 2597 manifesto⁷
995 2563 1200 2593 desistentes

187 2611 335 2647 omnino,
367 2612 407 2640 ad
436 2612 633 2642 mandatum
661 2613 800 2643 ecclesie
826 2614 1000 2645 humiliter
1028 2618 1059 2645 01
1081 2616 1199 2646 devote

187 2664 353 2701 redirent:
383 2668 495 2703 aperte
516 2674 649 2704 quoque
674 2667 887 2704 prediximus
913 2669 1013 2706 quod,
1037 2669 1065 2698 si
1086 2671 1201 2700 contra

187 2718 373 2756 predictum
395 2718 566 2748 civitatem
588 2720 758 2749 Lucanam
777 2721 890 2758 ejusve
908 2722 1118 2752 territorium
1141 2732 1200 2753 seu

186 2771 379 2801 districtum
397 2771 566 2801 hostiliter
585 2773 766 2810 procedere
784 2773 868 2803 forte
885 2778 1130 2812 presumerent,
1148 2777 1200 2806 vel

188 2824 254 2854 nisi
272 2824 360 2853 intra
383 2824 570 2862 predictum
589 2825 772 2855 terminum
795 2826 835 2855 ab
859 2827 1011 2865 ejusdem
1033 2829 1200 2859 Manfredi

189 2878 301 2907 favore
321 2878 535 2913 desisterent,
557 2880 589 2907 et
607 2879 755 2908 redirent
773 2880 814 2909 ad
834 2881 1028 2910 mandatum
1044 2882 1200 2918 ecclesie,

189 2932 223 2960 ut
241 2932 291 2960 est
310 2931 448 2965 dictum,
465 2939 526 2960 nos
539 2931 579 2960 ad
594 2931 784 2961 faciendum
800 2933 873 2971 capi
889 2942 1052 2971 personas
1067 2936 1099 2965 et
1115 2935 1201 2965 bona

315 2998 453 3024 URBAIN
477 2997 529 3029 IV,
552 3000 573 3024 t.
596 2997 634 3027 11,
658 2999 721 3031 Rey.
744 2999 803 3025 ord.

1255 328 1420 367 ipsorum,
1440 329 1642 368 ubicumque
1663 332 1905 367 invenirentur,
1923 337 1953 364 et
1971 335 2056 365 alias
2075 337 2175 367 etiam
2193 348 2264 368 con-

1253 382 1305 411 tra
1334 381 1427 420 ipsos
1455 384 1487 412 et
1515 383 1685 413 civitatem
1723 385 1873 423 ipsorum
1907 387 2025 418 durius·
2053 391 2081 419 ct
2110 392 2265 428 asperius

1254 434 1479 472 spiritualiter
1499 436 1530 465 et
1555 438 1795 474 temporaliter.
1827 442 1923 477 prout
1951 441 2143 472 videremus
2167 453 2265 482 expe-

1254 487 1363 519 diens.
1379 488 1559 526 procedere
1578 498 1785 520 curarcnius.
1806 493 1942 524 Verum.
1962 495 2040 532 quia
2056 495 2158 525 iidem
2176 497 2265 526 cives

1254 540 1493 577 Pistorienses,
1518 550 1576 571 nec
1599 542 1757 572 timentes
1779 545 1884 574 licum
1906 555 2012 585 neque
2036 549 2149 578 sedem
2170 558 2265 588 apos-

1254 594 1389 623 tolicam
1408 596 1613 625 reverentes-
1629 595 1670 625 111)
1685 595 1879 634 hujusmodi
1898 602 2154 639 coimregatione
2174 611 2267 632 exer-

1224 674 1225 678 ,
1255 646 1341 676 citus
1362 647 1556 677 nullatenus
1574 648 1794 685 destiterunt:
1814 651 1882 687 sed,
1907 662 1944 681 eo
1963 658 2172 693 coinrregato,
2193 665 2266 693 pro-

1224 707 1225 742 1
1255 702 1427 729 cesserunt
1446 700 1616 731 hostiliter
1635 704 1750 732 contra
1769 702 1891 732 dictam
1909 705 2077 735 civitatem
2097 708 2265 737 Lucanam

1225 792 1226 797 1
1255 751 1394 790 ejusque
1421 753 1631 784 territorium
1660 756 1691 785 et
1723 755 1927 791 districtum,
1963 766 2020 787 nec
2049 759 2149 789 ctiam
2180 760 2267 791 infra

1255 804 1447 843 hujusmmli
1476 807 1671 843 terminum,
1697 812 1912 840 recesserunt
1937 819 1997 840 seu
2025 812 2225 842 destiterunt
2250 824 2267 843 a

1256 857 1368 888 favore
1387 859 1526 896 predicti
1544 860 1711 891 Mant'redi
1732 870 1839 900 neque
1857 864 1895 892 ad
1912 865 2107 894 mandatum
2126 866 2267 896 ecclesie

1256 913 1333 940 sunt
1354 913 1493 948 reversi,
1522 922 1595 949 nOS,
1618 915 1770 945 volentes
1799 918 1833 946 ut
1853 917 1955 946 iidem
1976 918 2066 947 cives
2084 919 2268 949 Pistorien-

1256 972 1323 999 ses‚
1343 965 1399 1002 qui
1424 966 1595 1004 elegerunt
1616 968 1725 1005 perire
1747 969 1859 1006 potius
1878 979 1978 1008 quam
1997 979 2126 1009 parere,
2148 981 2269 1010 penam

1256 1025 1315 1054 pro
1332 1017 1484 1055 ipsorum
1504 1021 1758 1058 presumptione
1775 1023 1806 1052 et
1820 1024 2030 1053 contumacia
2047 1026 2269 1063 reportarent,

1256 1071 1392 1100 eosdem
1409 1072 1500 1102 cives
1520 1073 1553 1102 in
1569 1073 1653 1103 festo
1672 1075 1900 1112 predictorum
1915 1078 2157 1115 apostolorum,
2173 1087 2272 1117 prop-

1257 1123 1308 1152 ter
1331 1122 1525 1162 hujusmodi
1553 1134 1668 1156 eorum
1698 1130 1995 1166 presumptuosam
2023 1131 2270 1161 contumaciam

1258 1178 1290 1206 et
1314 1178 1545 1208 contumacem
1574 1181 1878 1218 presumptionem,
1909 1184 2272 1214 excommunicationis

1258 1231 1289 1259 et
1303 1230 1526 1262 anathematis
1541 1232 1675 1263 vinculo
1688 1233 1849 1264 duximus
1862 1235 2084 1271 innodandos,
2100 1238 2271 1267 universis

1259 1284 1291 1313 et
1307 1283 1452 1323 singulis
1470 1286 1666 1316 eorumdem
1684 1287 1809 1317 civium
1834 1288 2044 1319 debitoribus
2062 1292 2092 1320 et
2116 1290 2272 1321 omnibus

1259 1336 1298 1366 de
1322 1336 1421 1367 bonis
1449 1347 1565 1368 eorum
1593 1339 1796 1370 habentibus
1826 1342 2078 1381 undecumque.
2108 1346 2138 1373 et
2165 1344 2273 1382 cujus-

1259 1399 1402 1429 cumque
1415 1394 1535 1428 status,
1548 1393 1756 1423 condicionis
1769 1397 1799 1424 et
1815 1395 1991 1433 dignitatis
2004 1396 2125 1433 forent,
2142 1399 2272 1427 astante

1259 1444 1338 1473 tunc
1356 1444 1446 1474 fideli
1461 1446 1597 1484 populo,
1609 1447 1648 1476 de
1658 1446 1801 1477 fratrum
1818 1450 2012 1479 nostrorum
2029 1450 2184 1486 consilio,
2197 1460 2270 1480 auc-

1258 1498 1395 1528 toritate
1414 1499 1612 1536 apostolica,
1638 1500 1700 1530 sub
1719 1509 1804 1539 pena
1823 1503 2183 1533 excommunicationis¹
2205 1504 2271 1533 dis-

1259 1551 1393 1581 trictius
1422 1551 1614 1583 inhibentes
1648 1563 1689 1583 ne
1721 1555 1807 1592 ipsis
1838 1556 2107 1586 Pistoriensibus
2141 1557 2272 1587 civibus

1260 1604 1374 1642 aliqua
1387 1605 1427 1634 de
1443 1605 1566 1635 debitis
1576 1610 1606 1636 et
1618 1606 1716 1637 bonis
1730 1607 1923 1646 hujusmodi
1937 1610 1971 1638 in
1984 1612 2077 1648 parte
2091 1611 2143 1640 vel
2158 1611 2190 1640 in
2203 1613 2271 1641 toto

1259 1657 1489 1695 restituerent,
1511 1659 1584 1689 sine
1603 1660 1760 1690 mandato
1779 1663 1894 1691 nostro
1911 1662 1962 1691 vel
1978 1662 2115 1693 licentia
2132 1664 2271 1702 speciali

1259 1709 1403 1741 faciente
1430 1712 1563 1750 plenam
1592 1714 1623 1742 et
1643 1722 1841 1751 expressam
1866 1715 1905 1744 de
1932 1715 2134 1745 inhibitione
2159 1716 2273 1755 hujus-

1260 1764 1350 1794 modi
1370 1764 1593 1800 mentionemg
1615 1766 1674 1795 sed
1692 1766 1750 1796 illa
1769 1769 1941 1806 tamquam
1959 1771 2123 1799 arrestata
2142 1770 2271 1799 tamdiu

1259 1817 1460 1854 detinerent,
1487 1819 1590 1849 donec
1619 1828 1720 1858 super
1745 1820 1939 1857 hujusmodi
1964 1821 2088 1852 debitis
2116 1825 2147 1852 et
2174 1823 2272 1853 bonis

1259 1871 1459 1901 duceremus
1485 1872 1534 1902 eis
1561 1873 1654 1902 aliud
1678 1874 1933 1913 injungemlum,
1962 1884 2027 1905 non
2058 1875 2272 1907 obstantibus

1259 1924 1431 1963 aliquibus
1461 1925 1586 1955 litteris
1608 1927 1804 1964 apostolicis
1832 1936 1932 1966 super
1960 1928 2087 1958 eisdem
2113 1929 2212 1959 bonis
2241 1932 2271 1960 et

1259 1977 1382 2008 ciebitis
1402 1978 1443 2007 ad
1463 1988 1693 2018 quoscumque
1709 1980 1839 2017 judices
1860 1981 2051 2020 impetratis
2071 1983 2122 2012 vel
2146 1983 2179 2012 in
2198 1992 2272 2021 pos-

1258 2033 1368 2061 terum
1387 2031 1621 2069 impetrandis,
1640 2033 1705 2062 nisi
1723 2033 1755 2062 in
1772 2034 1899 2063 eisdem
1920 2035 2141 2073 impetrandis
2157 2036 2196 2065 110
2213 2037 2271 2066 hac

1259 2084 1460 2114 inhibitione
1480 2085 1579 2123 plena
1592 2088 1622 2116 et
1639 2094 1799 2124 expressa
1815 2088 1940 2117 mentio
1956 2087 2145 2118 haberetur.
2170 2090 2272 2119 Mani-

1260 2138 1344 2167 feste
1367 2138 1508 2176 insuper
1532 2139 1744 2177 prediximus
1771 2142 1800 2169 et
1831 2143 1944 2178 aperte
1978 2142 2272 2179 prenuntiavimus

1259 2191 1359 2230 quod,
1382 2191 1449 2221 nisi
1478 2192 1557 2222 dicti
1578 2193 1668 2222 cives
1687 2202 1794 2232 usque
1813 2194 1854 2223 ad
1875 2194 1995 2224 festum
2016 2196 2272 2234 Assumptionis

1259 2243 1354 2274 beate
1373 2245 1525 2283 Yirginis
1546 2246 1701 2284 proximo
1727 2248 1938 2284 preteritum,
1961 2249 2050 2286 quod
2071 2249 2120 2278 eis
2139 2257 2198 2286 pro
2218 2257 2272 2287 pe-

1259 2298 1443 2336 remptorio
1462 2299 1662 2336 preliximus
1681 2301 1836 2330 termino.
1856 2301 1895 2329 ab
1918 2302 2008 2330 omni
2028 2311 2168 2340 prorsus
2186 2310 2272 2338 01115-

1260 2351 1335 2381 (10111
1365 2352 1530 2381 Mant'redi
1567 2352 1680 2382 favore
1711 2353 1911 2383 desisterent
1943 2356 1973 2383 ct
2005 2355 2044 2384 ad
2078 2355 2271 2384 mandatum

1260 2405 1400 2435 ecclesie
1417 2405 1591 2435 humiliter
1606 2408 1636 2435 et
1655 2406 1772 2436 devote
1790 2407 1949 2437 redirent⁴
1969 2416 2028 2436 1105
2044 2411 2163 2437 extunc
2183 2417 2273 2437 inan-

1260 2459 1418 2488 daremus
1450 2459 1704 2489 venerabilibus
1743 2460 1903 2490 fratribus
1940 2461 2065 2489 nostris
2102 2461 2272 2491 universis

1260 2512 1474 2550 patriarchis,
1511 2513 1774 2551 archiepiscopis
1806 2516 1835 2542 ct
1869 2514 2048 2551 01115001ἰί5,
2083 2514 2271 2553 ceterisque

1261 2565 1481 2595 ecclesiarum
1513 2566 1669 2603 prelatis⁷
1703 2574 1829 2595 necnon
1859 2566 2087 2604 principibus,
2117 2567 2271 2603 ducibus,

1261 2617 1525 2652 marchionibus,
1545 2617 1739 2651 comitibus,
1760 2617 1944 2648 baronibus
1972 2628 2007 2649 ac
2032 2620 2270 2658 potestatibus,

1261 2670 1457 2708 capitaneis,
1490 2670 1697 2705 consulibus,
1731 2671 1885 2700 consiliis
1913 2674 1942 2701 et
1974 2673 2274 2703 communitatibus

1262 2724 1452 2757 civitatum,
1485 2725 1672 2752 0115110111111
1702 2723 1916 2762 aliorumque
1949 2725 2100 2756 locorum
2131 2726 2273 2756 ubilibet

1262 2776 1468 2811 constitutis,
1494 2778 1527 2805 ut
1555 2784 1717 2814 personas
1742 2778 1925 2807 eorundem
1945 2779 2207 2809 Ir‘istoriensium
2232 2781 2274 2809 ci-

1263 2830 1367 2865 vium,
1388 2838 1531 2867 quarum
1552 2830 1806 2860 arrestationem
1828 2833 1904 2860 tunc
1924 2833 2106 2870 apostolica
2127 2833 2276 2871 1101113111-

1263 2884 1330 2912 tate
1359 2882 1614 2920 suspendimus,
1639 2892 1767 2913 necnon
1791 2886 1819 2913 et
1848 2884 1934 2914 bona
1955 2885 2105 2922 ipsorum
2125 2886 2157 2915 in
2179 2887 2277 2916 terris

1265 2944 1381 2965 eorum
1399 2935 1550 2965 dominio
1583 2938 1614 2966 et
1634 2936 1866 2974 jurisdictioni
1891 2937 2063 2976 subjectis.
2085 2940 2277 2971 existentia.

2121 3006 2155 3031 30
