2547 3289
1116 272 1350 310 PREMIERE
1373 273 1538 309 ANNEE.
2329 285 2368 312 47

287 369 381 400 illius
391 367 627 399 exterminium
636 367 666 397 et
675 365 929 396 subversionem
938 366 1004 396 tota
1015 373 1073 395 sue
1085 364 1301 403 malignitatis

288 421 451 453 convertit
466 419 586 454 studia,
605 419 726 449 direxit
740 418 957 448 intentionem
973 419 1004 448 et
1021 417 1170 447 animum
1187 425 1301 456 prepa-

288 474 388 508 ravit,
404 472 554 512 improbe
571 479 710 511 sperans
731 479 766 501 se
782 479 881 510 posse
898 471 937 501 de
956 470 1056 507 facili,
1075 470 1203 500 Latinis
1218 470 1300 509 ejec-

287 526 342 564 tis,
359 526 479 557 exinde
497 524 857 563 Constantinopolitani
882 524 1012 563 imperii
1038 523 1223 554 dominium
1252 523 1299 552 in-

286 579 377 618 tegre
394 577 555 608 obtinere.
574 577 778 616 Congregato
796 576 896 615 igitur
906 577 980 615 post
996 576 1253 606 debellationem
1270 576 1300 605 et

288 631 476 670 captionem
493 630 604 660 dilecti
620 629 695 664 filii,
714 629 839 659 nobilis
850 629 924 663 viri,
938 628 1112 659 Guillelmi
1129 628 1168 658 de
1186 627 1301 657 Villar-

287 684 390 721 duno,
409 684 572 723 principis
595 683 740 722 Achaye‚
766 682 913 713 exercitu
942 681 1132 719 copioso‚et
1155 680 1301 711 civitatis

243 726 247 730 ι
289 737 656 776 Constantinopolitane
675 736 801 766 finibus
823 734 1108 774 appropinquans,
1131 734 1300 764 civitatem

286 791 438 826 eandem,
458 798 534 820 cum
549 798 614 820 non
631 790 745 828 posset
760 789 852 818 illam
869 788 1032 819 violenter
1047 794 1174 826 capere,
1190 786 1302 825 prodi-

285 842 457 874 tionaliter
473 842 656 881 occupavit,
674 841 840 872 collocans
852 841 886 870 in
901 849 938 871 ea
954 839 1110 877 superbie
1120 847 1178 869 sue
1187 838 1300 868 sedem

286 896 323 927 in
338 896 578 934 sempiternum
594 893 792 933 obprobium
810 893 1017 923 Latinorum.
1029 892 1056 923 O
1070 892 1211 930 quantos
1223 899 1299 920 con-

287 948 374 987 cepit
390 948 522 978 doleres
534 950 540 978 1
552 956 569 977 ο
583 948 662 985 quot
686 946 831 985 suspiria
845 945 981 984 protulit
994 947 1000 975 t
1014 953 1031 975 o
1048 953 1147 983 quam
1164 944 1300 974 acerbas

286 1000 404 1032 effudit
423 1000 579 1030 lacrimas
596 999 749 1030 Romana
772 999 877 1028 mater
901 997 1052 1034 ecclesia,
1077 1005 1153 1027 cum
1172 996 1300 1026 audivit

286 1053 375 1093 quod
390 1052 572 1092 predictam
588 1051 768 1087 civitatem,
784 1060 847 1090 que
862 1051 896 1081 in
913 1051 985 1089 ejus
1009 1058 1208 1089 permanens
1229 1048 1298 1079 uni-

284 1106 350 1136 tate
371 1106 406 1136 in
425 1114 486 1136 suo
502 1105 627 1144 gremio
645 1104 744 1134 altius
770 1103 948 1141 relucebat,
980 1103 1092 1133 amisit
1111 1104 1116 1132 t
1136 1102 1300 1133 Recolens

286 1159 409 1190 etenim
427 1158 515 1197 quod
535 1158 640 1188 multo
663 1160 809 1196 tempore
833 1157 932 1187 anxie
952 1156 1113 1195 vigilavit,
1131 1156 1299 1187 laboriosa

285 1211 398 1243 studia
412 1211 549 1242 intentis
563 1210 691 1249 vigiliis
709 1210 925 1245 annectendo,
939 1211 975 1240 ut
990 1209 1158 1240 civitatem
1172 1210 1236 1239 tam
1250 1209 1298 1239 in-

285 1265 398 1296 clitam
413 1266 444 1295 et
457 1264 620 1295 famosam
637 1265 770 1302 tamque
788 1263 954 1302 insignem
975 1264 1005 1294 et
1023 1263 1200 1293 amabilem
1217 1263 1299 1293 obti-

286 1319 391 1355 neret,
407 1326 535 1348 memor
551 1317 652 1347 etiam
669 1316 946 1352 sollicttudinum,
965 1317 1159 1355 sumptuum
1168 1317 1198 1347 et
1210 1316 1299 1346 labo-

286 1380 375 1407 rum,
390 1371 511 1410 quibus
524 1370 632 1400 felicis
649 1369 889 1400 recordationis
904 1370 1119 1400 Innocentius
1134 1379 1218 1410 papa
1235 1372 1298 1402 ter-

286 1425 366 1460 tius,
385 1423 601 1463 predecessor
623 1424 745 1457 noster,
770 1422 862 1452 illam
891 1423 1099 1461 imperialem
1120 1424 1236 1454 urbem
1259 1425 1299 1455 ad

287 1477 450 1509 unitatem
474 1476 670 1507 catholicam
693 1475 910 1514 conquisivit,
934 1485 970 1506 ac
995 1476 1136 1506 audiens
1159 1485 1232 1507 eam
1252 1478 1299 1508 sic

285 1530 444 1570 probrose
455 1529 695 1568 deperditatam
705 1530 735 1558 et
743 1529 784 1559 ab
793 1529 864 1568 ejus
877 1529 1064 1559 obedientia
1075 1538 1110 1559 ac
1124 1531 1298 1562 devotione

286 1584 488 1615 subtractam
520 1582 608 1614 acuti
633 1581 757 1612 doloris
779 1582 888 1620 gladio
906 1590 967 1611 sua
988 1583 1153 1620 presensit
1170 1583 1299 1614 viscera

283 1636 461 1677 perforata.
471 1636 710 1666 Verumtamen
724 1635 1028 1673 quantumcumque
1041 1635 1243 1666 immensum
1257 1645 1298 1667 ex

283 1689 346 1720 hoc
359 1688 462 1720 flebili
474 1697 554 1718 casu
572 1687 717 1718 civitatis
736 1687 886 1726 ejusdem
902 1687 1050 1717 dolorem
1064 1690 1250 1727 conceperit
1266 1691 1297 1719 et

282 1750 459 1775 merorem,
479 1749 690 1780 nequaquam
717 1740 757 1771 ob
775 1740 836 1770 hoc
853 1740 972 1770 cecidit
996 1749 1071 1780 spes
1096 1741 1215 1780 ipsius,
1237 1751 1296 1772 nec

282 1795 346 1826 fuit
370 1795 482 1825 animo
505 1794 725 1830 consternata,
743 1793 825 1832 quin
841 1793 881 1824 de
899 1793 1006 1832 ipsius
1031 1794 1176 1825 civitatis
1192 1796 1223 1825 et
1238 1804 1296 1834 per

282 1855 493 1886 consequens
505 1847 584 1877 dicti
602 1847 732 1885 imperii
747 1847 995 1885 recupera'ione
1014 1847 1155 1877 sollicite
1176 1849 1294 1886 cogita-

282 1901 345 1936 ret;
365 1900 536 1931 confidens
552 1900 586 1930 in
600 1900 657 1930 illo
668 1900 725 1939 qui
741 1900 836 1930 estin
851 1908 886 1930 se
903 1886 1109 1938 sperantium
1126 1901 1295 1938 fortitudo,

282 1953 373 1993 quod
386 1954 461 1993 post
473 1953 664 1993 hujusmodi
673 1953 914 1992 persecutionis
924 1953 1082 1989 dolorem,
1096 1954 1294 1985 consolatio-

283 2007 339 2038 nis
357 2008 517 2046 oportune
534 2006 971 2037 medelammisericorditer
988 2006 1168 2037 adhibebit.
1183 2008 1295 2038 Inlioc

281 2060 373 2091 enim
388 2060 489 2090 claret
497 2059 695 2090 excellentia
708 2059 797 2094 fidei,
819 2068 919 2098 super
931 2059 1026 2098 cujus
1040 2061 1168 2098 petram
1180 2061 1295 2092 eadem

281 2113 424 2144 ecclesia
435 2113 573 2143 fundata
594 2113 756 2148 consistit,
770 2111 849 2151 quia
865 2113 987 2151 quanto
1003 2113 1139 2152 gravius
1155 2114 1295 2145 ecclesia

280 2166 353 2206 ipsa
364 2166 642 2205 impetitur‚tanto
656 2165 816 2205 persistit,
838 2166 1216 2204 constantior‚qu01iiam
1233 2168 1292 2198 im·

277 2218 402 2250 mobile
415 2218 540 2258 accepit
550 2219 583 2249 in
597 2218 741 2253 Christo,
752 2218 809 2257 qui
818 2219 868 2248 est
879 2218 1013 2253 veritas,
1026 2218 1291 2250 fundamentum.

279 2271 378 2307 Nam,
391 2271 467 2302 licet
480 2271 626 2311 antiquis
636 2271 841 2310 temporibus
852 2271 965 2302 eadem
978 2272 1118 2302 ecclesia
1131 2281 1291 2303 memora-

278 2326 351 2356 tum
363 2324 540 2363 imperium
551 2332 662 2355 amare
672 2324 858 2363 plancxerit
871 2324 910 2354 ab
924 2324 995 2364 ejus
1007 2325 1132 2356 unitate
1149 2325 1293 2357 subtrac-

279 2378 363 2413 tum,
380 2377 456 2408 licet
472 2377 618 2407 diutinas
627 2377 658 2407 et
674 2377 867 2407 innumeras
885 2377 1125 2409 amaritudines
1145 2379 1176 2409 et
1191 2379 1294 2409 afflic-

279 2429 388 2461 tiones
403 2430 576 2469 pertulerit
592 2430 632 2460 de
650 2438 789 2460 suorum
803 2429 889 2460 inibi
908 2430 1138 2461 dimicantium
1159 2440 1294 2471 oppres—

280 2482 434 2514 sionibus
462 2482 620 2518 filiorum‚
643 2491 774 2523 semper
796 2484 907 2514 tamen
937 2483 1050 2514 animo
1071 2485 1167 2516 fortis
1191 2486 1291 2522 stetit,

279 2544 340 2567 nec
355 2544 515 2575 umquam
531 2544 594 2574 que
611 2536 719 2575 potuit
734 2536 814 2566 illuc
836 2536 988 2567 subsidia
1002 2537 1167 2568 destinare
1185 2547 1291 2569 cessa-

278 2589 339 2625 vit,
353 2588 432 2628 quia
447 2588 511 2619 sibi
529 2589 684 2619 continue
699 2589 813 2620 divina
830 2589 978 2628 potentia
994 2590 1027 2620 in
1041 2591 1122 2621 tanti
1139 2600 1293 2629 prosecu-

277 2642 367 2673 tione
384 2641 507 2680 negotii
524 2642 710 2672 necessarie
735 2641 967 2672 subventionis
985 2643 1159 2682 largitione
1184 2645 1293 2683 provi-

276 2695 336 2732 dit,
355 2695 457 2725 corda
471 2694 621 2725 fidelium
637 2694 678 2725 ad
694 2694 902 2734 prebendum
917 2695 949 2725 ei
963 2704 1063 2735 super
1078 2696 1138 2726 hoc
1158 2697 1292 2728 assidue

277 2747 494 2784 attendendo;
512 2756 553 2778 ex
575 2747 696 2788 quibus
721 2747 900 2783 innumeri,
920 2748 989 2787 jam
1005 2749 1108 2779 effuso
1126 2749 1160 2779 in
1179 2759 1292 2789 pugna

275 2802 344 2832 tam
359 2800 533 2832 salutifera
545 2800 720 2840 sanguine,
737 2809 872 2831 cursum
887 2801 954 2832 vite
966 2802 1131 2840 presentis
1147 2803 1209 2833 sub
1225 2803 1292 2842 glo-

276 2854 366 2885 rioso
382 2853 551 2893 triumpho
568 2853 709 2884 martirii
732 2853 874 2884 feliciter
891 2856 1290 2893 consumarunt.Verum,

276 2907 356 2947 quia
371 2907 450 2938 dicti
468 2906 640 2946 Paleologi
660 2906 821 2945 nequitia,
845 2907 989 2938 faventis
1005 2908 1165 2947 temporis
1182 2909 1290 2940 tume-

278 2959 364 2991 facta
381 2960 549 3000 suffragio,
565 2960 713 3000 predicta
727 2960 808 2991 urbe
827 2968 890 2999 que
907 2961 1080 2991 memorati
1094 2961 1227 3000 imperii
1237 2970 1290 2992 ca-

1360 365 1418 402 put
1442 364 1564 398 existit,
1580 363 1689 394 taliter
1713 366 1881 403 occupata,
1906 365 1947 395 ad
1965 366 2216 404 occupationem
2243 368 2368 398 residui

1360 416 1510 455 ejusdem
1528 417 1670 455 imperii,
1684 417 2053 457 videlicetprincipatus
2065 419 2198 457 Achaye
2211 428 2247 449 ac
2259 420 2369 451 Moree

1360 469 1526 500 ferventer
1554 470 1697 504 hanelat,
1722 479 1783 500 1105
1801 471 2006 501 attendentes
2026 472 2115 510 quod
2139 472 2276 503 ecclesie
2299 481 2368 503 cor-

1359 531 1422 561 pus
1438 531 1479 552 ex
1493 523 1636 553 membri
1656 524 1722 552 tam
1740 524 1808 553 cari
1827 524 1953 554 scilicet
1972 525 2104 563 imperii
2121 525 2238 564 prefati
2259 534 2370 557 caren-

1359 575 1416 609 tia,
1428 575 1457 605 si
1474 575 1658 614 predictum
1678 576 1847 606 residuum
1866 577 1966 615 (quod
1982 577 2081 615 absit)
2099 580 2314 617 occuparetur
2329 578 2370 609 ab

1361 627 1429 663 illo,
1449 629 1559 658 notam
1573 628 1730 667 probrose
1747 629 1965 659 deformitatis
1986 630 2169 661 incurreret
2185 633 2214 661 et
2231 632 2370 662 sustine-

1360 681 1408 710 ret
1425 680 1608 711 debilitatis
1625 681 1763 712 dolende
1778 682 1942 720 jacturam
1957 693 1965 718 ;
1985 683 2234 714 considerantes
2257 683 2369 719 etiam,

1359 733 1447 771 quod
1465 733 1659 763 carissimus
1676 734 1709 764 in
1728 734 1859 764 Christo
1873 735 1963 765 filius
1987 737 2096 766 noster
2112 736 2308 772 Baltluiims,
2332 737 2369 768 il-

1360 786 1473 815 lustris
1506 786 1684 825 imperator
1703 786 2083 826 Constantinoplitamis,
2096 790 2126 819 et
2144 789 2266 819 nobilis
2290 790 2368 820 vir..

1359 838 1427 868 dux
1444 838 1658 873 Venetorum,
1676 839 1760 869 sicut
1774 839 1861 869 idem
1879 840 2096 879 imperatoret
2111 842 2258 880 ejusdem
2275 842 2369 874 ducis

1360 891 1467 920 nuntii
1486 891 1583 921 nobis
1602 891 1635 920 in
1662 893 1776 921 nostra
1803 893 1973 923 constituti
1992 895 2159 932 presentia
2174 895 2368 930 retulerunt,

1360 952 1425 973 una
1451 952 1525 973 cum
1554 944 1691 982 prelatis
1715 946 1746 974 et
1772 944 1954 975 baronibus
1985 947 2191 986 principatus
2216 948 2368 986 jamdicti

1358 995 1575 1034 magnificum
1591 997 1656 1026 tam
1674 1004 1734 1035 per
1754 1006 1843 1028 mare
1865 1006 1964 1036 quam
1992 1007 2050 1036 per
2072 1000 2205 1035 terram,
2222 1009 2281 1039 pro
2297 1009 2369 1031 suc-

1358 1057 1458 1078 cursu
1481 1049 1631 1088 ejusdem
1651 1049 1782 1088 imperii
1796 1050 1865 1088 jam
1890 1051 2125 1090 disposuerunt
2149 1052 2255 1083 facere
2274 1062 2370 1092 appa-

1358 1101 1478 1136 ratum,
1495 1109 1533 1130 ac
1551 1101 1700 1132 volentes
1711 1110 1767 1132 eos
1784 1102 1887 1132 inhoc
1904 1103 2053 1133 fidelium
2072 1104 2197 1135 Christi
2212 1105 2368 1143 presidiis

1359 1153 1521 1192 adjuvari,
1549 1154 1647 1192 digne
1670 1155 1879 1192 providimus
1906 1156 1974 1186 fore
2002 1157 2043 1186 ab
2066 1157 2189 1187 eisdem
2212 1157 2367 1188 fidelibus

1359 1208 1559 1246 oportunum
1574 1207 1707 1245 propter
1732 1207 1791 1237 hoc
1811 1208 2006 1246 suffragium
2024 1210 2272 1247 postulandum.
2297 1211 2368 1241 Tue

1358 1259 1459 1297 igitur
1472 1259 1665 1289 discretioni
1683 1269 1742 1298 per
1759 1261 1939 1298 apostolica
1964 1261 2086 1300 scripta
2103 1262 2136 1292 in
2154 1263 2274 1293 virtute
2293 1263 2368 1293 obe-

1358 1311 1482 1342 dientie
1505 1312 1652 1342 districte
1669 1313 1896 1352 precipiendo,
1913 1314 2112 1344 mandamus
2127 1315 2283 1353 quatinus
2301 1317 2368 1346 tam

1357 1373 1417 1404 per
1433 1366 1461 1395 te
1478 1374 1577 1404 quam
1596 1374 1655 1404 per
1669 1366 1753 1396 alios
1769 1366 1886 1396 fratres
1906 1367 1953 1396 tui
1968 1367 2106 1403 ordinis,
2128 1376 2211 1406 qnos
2244 1368 2285 1398 ad
2307 1367 2368 1398 hoc

1358 1418 1505 1455 ydoneos
1516 1426 1588 1448 esse
1601 1419 2001 1457 cognoveris,proponens
2014 1420 2138 1450 eisdem
2147 1420 2368 1460 fidelibusper

1358 1470 1518 1509 regnum¹
1668 1480 1795 1501 necnon
1807 1472 1943 1510 peralia
1955 1472 2025 1502 loca
2034 1482 2093 1512 per
2109 1482 2172 1512 que
2187 1475 2242 1504 tua
2264 1474 2367 1504 admi-

1358 1523 1508 1554 nistratio
1521 1532 1555 1554 se
1567 1524 1827 1563 extendit,juxta
1838 1525 1947 1555 datam
1960 1524 2047 1555 tibia
2063 1525 2133 1556 Deo
2156 1526 2366 1564 prudentiam

1358 1576 1497 1606 verbum
1522 1577 1641 1612 crucis,
1668 1586 1725 1607 eos
1742 1578 1875 1607 attentis
1891 1578 2059 1608 etsedulis
2080 1579 2366 1609 exhortationibus

1357 1629 1513 1659 inducere
1531 1638 1596 1660 non
1614 1630 1758 1663 omittas.
1778 1632 1812 1660 ut
1829 1632 2008 1669 pensantes
2034 1631 2170 1669 provide
2199 1640 2298 1670 quam
2324 1631 2366 1662 sit

1357 1682 1544 1713 necessaria
1560 1691 1647 1713 nunc
1660 1683 1798 1722 imperio
1808 1683 1956 1722 predicto
1975 1684 2095 1714 festina
2107 1684 2293 1720 subventio,
2309 1685 2365 1715 ad-

1355 1736 1519 1766 vertentes
1547 1736 1659 1772 etiam,
1682 1736 1770 1774 quod
1795 1745 1852 1775 per
1874 1736 2006 1775 imperii
2030 1737 2149 1775 prefati
2168 1746 2364 1768 succursum

1355 1789 1514 1819 catholice
1527 1789 1604 1819 fidei
1615 1789 1877 1819 etecclesiastice
1892 1789 2054 1820 libertatis
2066 1792 2280 1829 augmentum
2294 1800 2363 1821 nec-

1355 1850 1420 1871 non
1436 1843 1467 1871 et
1483 1842 1566 1871 terre
1579 1843 1691 1872 sancte
1707 1841 1858 1872 liberatio
1867 1843 2054 1881 specialiter
2074 1844 2303 1881 procurantur,
2324 1843 2365 1874 ad

1354 1894 1618 1924 succurrendum
1634 1894 1741 1924 eidem
1757 1895 1895 1932 imperio
1910 1904 1946 1924 ac
1960 1895 2090 1925 Latinis
2106 1895 2314 1926 morantibus
2331 1895 2365 1926 in

1354 1947 1481 1982 eodem,
1500 1947 1684 1985 quinimmo
1703 1947 1744 1977 ad
1771 1947 1948 1986 imperium
1966 1948 2075 1986 ipsum
2101 1948 2309 1986 eripiendum
2325 1948 2365 1979 de

1353 1999 1509 2030 manibus
1523 2000 1803 2035 adversariorum,
1827 2001 1940 2030 contra
1963 2000 2126 2039 prefatum
2149 2001 2366 2039 Paleologum

1353 2053 1384 2083 et
1398 2052 1544 2082 fautores
1560 2052 1677 2091 ipsius,
1696 2055 1866 2091 assumpto
1885 2053 1993 2083 crucis
2011 2053 2196 2091 signaculo,
2221 2053 2366 2084 viriliter

1353 2106 1383 2136 et
1396 2105 1591 2135 festinanter
1602 2106 1762 2144 exurgant
1774 2115 1780 2139 ;
1794 2105 1953 2144 predictis
1965 2115 2095 2144 quoque
2110 2106 2266 2136 fidelibus
2282 2106 2366 2146 ipsis

1352 2158 1441 2197 quod
1457 2158 1565 2188 dictus
1593 2159 1661 2188 dux
1678 2159 1883 2189 Venetorum
1900 2167 2015 2189 omnes
2035 2159 2281 2197 crucesignatos
2307 2159 2366 2189 hu-

1347 2211 1498 2251 jusmodi
1516 2220 1575 2241 suo
1593 2212 1718 2250 potenti
1749 2212 1857 2242 navali
1891 2212 1988 2242 stolio
2019 2211 2099 2242 illuc
2119 2212 2239 2242 deferri
2270 2212 2367 2242 faciet

1351 2263 1424 2295 siae
1442 2264 1555 2294 naulo.
1581 2264 1652 2294 Nos
1668 2264 1758 2294 enim
1784 2265 1824 2294 de
1847 2265 2083 2303 omnipotentis
2101 2265 2164 2295 Dei
2182 2265 2368 2295 misericor-

1351 2316 1406 2347 dia
1418 2319 1449 2347 et
1463 2317 1636 2347 beatorum
1652 2317 1742 2347 Petri
1757 2319 1789 2348 et
1805 2318 1914 2355 Pauli,
1924 2318 2148 2356 apostolorum
2161 2318 2243 2356 ejus,
2257 2319 2366 2348 aucto-

1351 2370 1445 2400 ritate
1473 2370 1603 2406 confisi,
1626 2379 1668 2400 ex
1691 2370 1750 2400 illa
1771 2379 1872 2409 quam
1894 2371 1991 2400 nobis
2016 2371 2093 2400 licet
2108 2371 2256 2409 indignis
2273 2371 2365 2400 Deus

1350 2422 1477 2461 ligandi
1489 2423 1585 2461 atque
1597 2423 1748 2453 solvendi
1758 2423 1897 2453 contulit
1909 2424 2080 2461 potestate,
2092 2423 2246 2453 omnibus
2258 2423 2365 2453 eidem

1350 2474 1491 2513 imperio
1510 2484 1547 2505 ac
1562 2475 1690 2505 Latinis
1709 2475 1741 2505 in
1752 2475 1907 2514 personis
1925 2475 1977 2505 vel
1993 2475 2090 2505 bonis
2106 2483 2220 2505 eorum
2235 2484 2366 2506 succur-

1351 2528 1513 2563 rentibus,
1531 2528 1624 2558 illam
1650 2536 1787 2558 suorum
1812 2528 2042 2566 peccaminum
2064 2527 2197 2558 veniam
2217 2528 2363 2567 indulge-

1350 2590 1437 2616 mus,
1455 2580 1614 2620 ipsosque
1637 2581 1695 2611 illo
1711 2581 1886 2620 privilegio
1905 2589 2007 2618 eaque
2026 2580 2182 2610 volumus
2205 2581 2363 2611 immuni—

1351 2634 1416 2664 tate
1434 2634 1589 2672 gaudere,
1608 2642 1671 2672 que
1687 2634 1831 2672 predicte
1847 2635 1931 2663 terre
1952 2634 2063 2663 sancte
2085 2633 2364 2664 subvenientibus

1349 2685 1384 2716 in
1407 2686 1556 2725 generali
1571 2686 1711 2717 concilio
1729 2687 1805 2716 sunt
1821 2694 1988 2716 concessa.
2004 2685 2081 2716 Non
2097 2685 2248 2717 obstante
2260 2704 2308 2716 —.
2319 2687 2365 2718 Ut

1350 2740 1460 2769 autem
1476 2739 1592 2769 utilius
1607 2740 1637 2769 et
1649 2739 1779 2769 facilius
1795 2738 2012 2768 commissum
2028 2739 2088 2769 tibi
2100 2739 2292 2778 hujusmodi
2306 2740 2365 2769 mi—

1352 2791 1529 2822 nisterium
1554 2792 1674 2830 exequi
1712 2791 1836 2826 valeas,
1864 2791 1923 2821 tibi
1952 2793 1984 2822 et
2020 2791 2179 2823 fratribus
2213 2792 2363 2831 ejusdem

1350 2844 1492 2881 ordinis,
1508 2853 1592 2884 quos
1609 2845 1650 2874 ad
1665 2844 1726 2874 hoc
1740 2845 1969 2883 cooperatores
1984 2844 2135 2883 elegeris,
2158 2845 2363 2876 convocandi

1382 2973 1402 2997 -1,
1422 2972 1459 2997 Ce
1471 2971 1534 2996 vide
1546 2979 1575 2996 se
1589 2974 1683 2996 trouve
1696 2970 1767 2995 dans
1780 2971 1805 2996 le
1821 2971 1959 3002 Registre.
