2547 3289
252 260 310 288 330

252 350 328 372 mus
359 341 588 370 interclusum.
619 341 689 370 Nos
707 343 829 375 autem,
851 358 887 361 —
907 341 1104 379 aperuimus
1123 341 1171 370 eis
1189 343 1258 370 tam

251 395 388 432 paterne
403 393 507 431 gratio
526 402 625 431 quam
647 397 794 422 materne
813 393 1085 423 mansuetudinis
1107 393 1256 432 amplum

251 447 376 481 sinum,
397 455 432 475 ac
451 445 599 484 predicto
617 446 714 475 -lusto
734 446 913 475 Lant'ranci
938 446 995 484 qui
1016 449 1093 476 tunc
1121 455 1259 484 presens

252 499 376 532 aderat,
399 498 439 527 ab
456 498 649 536 hujusmodi
667 500 699 528 et
718 499 888 528 universis
909 499 1259 529 exconmnicationum

251 560 287 580 ac
306 551 474 580 interdicti
493 551 682 584 sententiis,
700 560 783 589 quas
801 552 985 590 apostolica
1005 552 1103 582 sedes
1118 552 1150 581 in
1171 553 1260 582 cives

250 603 488 639 Pistorienses,
499 605 530 633 et
541 612 656 633 eorum
668 605 789 634 terrani
802 606 938 642 propter
950 605 1118 643 premissa
1127 613 1259 643 genera-

249 655 326 685 liter
339 656 576 694 promulgavit,
592 656 839 694 secimusjuxta
854 658 994 687 formam
1008 658 1148 687 ecclesie
1164 657 1260 687 bene-

250 708 361 737 ficium
373 708 597 739 absolutionis
611 709 771 747 impendi.
784 709 926 748 Ideoque
938 711 1138 740 mandamus
1153 711 1260 749 quati-

249 769 312 790 nus
330 761 474 799 recipias
492 770 509 791 a
521 762 683 800 predictis
699 762 946 799 Bonojolianne,
958 764 1118 800 Ventura,
1131 764 1259 793 Panno-

249 813 333 848 chia,
351 814 538 852 lilaynecto,
559 815 657 850 Bene,
672 815 890 851 Pistmionse,
913 816 1102 851 Frederico,
1122 816 1258 847 Bartho-

248 867 358 897 lomeo
383 867 563 897 Frederici.
587 867 734 902 Picchio,
755 869 878 904 Turdo,
900 870 1037 905 Bonato,
1057 870 1256 903 Pandolino,

247 919 399 954 Nicolao,
416 920 580 956 ι1011311110,
600 921 837 952 Bartholomeo
852 922 1015 957 Melioris,
1033 923 1173 959 Barone⁷
1189 924 1256 953 Hu-

248 973 371 1012 golino,
397 973 582 1009 sinibaldo,
601 974 777 1011 Ciamfino,
804 975 918 1012 Baldo,
940 976 1104 1012 Jolianne,
1123 976 1258 1006 Claren-

247 1026 329 1062 tino,
343 1026 488 1061 Andrea,
506 1027 651 1065 l’epone‚
666 1027 894 1066 Mergulliese,
908 1029 1031 1065 Bucba,
1046 1029 1256 1065 Guidaloste‚

247 1079 443 1114 Ger-ardino,
474 1079 661 1117 Brachiom,
688 1080 1004 1118 ‹IohanneAEoi-ese,
1035 1083 1152 1117 Baldo,
1182 1083 1257 1113 Bal-

247 1132 352 1168 decto,
376 1132 622 1169 Bai-tholomeo,
647 1133 784 1169 Jacobo‚
808 1135 939 1165 Buosso
963 1137 994 1165 et
1018 1135 1198 1175 Phylippo,
1223 1137 1256 1166 in

247 1184 402 1223 partibus
425 1185 534 1216 Gallie
555 1187 855 1223 commorantibus,
873 1188 913 1218 de
930 1189 1049 1219 stando
1069 1197 1170 1227 super
1187 1198 1257 1228 pre-

247 1237 365 1268 missis
393 1238 561 1269 mandatis
592 1240 717 1270 nostris
743 1242 774 1270 et
799 1240 939 1271 ecclesie
965 1241 1207 1280 juramentum,
1226 1244 1257 1273 et

246 1290 498 1328 nichilominus,
528 1294 642 1322 nostro
670 1293 816 1329 nomine,
843 1294 990 1325 similem
1016 1294 1253 1334 obligationem

239 1343 286 1373 dc
302 1344 470 1374 mandatis
489 1345 615 1375 nostris
630 1347 661 1375 et
676 1346 828 1376 articulis
844 1346 1036 1385 hujusmodi
1055 1348 1257 1378 inviolabili-

249 1397 300 1426 ter
314 1396 548 1432 observandis,
559 1406 682 1436 eosque
693 1399 823 1433 deinde,
834 1400 931 1437 juxta
944 1401 1086 1430 formam
1101 1401 1253 1438 ecclesie,

247 1448 288 1478 ab
307 1448 499 1487 hujusmodi
523 1451 701 1480 sententiis
723 1452 838 1481 eadem
861 1453 1058 1483 auctoritate
1080 1453 1255 1484 absolvere

246 1502 394 1537 studeas,
416 1502 566 1533 faciendo
583 1503 622 1533 de
637 1503 702 1533 hiis
723 1504 838 1534 confici
858 1505 1030 1543 publicum
1051 1507 1256 1537 instrumen-

244 1555 316 1584 tum
334 1554 386 1584 vel
406 1557 559 1593 patentes
587 1556 718 1586 litteras
743 1558 922 1587 autenticis
946 1559 1070 1597 sigillis
1093 1560 1252 1596 munitas,

244 1606 328 1637 illud
352 1607 403 1637 vel
433 1608 510 1638 illas
538 1608 634 1638 nobis
659 1609 802 1640 fideliter
818 1612 1096 1642 transmissurus.
1123 1613 1255 1648 Quibus

244 1660 307 1690 rite
325 1661 483 1698 peractis,
506 1663 570 1692 tam
597 1663 726 1692 Bonum
752 1663 950 1701 JoImnnem,
968 1666 1000 1695 et
1024 1666 1110 1696 alios
1129 1675 1253 1697 merca-

243 1714 333 1743 tores
350 1714 531 1752 predictos,
548 1724 648 1754 quam
665 1716 800 1746 Justum
820 1718 961 1748 eundem
980 1727 1039 1757 per
1056 1720 1168 1749 omnia
1183 1720 1255 1751 loca

244 1765 277 1796 in
299 1766 422 1805 quibus
438 1767 503 1806 ipsi
523 1768 701 1805 voluerint,
721 1778 778 1808 per
797 1772 826 1800 te
844 1772 875 1801 et
897 1780 955 1810 per
974 1772 1059 1802 alios
1075 1772 1254 1804 denunties

245 1828 262 1849 a
293 1820 455 1858 predictis
486 1822 665 1852 sententiis
696 1822 881 1858 absolutos,
913 1825 943 1853 et
975 1825 1014 1855 ad
1039 1826 1251 1857 devotionem

244 1872 351 1910 ipsius
373 1873 514 1904 ecclesie
535 1875 690 1912 rediisse,
716 1876 886 1906 universis
910 1879 941 1907 et
969 1879 1114 1917 singulis
1137 1889 1252 1910 eorum

243 1925 454 1956 debitoribus
482 1928 513 1957 et
541 1927 698 1958 omnibus
727 1929 765 1958 de
795 1929 892 1959 bonis
923 1931 1074 1969 ipsorum
1105 1934 1252 1972 propriis

244 1978 295 2007 vel
315 1979 562 2015 communibus,
579 1982 744 2018 quatenus
759 1983 954 2021 contingunt
968 1985 1117 2021 eosdem,
1129 1985 1251 2016 haben-

244 2029 346 2064 tibus,
367 2032 611 2071 undecumque,
630 2034 871 2073 cujiiscumque
891 2038 1011 2072 status,
1031 2038 1250 2073 ‹fomlicionis7

197 2110 201 2114 .
243 2084 275 2114 et
297 2083 473 2122 dignitatis
496 2085 654 2122 existant,
673 2087 862 2118 districtius
883 2090 1080 2121 auctoritate
1103 2092 1251 2129 predicta

242 2136 442 2172 mandando,
468 2140 501 2168 ut
525 2138 637 2169 debita
665 2141 697 2170 et
724 2140 809 2170 bona
840 2141 989 2180 ipsorum
1025 2144 1174 2175 totaliter
1203 2146 1252 2176 eis

243 2189 434 2225 restituant,
453 2198 511 2220 nec
530 2191 588 2222 illa
607 2192 765 2231 deinceps
791 2196 947 2233 tanquam
972 2198 1136 2227 arrestata
1161 2206 1252 2229 occa-
1281 2216 1282 2219 =

241 2241 336 2271 sione
359 2243 508 2280 predicta
533 2244 683 2275 detinere
704 2249 910 2284 presumant.
940 2249 1014 2279 Non
1037 2249 1251 2281 obstantibus

239 2295 366 2324 nostris
384 2295 645 2327 inhibitionibus
669 2299 701 2328 et
722 2300 938 2337 processibus
961 2302 1177 2340 supradictis,
1196 2304 1249 2336 vel

239 2346 268 2376 si
292 2348 459 2378 terminus
486 2349 519 2379 in
551 2350 775 2382 instrumento
799 2353 928 2391 prefato
952 2357 1141 2392 contentus,
1162 2357 1249 2388 infra

240 2408 339 2438 quem
366 2401 453 2432 idem
482 2402 601 2433 Justus
628 2405 797 2442 predictos
825 2415 906 2437 suos
936 2408 1046 2439 socios
1074 2409 1182 2440 facere
1209 2411 1250 2441 ad
1279 2433 1280 2436 η

236 2453 433 2484 mandatum
447 2457 600 2487 nostrum
614 2458 645 2487 et
659 2458 800 2489 ecclesie
813 2460 922 2491 redire
936 2462 1105 2499 promisit,
1116 2463 1249 2501 quando
1278 2483 1279 2488 ,

236 2508 412 2544 presentes
429 2510 543 2539 nostre
561 2509 671 2540 littere
697 2511 735 2540 ad
765 2512 796 2541 te
813 2513 1021 2550 pervenient,
1044 2514 1186 2546 forsitan
1205 2517 1249 2548 sit

236 2557 386 2597 elapsus,
410 2561 556 2591 maxime
583 2571 658 2592 cum
683 2563 768 2602 ipse,
792 2564 879 2595 sicut
905 2567 1040 2603 asserit,
1064 2576 1165 2606 super
1186 2568 1247 2600 hoc

233 2611 417 2650 culpabilis
439 2621 506 2644 non
528 2615 662 2651 existat,
688 2616 870 2648 dummodo
891 2627 932 2649 ex
959 2628 1045 2650 nunc
1068 2620 1155 2651 int'ra
1178 2623 1246 2652 tres

236 2670 370 2694 menses
391 2665 585 2698 immediate
602 2672 794 2707 sequentes,
815 2671 904 2709 quod
926 2671 957 2701 in
977 2671 1037 2703 hac
1061 2676 1155 2711 parte
1172 2683 1246 2713 pro-
1275 2710 1276 2718 ἵ

235 2716 341 2750 misit,
370 2719 502 2750 studeat
529 2721 725 2759 adimplere.
755 2722 880 2753 Datum
910 2725 997 2763 apud
1031 2725 1244 2758 Urbemvete-
1274 2736 1275 2740 ¹

233 2775 316 2806 rein,
340 2779 382 2800 vn
405 2771 567 2803 kalendas
590 2775 736 2813 augusti,
756 2784 841 2806 anno
858 2777 926 2807 [110.
948 2787 962 2805 n

1009 258 1252 288 RffljisTREs
1274 257 1487 288 D'URffliN
1512 258 1567 288 lv.

1411 343 1484 373 (394
1908 342 2034 373 ornem,
2052 345 2086 369 zo
2100 343 2162 378 juin
2179 345 2258 371 1204.

1357 426 1461 452 (jomiti
1481 426 1680 452 Vinrlocinensi
1697 426 1744 460 qui
1761 426 1875 461 signum
1891 426 1989 453 Crucis
2003 427 2173 461 assumpsit.
2193 429 2331 456 nonnulla

1321 474 1451 501 concedit
1462 474 1626 508 pecuniaria
1642 474 1777 500 subsidia.
1793 475 1872 504 (Rsc.
1889 474 1932 505 -28,
1950 474 1998 501 sol.
2015 477 2058 505 75,
2072 483 2138 502 ann.
2152 475 2198 502 111.
2217 480 2247 502 [ιο
2256 478 2331 508 2903.)

1362 592 1375 606 «
1391 578 1496 609 Nobili
1509 580 1572 609 uiro
1585 580 1772 615 Bor-charito,
1787 581 1890 609 comiti
1904 580 2125 617 Vindocinensi,
2138 580 2333 611 Cro—nolensis

1322 632 1456 662 diocesis.
1477 633 1577 662 Zelus
1590 633 1666 662 tidei
1680 635 1711 663 et
1728 633 1858 663 sincere
1871 634 2061 663 devotionis
2078 635 2216 664 affectus
2229 644 2330 673 quem

1321 685 1361 715 ad
1386 686 1494 715 Deum
1519 685 1640 715 habere
1663 686 1864 719 dinosceris,
1885 688 1917 716 te
1938 687 2114 716 induxisse
2133 689 2328 723 noscuntur,

1320 738 1409 777 quod
1427 738 1561 777 signum
1578 738 1708 768 vivitice
1725 739 1834 769 crucis
1851 739 1883 769 in
1901 742 1988 769 terre
2006 743 2120 770 sancte
2139 740 2329 771 subsidium

1320 791 1550 830 assumpsisti,
1577 800 1767 830 proponens
1796 793 1905 822 tecum
1934 793 2105 823 decentem
2134 793 2330 823 comitivam

1319 844 1440 874 ducere
1457 843 1671 875 bellatorum.
1696 845 1735 875 Ut
1753 847 1876 875 autem.
1893 845 1989 883 juxta
2009 846 2055 875 tui
2075 846 2178 875 animi
2201 846 2331 876 deside—

1318 898 1418 932 rium,
1440 897 1572 927 facilius
1590 900 1618 927 et
1636 898 1807 927 esticacius
1824 899 1944 936 exequi
1963 899 2076 928 valeas
2095 901 2208 929 votum
2222 902 2328 936 tuum,

1319 951 1352 980 in
1363 950 1554 980 subsidium
1568 959 1793 989 expensarum
1805 960 1889 990 quas
1902 955 2038 990 propter
2049 951 2108 981 hoc
2119 960 2154 982 es
2165 952 2330 988 facturus,

1319 1004 1517 1034 auctoritate
1537 1003 1598 1034 tibi
1620 1005 1828 1042 presentium
1854 1004 2079 1043 indulgemus
2105 1007 2137 1035 ut
2163 1006 2329 1036 decimam

1319 1057 1469 1087 omnium
1502 1057 1691 1087 reddituum
1723 1057 1941 1087 ecclesiarum
1970 1060 2001 1088 et
2031 1059 2329 1095 monasteriorum,

1317 1111 1385 1140 tam
1401 1112 1634 1148 exemptorum
1654 1118 1755 1149 quam
1774 1118 1838 1140 non
1857 1112 2102 1149 exemptorum,
2120 1120 2156 1140 ac
2175 1111 2327 1151 redemp-

1317 1163 1425 1193 tiones
1453 1165 1605 1193 votorum
1633 1163 1942 1203 crucesignatorum
1969 1166 2056 1193 terre
2077 1166 2144 1197 tue,
2166 1168 2194 1195 et
2220 1165 2331 1204 legata

1319 1217 1403 1246 facta
1422 1217 1455 1246 in
1478 1216 1668 1246 subsidium
1688 1216 1790 1246 Terre
1809 1216 1940 1252 Sancte,
1961 1217 1994 1246 in
2017 1217 2133 1246 eadem
2157 1219 2246 1247 terra
2272 1219 2330 1248 tua

1317 1278 1377 1308 pro
1397 1269 1483 1299 dicte
1499 1271 1585 1300 terre
1605 1271 1718 1299 sancte
1738 1277 1911 1305 succursu,
1931 1269 2045 1308 possis
2058 1270 2244 1308 percipere,
2263 1270 2331 1301 nisi

1317 1331 1376 1360 per
1395 1331 1455 1351 nos
1476 1322 1535 1351 alii
1562 1322 1628 1351 sint
1648 1330 1819 1351 concessa.
1847 1321 1940 1351 Nulli
1966 1331 2043 1361 ergo
2063 1324 2176 1353 nostre
2196 1331 2329 1353 conces·

1317 1375 1438 1411 sionis,
1456 1376 1517 1405 ete.
1538 1375 1663 1405 Datum
1683 1375 1771 1413 apud
1791 1374 2080 1411 Urbemveterem,
2100 1385 2146 1405 xii
2166 1376 2330 1406 kalendas

1312 1428 1401 1467 julii,
1421 1436 1507 1457 anno
1524 1428 1596 1457 1110.
1615 1437 1631 1456 »

1905 1602 2030 1635 orvieto,
2047 1605 2080 1630 :19
2095 1603 2158 1638 juin
2178 1603 2254 1630 1204.

1404 1603 1477 1634 695

1353 1686 1489 1721 Episcopo
1508 1686 1717 1713 Cenomanensi
1739 1686 1878 1721 praedicti
1896 1687 2053 1713 committit
2074 1687 2271 1713 executionem
2288 1686 2330 1713 in-

1315 1735 1396 1763 dulti.
1413 1736 1491 1769 (REG.
1507 1736 1540 1762 28
1568 1735 1616 1761 fol.
1638 1737 1681 1762 75.
1699 1741 1730 1761 110
1744 1736 1831 1768 297³!

1355 1851 1370 1869 «
1400 1864 1407 1871 .
1429 1865 1434 1870 .
1461 1841 1599 1880 episcopo
1618 1840 1849 1870 cenomanensi.
1870 1841 1970 1871 Zetus
1988 1841 2063 1871 tidei
2083 1843 2112 1871 et
2141 1860 2182 1871 —.
2205 1841 2328 1872 Datum

1315 1896 1348 1924 ut
1370 1903 1483 1933 supra.
1505 1904 1520 1923 »

1865 2064 1989 2094 [ηπ-1010,
2014 2064 2043 2090 14
2060 2063 2154 2098 juillet
2177 2065 2252 2091 1204.

1402 2066 1474 2095 696

1348 2148 1405 2174 1)υο
1427 2147 1516 2174 millia
1535 2151 1560 2174 et
1585 2147 1756 2181 quiimcntas
1774 2147 1861 2173 libras
1882 2150 1936 2173 tur.
1958 2147 2084 2181 assignat
2102 2147 2202 2174 comiti
2221 2148 2325 2175 Vindo-

1311 2195 1432 2223 einensi⁴
1451 2196 1529 2230 (BHG.
1547 2198 1591 2223 28.
1614 2195 1660 2222 fol.
1683 2198 1727 2229 75,
1743 2204 1809 2222 aun.
1831 2196 1876 2222 111,
1899 2201 1929 2222 n⁰
1946 2197 2020 2224 2208.)

1352 2310 1366 2329 α
1385 2300 1508 2329 Eidem.
1531 2300 1769 2330 Intelleximus
1793 2300 1962 2338 quondam
1988 2299 2174 2329 Johannem
2194 2299 2323 2330 dictum

1312 2353 1431 2389 Paevea
1453 2353 1726 2384 archidiacomnn
1748 2352 1970 2383 Vallis-Virie
1999 2352 2032 2382 in
2050 2352 2193 2383 ecclesia
2216 2354 2320 2384 Cons-

1310 2407 1483 2440 mutiensi,
1495 2408 1525 2436 et
1537 2406 1706 2445 quondam
1715 2406 1917 2437 Gaut'ridum
1930 2406 1970 2435 de
1986 2405 2164 2441 Poenceio,
2176 2405 2322 2436 militem

1310 2460 1597 2499 consanguineum
1627 2459 1741 2490 dilecti
1774 2459 1836 2489 tilii
1869 2458 1995 2489 nobilis
2029 2459 2092 2488 viri
2124 2458 2321 2497 Borchardi,

1309 2513 1443 2544 comitis
1459 2513 1734 2549 Vffldocinensis,
1746 2513 1965 2543 carnotensis
1983 2512 2141 2543 diocesis.
2155 2512 2321 2550 quasdam

1309 2566 1342 2596 in
1365 2567 1568 2597 testamento
1590 2574 1651 2596 suo
1674 2566 1855 2604 reliquisse
1873 2565 2076 2604 generaliter
2099 2565 2321 2603 pecuniarum

1307 2628 1459 2649 summas
1474 2628 1534 2657 pro
1550 2619 1739 2649 animarum
1757 2627 1894 2649 suarum
1914 2618 2064 2648 remedio
2082 2618 2319 2656 expendendas

1308 2672 1340 2702 in
1365 2672 1556 2702 subsidium
1574 2672 1676 2702 Terre
1699 2674 1822 2702 sancte.
1843 2674 1927 2702 Cum
1946 2671 2048 2709 igitur
2064 2671 2175 2700 dictus
2191 2678 2318 2707 comes,

1306 2725 1378 2755 zelo
1396 2725 1472 2755 tidei
1492 2727 1523 2756 et
1540 2725 1732 2756 devotionis
1746 2733 1919 2760 accensus,
1936 2724 2032 2763 signo
2050 2723 2180 2753 viviticc
2199 2723 2317 2754 Crucis

1274 2777 1275 2786 ¹
1305 2781 1492 2817 assumpto,
1510 2787 1584 2808 cum
1601 2778 1730 2808 decenti
1749 2778 1906 2808 comitiva
1921 2777 2123 2808 bellatorum
2137 2779 2313 2814 proponat,

1304 2831 1391 2861 sicut
1409 2832 1612 2870 accepinms,
1633 2831 1665 2861 in
1686 2831 1795 2869 ipsius
1813 2833 1899 2861 terre
1924 2830 2115 2860 subsidium
2134 2829 2315 2868 proticisci,

1304 2893 1377 2915 nos,
1397 2884 1505 2914 eidem
1530 2884 1644 2914 comiti
1663 2892 1722 2922 pro
1739 2883 1891 2921 ejusdem
1912 2886 1999 2913 terre
2027 2890 2188 2912 succursu
2208 2882 2316 2920 provi·

1305 2936 1383 2967 dere
1400 2937 1550 2967 volentes
1568 2936 1606 2967 de
1626 2936 1779 2975 pecuniis
1800 2936 1886 2974 ipsis
1905 2943 2011 2973 usque
2027 2935 2067 2964 ad
2091 2934 2315 2973 quantitatem
