2547 3289
255 227 312 255 334

254 310 303 337 sis,
319 307 427 335 ordinis
447 317 469 334 s.
484 306 636 338 Benedicti,
651 304 882 337 Sulzcburgvnsis
902 304 1036 331 diocesis,
1057 305 1137 335 (linc.
1153 306 1197 331 28.
1215 304 1263 331 sol.

255 359 287 384 70
305 363 339 382 νῦ.
357 365 421 382 aun.
442 356 484 383 111,
502 362 530 380 ir>
542 356 617 381 3117.)

294 474 307 491 «
339 489 364 493 ,,
393 463 530 501 estin-1710
561 460 715 489 (Im-rami,
751 460 909 489 Exliibita
941 460 1036 489 uobis
1064 461 1263 491 dilectorum

255 518 399 547 tiliorum
432 515 615 543 conventus
653 513 850 543 monasterii
882 513 1104 549 Olziacensis,
1135 515 1264 544 ordinis

253 569 358 599 sancti
378 567 560 600 Benedicti,
578 566 856 605 Salleburgensis
875 567 1031 603 diocesis,
1053 567 1170 605 petitio
1191 577 1265 597 con-

255 622 379 652 tinebat
396 621 494 659 1111011Ἶ
513 620 718 649 monasterio
736 619 808 657 ipso
833 618 964 649 abbatis
982 620 1145 658 regimine
1163 621 1264 651 (lesti—

252 674 408 712 tthIpsi
429 673 666 702 conveuifflites
687 673 720 701 in
741 681 856 708 unum,
871 673 969 710 prout
987 673 1091 702 moris
1110 675 1172 707 est,
1188 674 1262 712 Spi-

252 728 337 757 ritus
349 726 574 763 Sanctigratia
589 726 750 761 invocata,
763 725 923 755 dilectum
938 725 1044 756 tilium
1059 727 1261 763 Ditmarum,

253 780 449 810 monachum
465 779 615 817 ejusdem
634 779 842 814 monasterii,
855 779 1064 816 capellanum
1077 779 1191 810 dilecti
1201 780 1263 810 filii

251 833 357 863 nostri
383 834 428 868 S„
448 832 539 862 tituli
565 832 670 861 sancti
698 832 834 862 Martini
860 831 1038 870 presbiteri
1067 833 1261 870 cardinalis,

252 887 374 922 virum,
393 888 428 916 ut
447 887 615 920 asserunt,
637 885 814 923 providum
835 894 870 914 ac
888 885 1067 915 honestum
1087 895 1123 916 ac
1141 886 1174 915 in
1197 887 1263 925 spi-

251 939 432 970 ritualibus
445 940 474 969 et
493 938 737 977 temporalibus
753 938 1046 976 circumspectum,
1062 939 1094 968 in
1108 939 1262 969 abbatem

252 1002 351 1023 suuni
374 993 532 1023 canonice
552 1000 588 1021 ac
605 991 815 1021 concorditer
830 991 1015 1030 elegerunt,
1038 992 1135 1022 nobis
1156 993 1264 1024 hnmi-

252 1047 328 1077 litcr
358 1046 588 1085 supplicantes
616 1047 662 1078 ut,
691 1053 767 1075 cum
793 1045 1068 1084 archiepiscopus
1088 1046 1262 1077 Salzebur-

250 1100 376 1139 gensis,
401 1099 453 1129 cui
481 1098 723 1128 monasterium
743 1098 854 1136 ipsum
873 1098 1001 1133 subest,
1019 1099 1135 1137 utpote
1153 1101 1263 1130 aucto-

251 1153 349 1183 ritate
387 1152 478 1182 sedis
515 1151 698 1190 apostolice
732 1151 866 1181 vinculo
901 1152 1263 1183 excommunicationis

252 1206 425 1240 astrictus,
447 1205 644 1234 confirmare
664 1204 858 1243 hujusmodi
878 1204 1075 1235 electionem
1099 1214 1136 1235 ac
1154 1206 1263 1236 eidem

253 1259 357 1289 electo
388 1258 581 1296 impendere
614 1266 736 1287 munus
770 1257 1016 1288 benedictionis
1046 1267 1111 1289 non
1143 1259 1262 1297 possit,

252 1312 444 1343 confirmari
463 1311 659 1342 electionem
685 1312 791 1349 ipsam
813 1312 844 1341 ct
862 1310 1013 1341 benedici
1036 1312 1161 1341 dictum
1181 1313 1264 1342 elec-

251 1368 321 1396 tum
348 1374 406 1404 per
432 1365 537 1394 alium
562 1365 810 1395 mandaremus.
838 1365 886 1394 De
910 1365 967 1394 tua
995 1365 1096 1403 igitur
1124 1366 1264 1395 circum-

252 1419 422 1457 spectione
455 1418 587 1456 plenam
621 1418 652 1447 in
689 1418 831 1447 Domino
866 1417 1022 1448 fiduciam
1058 1418 1260 1456 obtinentes,

250 1471 451 1502 fraternitati
468 1474 520 1501 tue
533 1472 732 1500 mandamus
743 1472 917 1509 quatenus,
934 1471 1097 1510 inquisita
1111 1472 1150 1502 de
1163 1472 1262 1502 modo

249 1525 436 1559 electionis,
452 1524 574 1554 studiis
590 1523 787 1562 eligentium
807 1526 838 1554 et
856 1524 953 1554 electi
972 1525 1103 1554 111611113
1122 1525 1261 1564 diligen-

247 1579 315 1608 tius
329 1578 480 1611 veritate,
493 1578 519 1607 si
533 1577 656 1607 dictam
667 1577 866 1611 electionem
878 1577 1049 1608 inveneris
1062 1578 1101 1607 de
1116 1587 1261 1617 persona

247 1632 367 1661 idonea
379 1631 536 1661 canonice
556 1630 772 1664 celebratam,
788 1631 883 1660 illam
896 1631 955 1661 hac
972 1631 1043 1661 vice
1061 1632 1260 1663 auctoritate

247 1686 361 1714 nostra
378 1684 592 1718 confirmans„
611 1684 739 1720 prefato
754 1684 859 1714 electo
877 1693 999 1714 munus
1014 1684 1260 1716 benedictionis

246 1738 422 1776 impendas
446 1739 475 1767 et
502 1737 603 1766 facias
629 1737 693 1766 sibi
716 1746 734 1766 a
757 1737 904 1766 subditis
934 1738 1006 1767 suis
1032 1737 1258 1769 obedientiam

245 1792 277 1820 et
301 1791 524 1821 reverentiam
543 1790 691 1820 debitam
713 1790 876 1821 exhiberi.
902 1791 1176 1822 Contradictores
1195 1794 1255 1822 etc.

240 1853 351 1882 usque
370 1844 625 1882 compescendo,
657 1844 900 1882 arvhiepiscopi
925 1845 957 1874 et
985 1844 1126 1875 ecclesie
1149 1845 1258 1875 Salae-

244 1897 423 1936 burgensis
443 1906 544 1935 super
572 1897 631 1927 1100
657 1897 688 1926 in
709 1899 881 1936 posterum
897 1897 971 1936 jure
999 1898 1104 1929 salvo.
1133 1899 1257 1928 Datum

245 1951 332 1988 apud
351 1950 639 1985 Urbvmveterem,
658 1951 733 1980 idus
749 1951 838 1987 julii,
859 1959 945 1980 anno
962 1951 1076 1981 tercio.
1100 1963 1114 1978 »

335 2137 406 2166 70ίί
801 2136 925 2161 osvii-10.
943 2137 977 2163 311
988 2135 1080 2170 juillet
1108 2136 1183 2163 1201.

280 2219 429 2245 Adeliuum
453 2220 627 2246 monasterio
659 2219 870 2253 Wiceburgensi
899 2220 926 2246 in
957 2220 1090 2247 ablu-item
1117 2221 1254 2254 praeficit.

244 2269 322 2298 (nac.
343 2271 386 2300 ΖΝ,
406 2268 452 2294 l‘ol.
476 2271 508 2293 7⁴3
530 2274 567 2294 v¹¹.
591 2277 664 2294 anno
679 2269 722 2300 111,
740 2276 768 2294 11⁰
782 2271 857 2302 2308.)

284 2389 296 2401 κ
314 2375 458 2410 Acidino,
483 2375 584 2404 abbati
610 2376 784 2404 monasterii
810 2374 1060 2415 illicebat-ymnis,
1081 2375 1121 2405 nd
1144 2376 1255 2405 lfoma-

243 2438 311 2458 ntim
329 2428 483 2458 cciv-lesimrz
508 2428 590 2458 nullo
615 2428 712 2458 medio
732 2429 929 2468 pertinentis,
946 2429 1064 2459 ordinis
1083 2430 1181 2459 sancti
1198 2430 1254 2459 Be-

244 2482 366 2516 nedicti,
384 2483 538 2521 Spirensis
554 2482 687 2513 diocesis.
714 2483 871 2513 Rationis
888 2483 995 2513 oculis
1018 2483 1189 2514 intuentes
1203 2502 1252 2514 —.

241 2538 339 2571 Sane,
356 2536 560 2566 monasterio
577 2535 837 2574 W'iceburgensi
853 2535 985 2566 abbatis
1003 2536 1167 2575 regimine
1182 2537 1255 2567 des-

242 2589 353 2623 tituto,
376 2589 482 2626 majo-r
500 2590 531 2618 et
557 2589 671 2619 sanior
691 2597 768 2627 pars
788 2591 973 2619 conventus
995 2589 1104 2628 ipsius
1123 2598 1255 2620 monas-

242 2641 304 2671 teri
326 2644 366 2675 te.
383 2644 461 2672 tunc
480 2643 643 2672 decanum
664 2642 827 2681 ejusdem,
846 2642 940 2681 eligit
961 2643 995 2672 in
1012 2642 1169 2673 abbatem
1186 2651 1255 2674 mo-

245 2695 382 2724 nasterii
399 2695 592 2733 supradicti,
611 2697 642 2724 et
661 2695 791 2733 reliqua
811 2704 889 2733 pars
908 2696 1126 2734 postmodum
1141 2695 1253 2734 hujus-

246 2747 335 2777 modi
354 2748 509 2778 clertioni
530 2749 712 2778 consensit.
733 2748 931 2778 Presentato
951 2749 1064 2787 itaque
1083 2749 1180 2779 nobis
1198 2749 1255 2779 hu-

241 2800 389 2839 jusmodi
408 2801 582 2831 electionis
601 2801 746 2837 decreto,
762 2809 823 2831 nos
842 2801 1041 2832 electionem
1061 2802 1169 2841 ipsam
1190 2811 1255 2832 non

246 2862 386 2891 persone
405 2856 459 2883 tue
477 2855 558 2885 vitio
583 2855 640 2884 sed
663 2855 742 2893 quia
765 2854 873 2885 tuerat
892 2857 923 2884 in
945 2855 1050 2884 forma
1068 2857 1253 2894 peccatum,

246 2906 504 2944 111111111011111113,
524 2907 655 2945 justitia
685 2907 856 2938 suadente.
888 2907 1033 2938 Demum
1053 2916 1143 2942 vero,
1161 2909 1256 2940 intel-

1012 221 1257 251 i‘zEGIS'rizES
1280 221 1496 251 D’URBAIN
1522 221 1578 251 IV.

1329 305 1414 335 lecto
1434 304 1522 343 quod
1544 313 1602 343 per
1623 306 1714 335 tuam
1740 305 1944 336 industriam
1970 308 2158 346 predictum
2176 313 2343 341 monaste-

1327 357 1415 387 rium
1434 359 1565 396 poterat
1584 358 1619 388 in
1634 358 1873 397 spiritualibus
1891 361 1923 389 et
1937 361 2182 399 temporalibus
2199 363 2342 394 salubri-

1326 412 1377 440 ter
1395 410 1587 449 gubernari,
1615 413 1646 441 te
1675 412 1716 442 de
1749 411 1894 442 fratrum
1925 414 2120 444 nostrorum
2143 416 2285 446 consilio
2311 418 2343 447 et

1324 464 1511 502 apostolice
1529 464 1740 502 plenitudine
1759 465 1948 503 potestatis,
1966 466 2173 504 prefecimus
2191 468 2342 506 predicto

1326 517 1533 547 monasterio
1551 517 1585 547 in
1601 516 1767 548 abbatem.
1796 517 1921 548 Datum
1943 519 2031 557 apud
2049 519 2340 558 Urbemveterem,

1328 579 1363 598 111
1383 569 1546 600 kalendas
1565 571 1712 609 augusti,
1731 579 1818 601 anno
1836 570 1911 601 1110.
1930 583 1944 599 »

1366 679 1403 709 In
1419 687 1447 708 e.
1477 688 1522 709 in.
1550 679 1728 709 conventui
1756 681 1954 710 monasterii
1990 680 2283 720 XViceburgensis,
2303 682 2344 712 ad

1326 733 1514 763 Romanam
1532 732 1710 763 ecclesiam
1730 733 1824 763 nullo
1841 733 1953 763 medio
1974 734 2188 772 pertinentis,
2213 735 2343 765 ordinis

1325 786 1357 816 S.
1376 785 1558 821 Benedicti,
1579 786 1751 824 Spirensis
1769 786 1927 816 diocesis.

1366 839 1403 868 [n
1417 847 1444 869 e.
1463 848 1507 869 01.
1524 839 1695 869 universis
1709 839 1868 869 vassallis
1885 840 2085 870 monasterii
2100 840 2342 879 Vt'iceburgen-

1326 892 1386 927 sis,
1399 892 1436 922 ad
1451 892 1640 923 Romanam
1656 892 1835 923 ecclesiam
1856 894 1917 935 etc.

1930 1078 2053 1105 Orvieto.
2071 1078 2175 1113 2:2juin
2191 1079 2268 1106 1204.

1415 1079 1485 1110 707

1361 1163 1497 1198 Magistro
1522 1163 1657 1197 Gregorio
1677 1163 1710 1188 de
1732 1163 1849 1197 Neapoli
1877 1164 2050 1190 decanatum
2071 1163 2258 1190 Baioceusem
2276 1171 2342 1191 con-

1326 1212 1381 1238 l‘crt
1395 1211 1523 1246 aliasque
1544 1211 1623 1238 addit
1636 1212 1670 1238 de
1691 1212 1790 1238 eodeni
1814 1212 1955 1238 decanatu
1971 1211 2176 1238 ordinationes.
2193 1213 2278 1246 (Bne.
2295 1212 2340 1244 28,

1326 1260 1373 1287 fol.
1389 1262 1432 1291 77,
1447 1268 1513 1287 ann.
1526 1260 1572 1292 111,
1589 1264 1621 1286 n⁰
1632 1261 1707 1293 309.)

1365 1377 1380 1395 11
1400 1366 1548 1406 Maqistro
1569 1365 1717 1405 Greqorz'u
1735 1366 1770 1395 dc
1790 1365 1931 1404 Neapoli,
1952 1365 2066 1395 decano
2082 1366 2253 1402 Baiocensi,
2272 1375 2344 1407 cap-

1321 1419 1441 1459 pellano
1461 1425 1575 1449 nostro.
1593 1419 1693 1450 Clara
1718 1418 1899 1458 probitatis
1918 1421 1973 1449 tue
2000 1437 2047 1449 —.
2069 1419 2218 1450 Vacante
2237 1419 2342 1458 igitur

1324 1473 1487 1504 decanatu
1500 1473 1695 1504 Baiocensis
1709 1473 1850 1503 ecclesie
1868 1481 1927 1511 per
1945 1473 2209 1512 resignationem
2226 1473 2341 1504 dilecti

1324 1527 1385 1557 tilii
1408 1527 1563 1565 magistri
1581 1525 1959 1570 Adenultchappellani
1980 1526 2100 1562 nostri,
2119 1527 2253 1565 nepotis
2269 1525 2343 1556 feli-

1323 1581 1371 1610 cis
1397 1579 1642 1611 recordationis
1669 1580 1708 1611 G.
1740 1588 1836 1618 pape,
1859 1580 2113 1618 predecessoris
2143 1580 2265 1618 nostri,
2283 1580 2341 1619 qui

1322 1634 1521 1664 decanatum
1547 1632 1720 1664 obtinebat
1743 1633 1898 1669 eundem,
1926 1642 1989 1663 nos
2007 1633 2206 1672 diligentius
2233 1634 2340 1664 atten-

1321 1687 1450 1723 dentes,
1471 1687 1559 1725 quod
1586 1688 1621 1717 tu
1653 1695 1671 1716 a
1687 1686 1840 1725 primevo
1859 1686 1958 1716 etatis
1986 1688 2041 1716 tue
2066 1688 2229 1726 tempore,
2245 1686 2341 1717 obse-

1321 1741 1412 1779 quiis
1427 1740 1577 1778 ejusdem
1595 1740 1737 1770 ecclesie
1750 1740 1944 1778 deputatus,
1964 1740 2192 1770 adolescentie
2212 1742 2268 1770 tue
2282 1748 2339 1770 an-

1320 1802 1381 1823 nos
1399 1795 1554 1823 continue
1568 1794 1600 1822 in
1614 1793 1801 1823 Gallicanis
1819 1792 1973 1831 partibus
1988 1793 2163 1832 peregisti.
2182 1793 2340 1832 quodque

1320 1847 1436 1886 lingua
1454 1848 1485 1877 et
1506 1846 1658 1877 moribus
1683 1846 1766 1877 adeo
1789 1845 1931 1876 Gallicis
1961 1848 1992 1876 te
2014 1846 2218 1883 conformas,
2249 1846 2340 1886 quod

1322 1902 1418 1938 potes
1435 1900 1556 1930 merito
1575 1907 1639 1929 non
1657 1899 1798 1930 Italicus
1814 1899 1873 1930 sed
1884 1899 2036 1930 Gallicus
2047 1899 2162 1938 potius
2176 1899 2338 1939 reputari,

1320 1963 1356 1983 ac
1382 1953 1534 1983 volentes
1562 1955 1605 1989 te,
1627 1956 1935 1992 quantumcumque
1963 1955 2020 1983 tua
2043 1962 2120 1983 cara
2147 1952 2246 1983 nobis
2264 1961 2339 1993 pre-

1320 2007 1429 2036 sentia
1453 2014 1629 2036 careamus
1662 2006 1773 2041 inviti,
1808 2006 1842 2036 in
1872 2006 2022 2044 predicte
2055 2006 2198 2037 ecclesie
2225 2007 2337 2036 firma-

1320 2062 1431 2089 mento
1458 2062 1617 2098 tanquam
1639 2060 1744 2098 sydus
1773 2059 1950 2095 collocare,
1981 2061 2016 2089 ut
2039 2061 2072 2089 et
2105 2059 2165 2089 tibi
2191 2068 2250 2098 per
2279 2061 2335 2090 tue

1318 2113 1384 2143 vite
1403 2113 1562 2143 meritum
1575 2115 1605 2143 et
1623 2112 1700 2142 aliis
1717 2113 1875 2151 proficias
1896 2120 1955 2151 per
1979 2113 2186 2151 exemplum,
2211 2113 2338 2152 predic·

1318 2168 1388 2196 tum
1413 2167 1613 2196 decanatum
1635 2175 1711 2195 cum
1738 2165 1898 2196 omnibus
1917 2166 2064 2204 juribus,
2089 2166 2337 2204 jurisdictioni-

1316 2219 1380 2249 bus
1400 2221 1431 2249 et
1460 2219 1676 2257 pertinentiis
1707 2219 1791 2254 suis,
1823 2219 2008 2257 apostolica
2040 2219 2102 2249 tibi
2135 2220 2337 2250 auctoritate

1317 2272 1535 2308 conferimus,
1555 2271 1685 2310 tibique
1701 2272 1740 2301 de
1757 2272 1815 2302 illo
1836 2272 2022 2302 liberaliter
2042 2272 2270 2311 providemus,
2288 2273 2339 2303 in·

1316 2326 1499 2357 vestientes
1525 2327 1556 2356 te
1576 2334 1633 2364 per
1658 2327 1812 2356 nostrum
1840 2326 2003 2356 annulum
2023 2325 2275 2364 presentialiter
2295 2325 2335 2356 de

1316 2380 1432 2410 eodem
1450 2387 1487 2409 ac
1509 2380 1728 2410 decernentes
1759 2379 1894 2409 irritum
1927 2381 1957 2409 et
1985 2380 2086 2410 inane
2115 2379 2278 2418 quicquid
2295 2379 2334 2410 de

1315 2433 1479 2463 decanatu
1498 2433 1583 2471 ipso,
1604 2441 1703 2472 quem
1720 2435 1797 2463 ante
1817 2432 2012 2471 hujusmodi
2035 2432 2108 2471 ejus
2125 2432 2337 2463 vacationem

1315 2486 1488 2516 donationi
1514 2486 1698 2525 apostolice
1716 2486 1879 2516 duximus
1897 2486 2151 2520 reservandum,
2170 2493 2230 2525 per
2249 2485 2337 2525 capi-

1316 2540 1425 2569 tulum
1448 2540 1557 2578 ipsius
1575 2539 1717 2570 ecclesie
1733 2540 1786 2569 vel
1806 2548 1865 2577 per
1880 2547 2127 2579 quemcumque
2150 2539 2255 2570 alium
2273 2547 2335 2570 seu

1316 2593 1414 2626 alios,
1434 2592 1620 2631 apostolica
1645 2593 1698 2623 vel
1726 2601 1926 2631 quacunque
1955 2592 2022 2623 alia
2055 2592 2257 2623 auctoritate
2288 2594 2336 2623 at-

1315 2647 1518 2684 temptatum
1537 2648 1599 2682 est,
1614 2646 1666 2676 vel
1687 2646 1718 2676 in
1738 2647 1912 2684 posterum
1930 2645 2107 2684 contigerii
2125 2646 2334 2684 attemptari.

1315 2699 1390 2729 Non
1421 2698 1635 2729 obstantibus
1663 2716 1713 2728 —.
1744 2699 1999 2735 Verumtamen,
2024 2699 2178 2729 volentes
2194 2698 2335 2729 utilitati

1316 2752 1465 2791 predicte
1504 2752 1700 2783 Baiocensis
1743 2751 1883 2782 ecclesie
1916 2751 2098 2782 salubriter
2141 2751 2330 2790 providere,

1317 2805 1503 2843 apostolica
1530 2805 1730 2835 auctoritate
1756 2805 1939 2835 statuimus
1957 2806 1994 2834 ut
2011 2805 2047 2834 tu
2069 2805 2101 2834 et
2119 2812 2335 2834 successores

1317 2858 1364 2888 tui
1391 2858 1507 2888 decani
1533 2858 1746 2893 Baiocenses,
1776 2858 1805 2887 31
1836 2857 2028 2887 sacerdotes
2057 2865 2122 2887 11011
2153 2857 2292 2893 fuerint,
2315 2866 2334 2888 a

1318 2910 1371 2941 die
1388 2919 1453 2949 quo
1471 2920 1488 2941 a
1508 2911 1683 2942 Baiocensi
1703 2910 1850 2949 capitulo
1873 2910 1998 2949 recepti
2027 2910 2159 2940 fueritis
2183 2910 2215 2940 in
2238 2910 2335 2940 deca-
