2547 3289
964 281 1203 320 TROISIEME
1225 282 1387 318 ANNEE.

138 375 227 411 runt,
247 373 428 403 commisso
447 373 508 403 tibi
533 373 673 404 ecclesie
699 374 848 404 Romane
873 373 1018 411 negotio,
1037 372 1145 405 utilia,

139 427 269 456 favente
286 426 444 461 Domino,
468 425 657 464 provenire,
683 425 874 464 hujusmodi
897 425 1036 455 rectorie
1052 434 1088 454 ac
1104 425 1148 454 le-

137 479 283 517 gationis
325 478 435 508 officia
475 478 668 517 specialiter
710 478 743 507 in
783 478 910 507 eisdem
952 477 1148 507 civitatibus

137 540 320 569 eorumque
341 530 555 561 districtibus
571 531 783 569 providentie
798 532 853 560 tue
871 530 1057 568 apostolica
1075 539 1147 559 auc-

136 584 271 614 toritate
289 584 545 620 committimus,
561 592 627 613 non
644 583 798 613 obstante
815 583 1054 612 commissione
1071 592 1146 621 qna-

137 645 280 675 cumque
306 636 392 666 l'acta
421 645 478 674 per
506 645 567 666 nos
595 636 716 666 dilecto
745 636 814 665 tilio
837 637 951 665 nostro
979 636 1025 671 5.,
1057 635 1147 664 tituli

136 690 242 719 sancti
270 689 405 719 Martini
432 689 630 727 presbytero
658 688 833 722 cardinali,
855 688 1037 726 apostolice
1056 688 1147 717 sedis

137 741 259 779 legato,
276 742 309 770 in
325 741 520 771 civitatibus
539 743 569 770 et
585 741 799 770 districtibus
818 740 1036 778 supradictis.
1056 740 1146 770 Ideo-

135 804 199 833 que
219 795 419 824 mandamus
443 795 602 832 quatinus
625 793 819 832 hujusmodi
838 793 980 823 rectorie
1004 795 1033 823 et
1060 793 1145 832 lega·
1177 799 1178 803 ’

134 847 238 877 tionis
257 847 368 876 officia
386 847 419 876 in
434 847 596 884 predictis
615 846 810 876 civitatibus
827 847 858 875 et
876 845 1088 875 districtibus
1107 845 1147 875 ad

135 899 269 929 laudem
294 901 325 929 et
347 899 490 938 gloriam
506 899 613 928 divini
632 899 792 934 nominis,
815 897 975 927 honorem
999 898 1147 936 predicte

134 952 286 988 ecclesie,
305 961 341 981 ac
356 951 489 981 felicem
507 951 756 989 promotionem
775 951 897 989 prefati
913 950 1038 989 negotii
1057 950 1146 980 utili·
1178 963 1179 967 =

134 1006 185 1035 ter
201 1006 232 1034 et
248 1004 428 1035 efficaciter
441 1004 633 1042 exequaris.
645 1005 715 1034 Nos
726 1004 816 1033 enim
829 1003 1028 1039 sententias,
1042 1011 1147 1041 penas

134 1060 166 1088 et
190 1057 301 1088 banna
320 1066 384 1096 que
409 1057 634 1096 spiritualiter
657 1059 688 1087 et
712 1057 944 1095 temporaliter
966 1057 1087 1086 tuleris
1112 1056 1145 1086 in

134 1110 289 1145 rebelles,
302 1112 375 1140 rata
390 1110 591 1140 habebimus
610 1112 671 1140 etc.
687 1110 812 1140 Datum
827 1110 915 1148 apud
931 1109 1148 1140 Urbemvete-

134 1173 216 1199 rem,
240 1174 255 1192 v
274 1164 351 1194 idus
367 1164 513 1203 augusti,
536 1173 622 1194 anno
642 1164 711 1194 1110.
733 1177 747 1190 »

225 1304 298 1335 878

172 1373 321 1404 Potestati,
343 1373 504 1407 capitaneo,
523 1372 643 1399 consilio
665 1375 693 1399 et
714 1373 862 1400 communi
883 1373 1045 1400 Tudertinis
1069 1382 1148 1400 man-

134 1420 180 1446 dat
201 1423 341 1454 qnatenus
360 1421 506 1455 praedicto
527 1430 627 1448 eorum
649 1421 753 1448 rectori
776 1421 909 1449 obediant
932 1425 959 1448 et
985 1421 1146 1449 intendant.

133 1469 214 1502 11166.
231 1471 274 1497 28.
294 1469 342 1497 fol.
364 1470 422 1500 122,
444 1478 502 1497 cur.
523 1478 590 1497 ann.
612 1470 659 1501 111,
674 1471 791 1497 1101134.)

742 1303 868 1336 111-111610,
883 1305 899 1330 9
916 1305 983 1330 aout
999 1303 1073 1330 1264.

175 1561 189 1576 «
209 1574 213 1579 .
231 1575 235 1579 .
254 1551 410 1588 potestati,
427 1575 432 1580 .
450 1574 455 1580 .
474 1550 644 1588 capitaneo,
657 1550 782 1579 consilio
799 1557 825 1579 et
844 1552 993 1579 communi
1010 1551 1148 1580 Tuderti—

137 1602 192 1635 nis,
212 1601 353 1640 fidelibus
369 1603 489 1632 nostris.
506 1603 589 1633 Cum
609 1612 669 1633 nos
685 1603 807 1633 dilecto
825 1620 873 1634 —.
894 1604 1017 1634 Datum
1041 1606 1075 1634 ut
1095 1613 1149 1634 su-

135 1663 207 1692 pra,
231 1667 244 1682 »

175 1738 212 1768 In
233 1746 260 1767 e.
288 1746 344 1768 111..
369 1738 541 1776 potestati,
563 1738 705 1768 consilio
729 1740 759 1768 et
782 1739 953 1768 communi
979 1739 1146 1775 Reatinis,

138 1790 295 1821 fidelibus
310 1791 448 1820 nostris.

178 1845 214 1874 In
232 1853 259 1874 e.
278 1852 335 1874 m..
356 1845 525 1882 potestati,
551 1844 692 1874 consilio
710 1846 739 1874 et
759 1845 929 1874 communi
951 1845 1147 1875 Narniensi-

136 1897 210 1932 bus,
232 1896 390 1926 fidelibus
408 1897 547 1927 nostris.

175 1950 213 1979 In
231 1958 259 1979 6.
276 1958 333 1979 m..
348 1950 519 1987 potestati,
533 1949 675 1979 consilio
693 1952 723 1980 et
740 1950 909 1980 communi
923 1950 1150 1980 Interamnen-

137 2003 243 2039 sibus,
266 2003 424 2033 fidelibus
441 2003 579 2033 nostris.

744 2137 868 2167 orvieto,
886 2140 902 2163 o
915 2140 979 2164 aont
1001 2138 1077 2164 1204.

225 2139 298 2169 379

173 2208 220 2235 M„
238 2216 260 2233 ς.
279 2207 385 2234 Mariae
403 2207 430 2233 in
452 2207 566 2234 Porticu
590 2207 709 2234 diacono
730 2207 882 2240 cardinali,
904 2209 1021 2234 mandat
1040 2211 1070 2235 ut
1085 2209 1149 2235 lites

132 2256 240 2291 judicio
256 2255 390 2282 terminet
404 2258 516 2282 exortas
532 2255 606 2282 inter
619 2256 786 2290 Spoletanos
804 2259 829 2283 et
848 2257 980 2283 dominos
996 2258 1028 2283 de
1041 2258 1148 2284 Arrone
1179 2283 1180 2286 ,

137 2308 162 2332 et
183 2305 217 2331 de
233 2305 332 2331 Castro
348 2305 448 2333 Lacus,
469 2304 684 2338 Spoletauisque
706 2305 837 2331 restituat
856 2308 982 2332 castrum
1009 2306 1148 2332 Perocnli.

137 2354 216 2387 (11611.
232 2354 276 2386 28,
297 2352 347 2379 fol.
367 2353 426 2385 124,
442 2361 500 2379 cur.
521 2361 586 2379 ann.
605 2353 649 2383 111,
667 2361 699 2379 no
718 2354 788 2385 105.)

178 2441 192 2458 κ
213 2430 267 2465 111,,
282 2435 384 2458 sancte
400 2429 497 2458 Mai-ie
523 2430 553 2458 in
574 2429 697 2459 Portica
715 2430 843 2459 diacono
858 2430 1021 2467 cardinali,
1042 2432 1149 2460 rectori

138 2483 325 2512 Patrimonii
348 2483 428 2512 beati
451 2483 534 2512 Petra·
552 2483 581 2512 in
610 2483 728 2519 Tuscia,
752 2482 917 2523 apostolice
940 2483 1017 2513 sedis
1039 2483 1147 2523 leynto.

138 2536 288 2566 Ecclesie
311 2536 463 2566 Romane
483 2536 655 2574 negotium
680 2536 769 2574 quod
793 2539 848 2566 tue
878 2537 1043 2567 industrie
1062 2546 1149 2567 coin-

139 2589 297 2619 misimus
327 2589 606 2627 promovendum,
648 2589 758 2618 votive
797 2590 1035 2628 prosperitatis
1074 2599 1150 2629 aug-

138 2644 252 2672 menta
269 2642 442 2680 suscipere
461 2650 520 2680 per
537 2644 590 2672 tue
607 2642 781 2680 diligentie
798 2643 948 2672 studium
963 2643 1149 2680 cupientes,

138 2694 335 2725 discretioni
361 2695 428 2730 tue,
459 2694 499 2724 de
525 2703 591 2733 qua
609 2694 744 2732 plenam
765 2695 799 2724 in
818 2695 962 2725 Domino
992 2695 1149 2726 fiduciam

138 2747 343 2783 obtinemus,
362 2747 569 2777 terminandi
591 2747 719 2786 judicio
745 2756 805 2777 seu
827 2748 1004 2778 concordia
1021 2750 1148 2778 contro-

138 2801 268 2831 versias
288 2800 359 2830 sive
380 2800 458 2830 lites
483 2809 546 2838 que
566 2800 652 2830 inter
672 2825 677 2830 .
701 2822 707 2828 .
730 2801 942 2838 potestatem,
969 2801 1150 2831 consilium

138 2856 169 2884 et
188 2861 363 2883 commune
377 2853 587 2891 Spoletanos,
602 2861 643 2883 ex
661 2855 756 2891 parte
770 2862 846 2887 una,
862 2855 893 2883 et
911 2853 1042 2884 nobiles
1059 2854 1151 2884 viros

138 2907 295 2937 dominos
312 2906 350 2936 de
369 2906 500 2936 Arrone
518 2908 549 2936 et
567 2906 606 2936 de
620 2906 861 2943 Castro-lacus,
878 2915 919 2936 ex
937 2906 1053 2942 altera,
1065 2908 1150 2937 verti

141 2960 310 2996 dicuntur,
335 2959 536 2989 restituendi
557 2968 690 2998 quoque
710 2959 903 2998 Spoletanis
929 2959 1057 2990 eisdem
1082 2968 1151 2990 cas·
1182 2966 1183 2975 ¹

2159 297 2218 326 427

1213 373 1301 401 trum
1314 372 1481 409 Perocnli,
1491 374 1670 412 Spoletane
1680 375 1935 414 diocesis‚‹1uod
1946 386 2006 406 nos
2016 378 2047 407 in
2061 379 2218 410 manibus

1210 425 1335 454 nostris
1357 427 1522 461 tenemus
1540 429 1571 457 et
1594 428 1785 458 remittendi
1806 429 1855 458 eis
1880 438 1983 467 penas
2001 432 2033 460 ct
2049 430 2159 461 banna
2184 433 2218 462 in

1209 486 1272 516 quc
1293 478 1394 507 iidem
1410 479 1733 516 Slnsletannrationc
1752 481 1949 511 rebellionis
1968 484 2127 521 preterite
2143 494 2218 515 con-

1209 531 1259 559 tra
1279 539 1339 560 nos
1359 533 1566 570 attemptate,
1587 533 1746 563 incidisse
1764 536 1959 570 noscuntur,
1977 544 2014 565 ac
2034 537 2216 573 statuendi,

1209 583 1421 621 disponendi,
1448 585 1636 621 ordinandi,
1664 587 1868 624 percipiendi
1899 590 1927 617 et
1952 588 2093 618 faciendi
2116 599 2217 629 super

1209 637 1387 674 premissis
1409 637 1568 675 quicquid
1587 638 1627 667 ad
1652 639 1811 669 honorem
1839 642 1988 670 nostrum
2011 643 2040 671 ct
2066 643 2216 673 Romane

1208 689 1348 718 ecclesie
1369 692 1401 719 et
1427 690 1601 728 pacificum
1628 693 1751 722 statum
1775 693 1910 723 illarum
1934 695 2093 732 partium,
2119 705 2216 734 expe-

1208 741 1277 770 dire
1291 742 1428 777 videris,
1441 743 1573 780 plenam
1584 747 1613 773 ct
1630 744 1771 774 liberam
1788 746 2003 776 concedimus
2016 749 2215 778 auctoritato

1209 795 1416 831 presentium
1437 795 1640 826 facultatem.
1662 797 1732 827 Nos
1751 807 1828 837 ergo
1848 799 2007 837 quicquid
2024 808 2124 838 snper
2144 810 2215 839 pre-

1210 847 1326 875 missis
1345 849 1376 876 ot
1393 849 1538 886 singulis
1551 850 1795 887 premissorum
1814 851 1942 886 feceris,
1960 854 2070 882 ratum
2085 853 2218 883 habebi-

1209 907 1285 928 mus
1308 901 1406 938 atque
1429 900 1575 931 firmum.
1600 903 1724 932 Datum
1742 904 1831 941 apud
1852 904 2137 941 [rbemvetereim
2159 916 2216 936 rui

1210 951 1285 981 idus
1305 954 1451 991 augusti,
1471 963 1557 983 anno
1576 955 1649 984 1110.
1668 968 1682 981 11

1298 1098 1370 1127 880

1243 1166 1335 1192 Fratri
1357 1168 1523 1202 ltaymundo
1539 1170 1654 1194 mandat
1673 1172 1812 1202 quatenus
1827 1171 1860 1196 de
1880 1173 1974 1197 castro
1991 1172 2119 1198 l'eroculi
2136 1172 2223 1199 faciat

1208 1215 1341 1249 quicquid
1360 1215 1500 1242 videbitur
1524 1217 1571 1250 M,
1587 1217 1706 1244 diacono
1722 1218 1859 1244 cardinali
1878 1221 1904 1244 S.
1923 1220 2027 1246 Mariae
2044 1220 2072 1246 in
2097 1220 2220 1248 Porticu-

1215 1263 1295 1293 (Rae.
1324 1265 1367 1295 28,
1385 1264 1435 1291 fol.
1454 1265 1503 1291 124
1519 1270 1556 1296 w,
1573 1274 1633 1292 cur.
1653 1274 1720 1293 ann.
1738 1267 1784 1300 Ill,
1802 1272 1831 1293 11(4
1852 1268 1922 1302 loc.)

1798 1100 1922 1127 ‹im-icto,
1944 1101 1972 1126 Ι·.)
1989 1103 2055 1126 aunt
2074 1101 2148 1127 izo-t.

1250 1357 1264 1374 «
1287 1346 1396 1376 Fratri
1414 1348 1606 1387 Raymundo,
1633 1349 1751 1378 ordinis
1776 1350 1885 1380 Mililic
1910 1352 2037 1392 Templi,
2062 1352 2224 1382 castellano

1210 1401 1303 1428 castri
1319 1399 1472 1430 Peroculi.
1488 1402 1655 1432 Volumus
1671 1405 1700 1432 et
1718 1405 1927 1441 presentium
1943 1405 2004 1434 tibi
2021 1407 2223 1436 auctoritate

1210 1453 1409 1483 mandamus
1425 1456 1591 1492 quatenus
1604 1455 1644 1485 de
1662 1458 1771 1485 castro
1785 1457 1950 1493 Perocnli,
1966 1460 2021 1487 tue
2041 1459 2223 1488 commisso

1209 1507 1371 1541 custodie,
1400 1506 1505 1536 libere
1532 1507 1636 1537 facias
1665 1509 1823 1547 quicquid
1844 1510 1905 1539 tibi
1926 1519 1966 1540 ex
1991 1512 2085 1549 parte
2106 1514 2220 1541 nostra

1210 1559 1396 1597 injunxerit
1415 1559 1559 1589 dilectus
1582 1561 1671 1590 tilius
1698 1564 1811 1591 noster
1838 1563 1894 1598 M„
1917 1566 2030 1593 sancte
2055 1564 2160 1593 Marie
2188 1565 2220 1594 in

1209 1612 1345 1642 Porticu
1362 1612 1523 1642 diaconus
1538 1614 1732 1649 cardinalis,
1752 1616 1959 1646 restituendo
1976 1617 2059 1646 illud
2073 1617 2114 1646 ad
2128 1626 2219 1647 man-

1210 1665 1324 1694 datum
1342 1665 1451 1703 ipsius
1470 1665 1536 1695 sibi
1551 1667 1603 1696 vel
1622 1667 1650 1697 ei
1671 1669 1726 1697 aut
1743 1668 1792 1697 eis
1811 1677 1895 1707 qnos
1916 1670 1988 1707 ipse
2006 1669 2067 1699 tibi
2084 1670 2219 1699 duxerit

1209 1718 1459 1755 exprimendos.
1478 1720 1721 1750 Verumtamen
1741 1720 1882 1751 balistas
1900 1724 1930 1752 ct
1949 1722 2014 1752 alia
2041 1731 2133 1752 arma
2156 1732 2220 1761 que

1209 1770 1270 1800 tibi
1290 1771 1413 1801 tradita
1432 1780 1491 1809 pro
1514 1772 1624 1810 ipsius
1643 1774 1743 1803 castri
1767 1775 1953 1805 munitione
1973 1776 2118 1805 suerunt.
2142 1776 2219 1806 reti-

1211 1832 1291 1853 neas
1316 1833 1374 1861 per
1405 1826 1437 1854 te
1465 1827 1578 1855 nostre
1612 1835 1742 1856 camere
1769 1828 1913 1857 fideliter
1941 1829 2141 1867 resIgnanda
2170 1847 2218 1857 —.

1210 1877 1334 1906 Datum
1350 1877 1436 1915 apud
1450 1877 1738 1911 Urbemveterem.
1750 1889 1770 1908 11
1783 1880 1858 1910 idus
1872 1881 2017 1919 augusti.
2027 1890 2113 1911 anno
2124 1881 2192 1911 1110.
2205 1893 2219 1908 »

1245 2092 1420 2119 tlonradum,
1441 2093 1542 2118 ducem
1561 2093 1687 2123 sueviaea
1709 2094 1839 2120 hortatur
1856 2095 1898 2120 det
1920 2103 2036 2128 operam
2054 2099 2078 2121 ut
2100 2096 2219 2124 ’11161110-

1210 2139 1297 2166 nicia
1320 2141 1517 2174 persecutione
1541 2141 1677 2168 ecclcsiae
1701 2142 1850 2169 desistant.
1870 2143 1948 2171 ilinc.
1967 2146 2009 2170 ΞΝ.
2031 2144 2077 2170 1111.
2107 2146 2152 2171 124
2181 2150 2219 2177 v0‚

1210 2197 1270 2215 cur.
1288 2197 1355 2215 ann.
1372 2189 1419 2219 111,
1438 2194 1467 2215 11ο
1486 2191 1558 2220 107.»

1796 2024 1920 2053 (11111610,
1945 2026 1972 2051 13
1987 2027 2050 2051 aout
2071 2026 2146 2052 1204.

1251 2283 1264 2301 ι(
1281 2273 1386 2302 Nobili
1403 2274 1467 2302 viro
1483 2273 1631 2310 Cin-melo,
1646 2274 1717 2303 ‹lut-t
1728 2276 1847 2304 b'ucvie.
1864 2279 2045 2314 Sbcl'ainus
2061 2278 2220 2316 1111101611-

1178 2327 1180 2341 ”
1210 2327 1257 2356 tia
1274 2326 1409 2356 virtutis
1424 2327 1606 2361 Altissimi‚
1625 2336 1736 2365 quem,
1752 2328 1834 2357 sicut
1856 2329 2069 2359 evidentibus
2084 2331 2220 2361 indiciis

1210 2379 1441 2409 demonstrare
1461 2380 1595 2415 diceris,
1615 2380 1760 2418 puritate
1780 2381 1891 2410 cordis
1914 2384 1943 2411 el
1968 2383 2071 2412 animi
2092 2392 2221 2414 revere-

1210 2433 1268 2467 ris,
1289 2432 1377 2470 quod
1397 2432 1471 2470 ipsa
1497 2436 1538 2468 te,
1565 2433 1667 2462 veluti
1686 2434 1859 2472 luvropriam
1887 2435 1951 2464 sibi
1976 2436 2219 2473 pcramabilem

1179 2499 1180 2515 1
1209 2485 1408 2524 plantulam,
1425 2494 1569 2523 superne
1590 2485 1835 2515 benedictionis
1854 2496 1927 2517 rore
1946 2489 2163 2526 perfundens,
2185 2491 2218 2520 in

1179 2542 1181 2556 ³
1211 2539 1320 2567 mente
1338 2539 1395 2567 tua
1414 2538 1523 2568 zelum
1543 2539 1733 2568 devotionis
1749 2540 1917 2574 accendet,
1940 2542 1971 2570 nt
1993 2541 2080 2571 inter
2094 2542 2220 2573 electos

1211 2591 1283 2629 ejus
1304 2591 1475 2620 numerari
1501 2591 1620 2621 merito
1646 2591 1768 2627 valeas,
1789 2593 1938 2630 precelse
1962 2593 2123 2624 bonitatis
2144 2596 2221 2626 titu-

1210 2643 1253 2672 lis
1279 2643 1498 2682 presignitus.
1521 2644 1723 2682 Accepimus
1749 2654 1826 2683 ergo
1854 2646 1952 2684 qnod,
1980 2647 2059 2677 dmn
2083 2649 2220 2686 quidam

1211 2696 1401 2734 iniquitatis
1418 2696 1492 2733 filii,
1509 2697 1566 2735 qui
1583 2706 1642 2726 nec
1660 2697 1765 2727 Deum
1784 2698 1924 2736 diligere
1944 2708 2003 2729 nec
2020 2701 2067 2730 tui
2084 2701 2221 2731 lionoris

1211 2749 1403 2779 desiderare
1423 2749 1621 2779 videbantur
1638 2752 1868 2788 augmentum,
1888 2753 2042 2790 nequiter
2064 2754 2124 2784 tibi
2145 2764 2220 2794 sug-

1211 2804 1376 2841 gererent,
1405 2803 1493 2841 quod
1523 2802 1665 2832 ecclesia
1694 2804 1847 2834 Romana
1883 2805 2118 2844 multipliciter
2145 2810 2221 2838 tuos

1211 2855 1444 2894 progenitores
1461 2855 1656 2890 offenderat,
1675 2866 1711 2885 ac
1729 2857 1778 2886 eis
1796 2866 1915 2895 graves
1935 2859 2077 2897 injurias
2096 2860 2219 2899 irroga-

1212 2911 1273 2941 rat,
1298 2909 1397 2946 teque
1415 2908 1602 2938 niterentur
1621 2909 1777 2939 inducere
1796 2913 1829 2940 ut
1852 2919 1909 2948 pro
1932 2911 2003 2941 loco
2022 2915 2051 2942 et
2071 2915 2221 2952 tempore

1214 2960 1407 2999 hujusmodi
1427 2961 1572 2991 otl'ensas
1595 2962 1625 2991 et
1649 2961 1788 3000 injurias
1808 2963 2009 3000 vindicares,
2029 2967 2062 2995 tu
2085 2974 2150 2996 non
2169 2967 2222 2997 de-
