2547 3289
279 171 335 200 100

275 260 417 290 cumque
444 250 570 280 tenoris
587 248 746 284 existant,
771 245 956 276 venerabili
980 245 1075 275 fratri
1097 246 1213 275 nostro
1240 270 1246 275 .
1274 268 1280 274 .

274 304 431 342 episcopo
445 304 474 332 et
491 301 623 331 dilectis
642 300 722 329 liliis
739 298 886 337 capitulo
902 297 1156 328 Parisiensibus
1169 306 1282 327 comu-

274 356 360 385 niter
377 355 429 384 vel
446 354 581 383 divisim
601 362 619 383 a
637 352 807 390 sepedicta
824 351 902 381 sede
918 350 1100 386 concessis,
1121 359 1181 389 per
1198 358 1282 389 quos

273 407 465 445 hujusmodi
494 406 600 445 gratia
629 404 787 443 impediri
812 403 921 434 valeat
950 403 1002 433 vel
1029 402 1282 441 quomodolibet

272 459 482 490 obstaculum
510 457 689 496 interponi.
720 457 815 487 Nulli
839 458 899 487 etc.
928 458 1040 486 nostre
1075 455 1279 492 collationis,

269 511 488 552 provisionis,
508 510 706 541 investiture
730 510 762 540 et
780 509 1045 546 constitutionis,
1060 510 1121 539 etc.
1141 508 1175 539 Si
1190 508 1278 547 quis,

270 566 330 595 etc.
361 565 483 594 Datum
509 563 597 602 apud
626 562 914 598 Urbemveterem‚
944 562 1020 591 idus
1044 561 1173 600 aprilis,
1193 570 1280 592 anno

270 617 427 647 secundo.
451 629 464 642 »

356 793 428 824 363
860 789 983 820 Orvieto,
1006 790 1036 816 10
1052 789 1109 816 mai
1129 790 1206 816 1263.

301 871 340 898 Νο
354 869 482 897 canonici
499 870 525 896 S.
542 869 640 896 Hilarii
662 868 837 896 Pietavensis
858 871 966 896 terrain
984 877 1069 904 quam
1089 868 1279 904 possessioni-

266 920 316 946 bus
326 918 493 946 monasterii
503 919 529 945 S.
543 918 729 945 Laurentiide
743 918 865 944 Abbatia
880 918 1046 953 contiguam
1060 917 1176 949 habent,
1192 917 1277 944 alicui

264 968 376 995 valeant
395 968 560 999 concedere,
576 966 637 994 sine
657 974 798 994 consensu
814 967 926 993 abbatis
943 969 969 993 et
986 969 1142 994 conventus
1163 967 1190 993 S.
1208 966 1277 993 Lau-

263 1016 359 1044 rentii.
379 1017 514 1051 (1113027,
534 1015 581 1042 sol.
602 1016 661 1048 100,
677 1021 707 1042 n⁰
727 1015 764 1050 1.)

306 1122 320 1136 «
339 1134 346 1140 .
370 1134 376 1140 .
401 1108 502 1138 abbati
520 1112 546 1137 01
565 1107 724 1137 conventui
742 1107 917 1137 monasterii
940 1107 1039 1137 sancei
1055 1107 1216 1137 Laurentii
1242 1107 1277 1137 de

265 1162 408 1196 Abbacia,
426 1161 540 1191 ordinis
558 1161 658 1190 sancei
672 1160 848 1200 Augustini,
868 1160 1128 1190 Autisiodorensis
1140 1160 1275 1191 diocesis.

263 1217 394 1252 Quanto
410 1214 560 1254 religiosi
573 1214 638 1244 viri
653 1231 702 1244 —-.
720 1214 845 1244 Datum
869 1214 957 1252 apud
987 1213 1273 1251 Urbemveterem,

264 1279 298 1300 v1
326 1269 402 1298 idus
425 1267 517 1303 maii,
544 1275 630 1297 anno
648 1267 805 1297 secundo.
827 1278 842 1294 »

862 1449 986 1481 Orvicto,
1004 1451 1034 1477 18
1049 1450 1107 1477 mai
1123 1451 1200 1478 1263.

353 1453 427 1485 364

297 1531 432 1565 Magistro
454 1530 574 1557 Johanni
594 1530 628 1556 de
656 1529 800 1556 Monciaco
828 1529 955 1564 indulget
976 1532 1005 1556 ut
1030 1530 1270 1564 praebendarum,

259 1588 330 1614 quae
348 1580 376 1606 10
397 1579 498 1614 majori
514 1581 541 1605 et
556 1580 582 1605 S
603 1579 707 1605 Auiani
723 1578 851 1605 ecclesiis
870 1578 1124 1606 Aurelianensibus
1150 1579 1270 1611 obtinet,

260 1630 412 1662 proventus
432 1627 577 1662 percipere
596 1627 698 1658 valeat,
723 1636 779 1654 non
797 1627 928 1654 obstante
946 1628 1060 1654 defectu
1083 1627 1270 1655 residentiae.

260 1677 341 1711 (Rae.
359 1679 404 1708 27,
424 1676 473 1704 sol.
491 1677 540 1703 100
556 1682 592 1707 v0,
612 1676 697 1711 n01.)

301 1784 314 1798 «
343 1770 491 1810 lllayislro
516 1768 653 1799 „Iohanni
676 1768 711 1799 de
730 1767 896 1805 Δ1100011100,
921 1768 1062 1798 canonico
1091 1768 1270 1804 Parisiensi,

260 1823 417 1864 capellano
440 1828 554 1852 nostro.
579 1822 711 1853 Meritis
737 1823 793 1852 tue
812 1822 1001 1852 devotionis
1028 1840 1076 1852 —.
1107 1822 1194 1852 Hinc
1221 1824 1273 1853 est

260 1877 347 1916 quod
366 1885 427 1906 nos
448 1876 517 1906 tuis
535 1875 840 1914 supplicationibus
858 1874 1023 1911 inclinati,
1050 1874 1111 1905 tibi
1129 1876 1272 1905 auctori-

260 1931 325 1960 tate
337 1929 546 1968 presentium
557 1928 772 1966 indulgemus
782 1929 829 1964 ut,
842 1927 1004 1958 insistens
1016 1936 1075 1966 per
1088 1928 1271 1958 triennium

259 1983 412 2013 Parisius
438 1981 626 2012 scolasticis
650 1980 855 2019 disciplinis,
879 1982 1063 2019 proventus
1088 1981 1271 2019 prebenda-

260 2044 345 2071 rum,
362 2043 446 2074 quas
464 2034 498 2064 in
512 2034 631 2073 Majori
642 2036 672 2064 et
691 2033 797 2063 sancti
812 2033 935 2062 Aniani
950 2033 1104 2063 ecclesiis
1120 2034 1271 2065 Aurelia-

260 2088 432 2124 nensibus,
452 2096 595 2126 quarum
614 2086 734 2117 existis
753 2086 945 2122 canonicus,
967 2086 1112 2123 obtines,
1140 2095 1215 2116 cum
1232 2096 1270 2118 ea

258 2141 370 2179 possis
386 2140 575 2179 integritate
592 2139 776 2178 percipere,
796 2148 871 2169 cum
888 2148 953 2178 qua
968 2139 1046 2169 illos
1064 2139 1267 2178 perciperes,

258 2194 287 2223 si
305 2194 338 2223 in
354 2194 425 2223 1000
449 2193 603 2224 studeres
623 2192 679 2222 ubi
702 2193 834 2222 nullum
854 2192 1122 2223 ecclesiasticum
1148 2193 1270 2223 benefi-

256 2247 343 2276 cium
374 2246 554 2280 obtineres,
580 2254 645 2276 non
664 2245 877 2276 obstantibus
901 2245 1068 2277 contraria
1090 2247 1269 2277 consuetu-

255 2300 332 2330 dine
352 2300 404 2330 vel
422 2300 546 2330 statuto
567 2299 773 2330 Parisiensis
791 2299 843 2329 vel
861 2299 1092 2338 predictarum
1112 2299 1268 2330 ecclesia-

255 2362 343 2389 rum,
369 2353 573 2391 juramento,
602 2351 855 2383 confirmatione
881 2351 972 2382 sedis
1000 2352 1183 2390 apostolice
1214 2353 1267 2384 vel

255 2406 322 2437 alia
337 2406 456 2445 quavis
474 2406 631 2437 firmitate
644 2405 790 2441 vallatis,
813 2413 872 2435 seu
891 2404 919 2434 si
937 2405 1095 2443 capitulis
1111 2406 1267 2436 ecclesia-

255 2467 329 2489 rum
347 2459 499 2498 ipsarum
519 2458 559 2489 ab
578 2458 695 2490 cadem
720 2458 798 2488 sede
820 2457 988 2488 indultum
1011 2458 1149 2495 existat,
1178 2459 1267 2498 quod

255 2512 295 2542 ad
308 2511 527 2551 prestandum
538 2511 722 2550 proventus
732 2509 926 2547 hujusmodi
940 2510 1113 2540 canonicis
1128 2510 1266 2541 illarum

253 2565 287 2596 in
312 2565 463 2596 absentia
490 2564 543 2595 vel
571 2564 605 2594 in
635 2564 737 2595 scolis
763 2563 920 2602 compelli
950 2572 1016 2594 non
1042 2563 1177 2602 possint
1206 2573 1267 2603 per

252 2618 382 2650 litteras
398 2617 600 2658 apostolicas
616 2626 681 2647 non
696 2617 856 2648 facientes
868 2617 1003 2656 plenam
1019 2619 1049 2648 ct
1066 2625 1266 2656 expressam

253 2681 289 2702 ac
306 2672 345 2702 de
363 2671 464 2702 verbo
482 2671 523 2701 ad
540 2670 678 2701 verbum
702 2670 741 2701 de
759 2670 889 2700 indulto
910 2669 1105 2709 hujusmodi
1126 2671 1266 2701 mentio-

254 2733 340 2762 nem,
360 2734 418 2755 seu
437 2733 646 2764 quacumque
670 2723 737 2753 alia
755 2723 962 2762 indulgentia
980 2723 1072 2753 sedis
1099 2722 1263 2761 ejusdcm,

253 2786 311 2815 per
329 2786 429 2816 quam
445 2777 582 2808 eil'ectus
603 2777 769 2815 presentis
788 2776 894 2815 gratie
912 2775 1068 2814 impediri
1088 2776 1194 2814 possit
1212 2777 1264 2806 vel

253 2830 353 2860 etiam
379 2830 552 2861 retardari.
578 2829 673 2861 Nulli
696 2832 756 2860 etc.
786 2830 900 2859 nostre
928 2828 1168 2865 concessionis,
1198 2831 1258 2860 ete.

1082 163 1305 194 REGISTRE
1329 155 1543 194 CAMERAL

1343 245 1466 275 Datum
1491 245 1577 283 apud
1599 244 1885 282 Urbemveterem,
1915 256 1956 276 xv
1972 246 2136 278 kalendas
2159 247 2249 287 julii,
2268 256 2353 278 anno

1344 298 1501 328 secundo.
1523 310 1537 325 »

1431 474 1504 504 365
1932 473 2056 505 Orvieto,
2082 474 2112 500 19
2128 473 2186 501 mai
2203 475 2281 502 1263.

1376 551 1585 578 Archidiacono
1603 551 1739 579 Meldensi
1756 552 1895 586 praedicti
1914 552 2016 579 indulti
2036 553 2196 581 committit
2212 554 2352 581 executio-

1340 608 1416 627 nem.
1435 600 1513 634 (aaa.
1531 602 1577 632 27,
1594 600 1641 628 sol.
1663 601 1711 627 100
1728 603 1768 632 v⁰‚
1785 602 1865 633 n0‘2.)

1381 704 1395 720 «
1414 692 1639 722 Arckidiacono
1655 692 1811 723 Meldensi.
1826 693 1958 724 Meritis
1970 693 2160 724 devotionis
2175 694 2287 724 dilecti
2302 711 2350 725 —.

1340 745 1463 775 Datum
1477 746 1565 784 apud
1580 745 1869 783 Urhemveterem,
1887 755 1957 776 xnii
1972 746 2136 777 kalendas
2147 746 2247 785 junii,
2266 754 2352 777 anno

1341 798 1500 828 seeundo.
1521 810 1535 825 »

1929 973 2053 1006 Orvieio,
2074 975 2105 1001 18
2122 975 2180 1001 mai
2203 976 2279 1003 1263.

1429 974 1502 1005 36ss

1373 1053 1484 1079 Deeano
1499 1054 1527 1080 et
1542 1052 1667 1087 capitulo
1688 1051 1825 1079 ecclesiae
1852 1053 1880 1079 S.
1908 1052 2022 1079 Martini
2040 1053 2214 1080 Turonensis
2235 1054 2352 1082 mandat

1337 1103 1367 1128 ut
1381 1102 1521 1136 magistro
1534 1101 1657 1128 Johanni
1669 1101 1703 1128 de
1718 1100 1872 1132 Monciaco,
1887 1101 2088 1128 canonicatum
2103 1104 2130 1128 et
2146 1103 2349 1136 praebendam,

1337 1158 1446 1177 necnon
1463 1152 1492 1177 et
1518 1150 1689 1185 dignitatem
1711 1149 1755 1176 vel
1779 1152 1963 1184 personatum
1989 1152 2038 1177 aut
2060 1151 2292 1185 praeposituram
2321 1151 2351 1178 in

1336 1197 1465 1233 ipsorum
1482 1198 1604 1225 ecclesia
1620 1197 1779 1225 conserant.
1801 1198 1879 1233 (Rae.
1896 1200 1939 1229 ⁶27,
1957 1198 2006 1225 fol.
2030 1200 2079 1225 100
2096 1204 2132 1230 1ο,
2149 1205 2181 1225 n⁰
2197 1200 2235 1234 3.)

1375 1299 1392 1320 «
1420 1289 1546 1319 Dilectis
1577 1289 1650 1328 filiis
1676 1314 1682 1320 .
1713 1314 1719 1320 .
1750 1289 1864 1319 decano
1893 1295 1920 1319 ec
1949 1289 2085 1330 capitulo
2115 1290 2237 1320 ecclesie
2271 1290 2351 1322 beati

1334 1343 1464 1373 Martini
1492 1342 1685 1378 Turonensis,
1706 1342 1746 1372 ad
1772 1343 1936 1373 Romanam
1963 1343 2115 1373 ecelesiam
2144 1343 2229 1373 nullo
2254 1343 2350 1374 medio

1329 1396 1524 1435 pertinentis.
1556 1396 1699 1434 Adjutos
1722 1404 1855 1425 morum
1884 1398 1916 1426 et
1937 1414 1987 1426 —.
2011 1396 2109 1433 Sane,
2134 1397 2256 1427 dilecto
2279 1397 2350 1428 filio

1334 1449 1496 1487 magistro
1511 1449 1655 1478 Johanni
1674 1449 1714 1478 de
1734 1448 1916 1484 Moneiaco,
1936 1449 2134 1487 cappellano
2154 1451 2281 1487 nostro,
2301 1450 2350 1481 sic

1334 1502 1471 1540 propria
1498 1501 1719 1531 dinoscuntur
1741 1501 1917 1539 suffragari
1943 1503 2062 1531 merita
2079 1503 2115 1532 ut
2140 1502 2279 1541 dignum
2305 1503 2350 1534 sit

1334 1555 1423 1593 quod
1446 1554 1559 1593 ipsum
1580 1562 1828 1592 prosequamur
1852 1553 2080 1584 benivolentia
2097 1555 2257 1593 gratiosa.
2286 1555 2350 1587 Ob-

1334 1608 1429 1637 tentu
1448 1607 1561 1646 itaque
1579 1606 1779 1637 meritorum
1797 1606 2003 1645 hujusmodi,
2026 1607 2136 1638 eidem
2153 1608 2350 1647 cappellano

1333 1660 1476 1699 gratiam
1491 1660 1600 1690 facere
1617 1660 1841 1695 intendentes,
1857 1660 2115 1691 universitatem
2133 1662 2281 1692 vestran]
2298 1670 2351 1692 ro-

1333 1722 1452 1752 gamus
1474 1714 1504 1742 01
1520 1713 1693 1743 hortamur
1708 1714 1833 1742 attente
1848 1721 1906 1751 per
1921 1713 2105 1751 apostolica
2115 1713 2212 1743 vobis
2224 1714 2350 1753 scripta

1334 1766 1533 1796 mandantes
1551 1765 1711 1804 quatinus
1727 1766 1870 1796 eundem
1883 1765 2119 1804 cappellanum
2135 1766 2176 1796 ob
2194 1775 2347 1797 reveren-

1333 1819 1415 1849 tiam
1441 1818 1626 1857 apostolice
1653 1818 1744 1848 sedis
1765 1819 1798 1848 et
1819 1820 1982 1854 nostram,
2013 1819 2215 1858 recipientes
2241 1819 2276 1849 in
2297 1828 2349 1850 ca·

1333 1871 1491 1901 0001011111
1510 1873 1541 1901 et
1561 1871 1595 1901 in
1611 1871 1760 1907 fratrem,
1784 1871 1814 1901 ei
1839 1871 1878 1901 de
1894 1871 2065 1910 prebenda
2087 1873 2201 1911 tuque,
2229 1872 2277 1902 fili
2295 1873 2349 1903 de—

1333 1933 1424 1960 cane,
1444 1924 1484 1954 de
1510 1924 1673 1963 dignitate
1697 1924 1750 1953 101
1770 1926 1953 1962 personatu
1983 1926 2039 1955 aut
2063 1925 2291 1963 prepositura,
2318 1925 2348 1956 si

1334 1978 1367 2007 in
1390 1977 1532 2007 ecclesia
1561 1978 1673 2007 vestra
1693 1978 1812 2007 vacant
1841 1977 1882 2006 ad
1909 1985 2050 2015 presens
2074 1977 2128 2007 101
2152 1987 2253 2016 quam
2280 1979 2347 2017 pri-

1333 2039 1426 2061 mum
1441 2031 1481 2060 ad
1498 2031 1531 2060 id
1549 2030 1711 2060 obtulerit
1733 2039 1768 2060 se
1786 2030 1928 2060 facultas
1942 2049 1990 2066 —,
2006 2030 2183 2069 providere
2207 2031 2344 2068 curetis,

1332 2093 1397 2114 non
1425 2083 1579 2114 obstante
1604 2084 1693 2113 certo
1722 2083 1832 2122 ipsius
1855 2083 1996 2113 ecclesie
2022 2083 2261 2114 canonicorum
2289 2093 2345 2114 nu-

1331 2146 1436 2172 mero,
1458 2136 1661 2175 juramento,
1682 2136 1935 2166 confirmatione
1954 2136 2047 2165 sedis
2070 2137 2255 2175 apostolice
2273 2137 2345 2168 5110

1331 2198 1541 2230 quacumque
1554 2189 1711 2219 firmitate
1727 2189 1850 2219 vallato
1865 2191 1921 2219 aut
1932 2189 1961 2218 si
1976 2189 2166 2219 direximus
2182 2190 2215 2219 in
2228 2190 2345 2221 eadem

1330 2243 1472 2274 ecclesia
1488 2252 1549 2282 pro
1562 2243 1638 2272 aliis
1657 2242 1783 2281 scripta
1803 2243 1931 2277 nostra,
1951 2242 2075 2281 quibus
2092 2242 2250 2273 nolumus
2269 2251 2344 2274 auc-

1329 2297 1464 2328 toritate
1480 2296 1688 2335 presentium
1702 2295 1926 2335 prejudicium
1946 2295 2112 2334 generari,
2127 2304 2186 2326 seu
2203 2296 2232 2326 si
2248 2295 2344 2326 vobis

1329 2350 1518 2381 comuniter
1545 2349 1597 2380 vel
1624 2348 1763 2378 divisim
1788 2357 1806 2378 a
1837 2348 1916 2378 sede
1945 2348 1989 2378 sit
2027 2348 2198 2378 indultum
2226 2348 2343 2378 eadem

1329 2404 1417 2443 quod
1433 2403 1472 2433 ad
1484 2402 1709 2441 receptionem
1723 2401 1793 2431 sive
1805 2401 2035 2440 provisionem
2046 2400 2190 2440 alicujus
2201 2400 2342 2432 minime

1328 2456 1510 2488 teneamini
1528 2457 1559 2486 et
1581 2455 1622 2485 ad
1640 2454 1674 2484 id
1692 2463 1759 2484 non
1776 2454 1915 2492 possitis
1937 2453 2107 2493 compelli,
2126 2453 2283 2493 quodque
2302 2453 2342 2484 de

1327 2509 1519 2550 prebendis,
1538 2507 1786 2548 personatibus,
1803 2506 2026 2546 dignitatibus
2045 2507 2097 2538 101
2114 2506 2342 2546 preposituris

1327 2564 1368 2594 ad
1385 2562 1600 2594 collationem
1618 2562 1765 2592 vestram
1782 2560 2024 2600 spectantibus,
2037 2560 2123 2590 nulli
2140 2559 2250 2590 valeat
2267 2567 2342 2599 pro—

1327 2616 1435 2647 videri
1454 2624 1513 2655 per
1536 2615 1666 2646 litteras
1685 2613 1900 2653 apostolicas,
1919 2622 1983 2653 que
2008 2613 2049 2644 de
2075 2612 2204 2644 indulto
2225 2611 2341 2651 hujus·

1327 2670 1418 2700 niodi
1436 2669 1570 2708 plenam
1588 2670 1619 2700 et
1640 2676 1837 2707 expressam
1855 2675 1923 2698 non
1950 2666 2089 2697 fecerint
2117 2665 2337 2702 mentionem,

1327 2725 1383 2754 aut
1409 2723 1437 2753 si
1466 2722 1618 2761 prefatus
1637 2721 1855 2760 cappellanus
1882 2721 1914 2750 in
1936 2718 2188 2751 cathedralibus
2216 2720 2246 2748 et
2273 2726 2340 2748 non

1327 2775 1575 2806 cathedralibus
1593 2774 1747 2805 ecclesiis
1773 2774 1858 2804 alias
1874 2773 2094 2803 beneficiatus
2117 2771 2244 2807 existit,
2266 2771 2338 2802 sive

1326 2829 1474 2868 qnalibet
1493 2828 1558 2859 alia
1582 2827 1792 2867 indulgentia
1817 2827 1903 2857 dicte
1921 2826 2011 2856 sedis
2028 2826 2068 2855 de
2089 2833 2154 2864 qua
2173 2823 2337 2863 cujusque
