2547 3289
263 189 320 218 192

259 270 299 298 ad
314 278 348 298 50
369 270 401 298 10
419 268 532 298 eadem
547 268 689 297 ecclesia
707 278 732 297 s.
754 267 886 306 llylarii
909 270 1059 305 spectare
1078 266 1207 296 dicebat
1225 275 1266 296 ex

258 322 374 358 altera,
400 322 575 359 questione
602 320 750 356 suborta,
775 320 884 350 felicis
907 320 1150 350 recordationis
1171 320 1267 349 Inno-

257 374 386 403 centIus
401 382 486 412 papa
503 374 565 403 1111
577 373 595 407 ¹,
615 373 832 411 predecessor
845 374 969 408 noster,
986 373 1267 402 111100101111111010

256 429 408 456 nostrum
432 426 475 462 .1.‚
496 437 522 456 s.
540 426 671 456 Nicolai
698 426 731 455 in
752 426 892 456 Carcere
913 426 1070 456 Tulliano
1089 426 1266 456 diaconum

254 479 469 514 cardinalem,
490 479 655 509 concessit
676 478 828 517 partibus
852 479 1052 515 auditorem,
1072 487 1184 508 coram
1201 487 1266 517 quo

254 533 451 570 procurator
466 532 546 562 dicti
565 533 715 570 episcopi
731 531 885 562 libellum
903 531 1027 562 obtulit
1045 532 1078 561 in
1096 532 1183 562 hunc
1201 540 1266 562 mo-

255 585 335 614 dum
357 594 362 614 2

295 648 309 667 11
337 638 458 668 Coram
479 637 586 674 vobis,
616 638 751 668 domine
776 638 821 675 J„
846 648 872 668 s.
902 638 1034 668 Nicolai
1065 638 1098 668 in
1126 638 1266 668 Carcere

254 691 411 721 Tulliano
436 691 575 721 diacone
594 691 790 727 cardinalis,
812 691 965 729 partibus
983 701 1001 721 a
1018 691 1155 721 domino
1181 700 1267 729 papa

255 744 407 774 auditore
435 753 607 780 concesso,
641 745 797 784 proponit
821 744 992 775 ,Iohannes
1018 745 1058 774 de
1086 745 1265 778 Ferrariis,

253 797 436 827 canonicus
454 797 595 827 ecclesie
620 808 645 827 s.
665 798 884 837 Radegundis
906 798 1130 834 Pictavensis,
1150 807 1267 836 procu—

254 851 345 880 rator
362 873 367 878 .
383 875 389 881 .
404 850 554 889 episcopi
566 851 788 887 pictavensis,
803 851 938 881 nomine
955 851 1105 890 ejusdem
1116 851 1265 890 episcopi

254 903 476 939 pictavensis,
509 905 624 933 contra
651 927 680 933 ..
712 904 974 939 thesaurarium,
997 927 1003 932 .
1023 928 1029 933 .
1053 904 1216 934 decanum
1236 905 1268 934 et

254 956 439 995 capitulum
458 957 598 987 ecclesie
617 966 644 987 s.
665 957 799 996 Hylarii
818 957 1031 988 Pictavensis
1051 959 1083 988 et
1100 981 1106 987 .
1127 982 1132 988 .
1152 967 1268 996 procu-

255 1010 400 1039 ratorem
429 1010 635 1045 corumdem,
661 1011 813 1048 ipsorum
839 1011 987 1047 nomine,
1014 1011 1103 1050 quod
1126 1011 1268 1042 ecclesia

256 1072 282 1092 5.
312 1061 446 1100 Hylarii
473 1062 684 1092 pictavensis
710 1063 775 1093 sita
797 1064 847 1093 est
882 1064 914 1093 in
940 1064 1137 1103 episcopatu
1160 1065 1267 1094 Picta-

255 1116 361 1151 vensi‚
383 1115 511 1145 scilicet
534 1115 619 1145 intra
636 1125 751 1146 muros
769 1116 848 1147 ville
866 1116 1088 1154 Pictavensis,
1109 1119 1141 1147 et
1158 1118 1267 1148 eidem

255 1168 413 1207 episcopo
440 1168 479 1197 de
499 1169 573 1206 jure
596 1169 765 1198 communi
787 1171 838 1200 est
865 1169 1026 1209 subjecta.
1055 1170 1165 1206 Quare
1183 1171 1269 1209 petit

255 1222 452 1259 procurator
470 1221 549 1251 dicti
571 1222 733 1260 episcopi,
752 1223 887 1252 nomine
906 1223 1055 1262 episcopi
1075 1225 1106 1253 et
1127 1224 1267 1254 ecclesie

255 1274 479 1309 PictavensiS,
496 1283 555 1313 per
568 1284 627 1304 vos
646 1274 710 1304 sibi
726 1276 973 1306 sententialiter
988 1276 1174 1316 adjudicari
1193 1276 1268 1306 sub-

252 1327 445 1365 jectionem,
470 1327 693 1357 reverentiam
717 1330 749 1358 et
775 1328 999 1359 obedientiam
1019 1331 1050 1360 ct
1068 1330 1268 1368 ceterajura

256 1380 462 1418 episcopalia
490 1380 522 1409 in
549 1380 690 1410 ecclesia
720 1381 809 1411 beati
840 1382 974 1420 Hylarii
1000 1383 1204 1421 supradicta,
1236 1385 1267 1414 et

256 1433 383 1463 eisdem
399 1433 621 1469 thesaurario,
639 1434 764 1463 decano
782 1436 813 1464 et
830 1435 978 1473 capitulo
994 1437 1026 1465 et
1043 1437 1265 1474 procuratori,

256 1494 371 1516 eorum
387 1486 533 1522 nomine,
548 1487 796 1517 sententialiter
810 1487 939 1526 injungi
951 1489 1039 1527 quod
1056 1489 1166 1519 eidem
1180 1490 1266 1528 epis-

256 1547 349 1576 copo,
379 1539 514 1568 nomine
541 1539 682 1569 ecclesie
704 1549 774 1575 sue,
792 1541 825 1571 in
842 1540 1001 1571 omnibus
1016 1542 1268 1581 episcopalibus

253 1591 388 1629 juribus
406 1591 564 1622 obediant
581 1594 612 1622 et
627 1592 812 1629 intendant,
832 1594 864 1624 et
878 1594 988 1624 eidem
1005 1596 1118 1625 omnia
1139 1597 1268 1634 episco-

239 1665 241 1667 -
257 1645 345 1683 palia
357 1644 434 1683 jura
451 1645 631 1675 exhibeant
649 1647 681 1675 et
699 1645 796 1684 plene
816 1646 881 1676 sibi
899 1648 1126 1686 respondeant
1144 1649 1183 1680 de
1205 1650 1269 1680 eis-

257 1698 344 1733 dem,
372 1699 403 1727 et
431 1698 469 1727 ad
496 1698 556 1728 boc
575 1698 660 1736 petit
684 1699 777 1737 ipsos
802 1708 862 1738 per
889 1702 1036 1731 vestram
1065 1703 1269 1733 sententiam

257 1750 496 1789 condempnari
522 1753 553 1781 et
581 1751 744 1782 declarari
764 1761 823 1791 per
844 1754 1048 1785 sententiam
1071 1756 1160 1794 110011
1180 1756 1268 1786 idem

258 1804 437 1842 episcopus
466 1804 613 1842 predicta
641 1806 753 1835 omnia
784 1805 903 1838 babeat
927 1808 960 1837 in
988 1808 1130 1839 ecclesia
1156 1818 1270 1848 supra-

258 1857 356 1887 dicta.
376 1857 463 1887 Petit
481 1866 647 1896 expensas
666 1859 769 1888 tactas
784 1861 921 1898 propter
935 1860 1007 1897 1100,
1027 1870 1112 1900 (111115
1128 1864 1271 1894 extimat

258 1912 390 1940 centum
402 1910 508 1940 libras
519 1912 549 1941 01
560 1913 768 1949 protestatur
780 1913 960 1944 faciendas.
976 1914 1170 1954 Salvojure,
1182 1918 1243 1946 ete.
1255 1929 1269 1944 »

298 1963 371 1993 Lite
399 1963 500 2001 igitur
525 1972 636 1993 coram
665 1965 782 1995 00110111
812 1966 975 1996 cardinali
1009 1976 1027 1997 a
1054 1972 1270 2006 procuratore

258 2016 485 2053 predictorum
514 2017 728 2053 thesaurarii,
756 2018 873 2048 decani
895 2021 928 2049 et
952 2021 1091 2058 capituli
1119 2021 1270 2060 legitime

258 2069 445 2098 contestata
468 2070 499 2098 et
516 2070 707 2107 Juramento
726 2070 800 2100 binc
818 2071 894 2101 inde
913 2073 1054 2110 prestito
1071 2074 1110 2103 de
1128 2075 1270 2105 veritato
1299 2089 1301 2099 v

259 2122 410 2157 dicenda,
441 2122 604 2161 factisque
628 2123 856 2160 positionibus
875 2126 906 2154 et
929 2127 1210 2164 responsionibus
1230 2129 1269 2158 ad

259 2175 406 2209 easdem,
425 2184 461 2204 ac
478 2175 623 2205 testibus
641 2176 786 2214 aliisque
803 2177 1060 2215 probationibus
1074 2166 1115 2209 ab
1128 2182 1269 2220 utraque

259 2229 353 2266 parte
374 2227 545 2265 productis
564 2230 595 2258 et
617 2230 892 2260 attestationilms
911 2231 1101 2269 publicatis,
1122 2234 1267 2271 tandem,

261 2282 438 2319 postquam
459 2281 520 2311 suit
545 2290 562 2310 a
579 2281 732 2320 partibus
754 2283 786 2312 in
805 2284 999 2321 hujusmodi
1018 2294 1119 2316 01111511
1138 2288 1269 2317 conclu-

258 2342 346 2369 sum,
378 2342 438 2363 1105
464 2334 624 2364 dilectum
654 2335 761 2365 tilium
792 2338 946 2367 nostrum
972 2338 1028 2372 M.,
1054 2348 1081 2370 s.
1108 2340 1212 2370 Marie
1236 2341 1269 2371 in

260 2386 398 2416 Porticu
424 2387 601 2417 diaconum
629 2389 847 2425 cardinalem,
867 2392 1017 2428 predicto
1037 2392 1067 2422 J.
1092 2393 1268 2428 cardinali,

262 2442 338 2469 tunc
365 2439 443 2469 aliis
459 2435 616 2479 'negotiis
637 2444 809 2480 occupato,
835 2443 866 2472 in
891 2453 992 2474 causa
1014 2447 1086 2484 ipsa
1107 2447 1270 2477 duximus

261 2492 524 2531 subrogandum.
552 2494 687 2531 Verum,
708 2497 905 2533 procurator
922 2498 1135 2535 thesaurarii,
1152 2500 1268 2531 decani

261 2546 290 2575 et
309 2545 447 2583 capituli
470 2547 708 2584 predictorum,
729 2548 856 2579 babens
873 2550 913 2579 ab
932 2551 981 2581 cis
1006 2552 1045 2581 ad
1072 2562 1271 2591 componen-

261 2598 351 2632 dum,
382 2599 635 2637 transigendum
663 2610 722 2631 seu
741 2603 979 2640 paciscendum
1005 2606 1037 2635 et
1059 2606 1100 2635 ad
1122 2616 1270 2645 compro-

262 2650 460 2681 mittendum
478 2653 623 2690 speciale
644 2655 851 2691 mandatum,
870 2659 900 2686 et
918 2660 1115 2695 procurator
1135 2668 1268 2690 venera-

262 2701 341 2731 bilis
376 2704 489 2733 fratris
522 2707 627 2736 nostri
663 2707 826 2745 llugonis,
860 2710 1008 2749 episcopi
1045 2711 1266 2749 l‘ictavensis,

242 2763 243 2766 ¹
263 2759 466 2786 successoris
491 2759 631 2795 predicti
650 2760 813 2791 ι1011110015
833 2762 993 2802 episcopi,
1012 2773 1206 2804 quanquam
1227 2766 1267 2796 ad

294 2870 314 2892 1.
335 2870 387 2893 (los
401 2869 472 2893 deux
489 2870 617 2895 dernier>
635 2876 706 2897 muts
721 2878 782 2899 sont
803 2875 902 2900 rccrits
920 2884 970 2901 sur
983 2884 1020 2901 uu
1039 2881 1179 2907 granu-ge.

1021 185 1264 216 REGISTRES
1285 185 1501 216 D'URBAIN
1526 186 1583 216 IV.

1329 267 1390 297 hoc
1406 267 1601 297 mandatum
1625 267 1799 297 sufficiens
1821 267 1862 297 ab
1887 268 2005 298 eodem
2023 269 2165 307 Hugone
2183 270 2343 308 episcopo

1329 328 1394 349 non
1415 319 1561 355 haberet,
1586 320 1618 350 in
1637 329 1698 350 nos
1721 329 1824 358 super
1844 322 1914 351 toto
1941 320 2135 359 hujusmodi
2153 322 2344 361 questionis

1330 373 1461 412 negotio
1475 373 1748 411 compromittere
1764 382 1867 412 seque
1881 374 2086 404 ordinationi
2101 382 2139 404 ac
2153 375 2342 413 provisioni

1329 427 1442 456 nostre
1461 426 1674 456 summittere
1692 428 1905 457 curaverunt.

1368 480 1439 509 Nos
1457 479 1582 518 itaque,
1601 479 1795 517 hujusmodi
1812 479 2117 518 compromissione
2133 488 2170 509 ac
2187 480 2344 510 summis-

1329 532 1424 562 sione
1450 534 1594 570 recepta,
1625 532 1823 571 supplentes
1848 532 1887 562 de
1918 532 2102 571 apostolice
2131 532 2343 571 plenitudine

1328 585 1506 623 potestatis
1527 593 1659 615 omnem
1685 585 1854 615 desectum
1875 585 1931 624 qui
1953 587 2042 615 esset
2063 585 2115 615 vel
2135 593 2210 615 esse
2228 587 2344 624 posset

1329 638 1361 667 in
1385 637 1563 676 utriusque
1583 638 1690 676 partis
1709 638 1878 668 mandatis
1900 638 2144 677 procuratoriis
2165 640 2197 668 et
2217 637 2344 676 specia-

1328 691 1406 721 liter
1431 691 1464 720 in
1488 691 1648 721 mandato
1673 691 1763 730 quod
1781 691 1861 721 dicti
1883 691 2037 730 Hugonis
2057 691 2208 730 episcopi
2226 699 2344 730 procu-

1329 746 1420 774 rator
1444 744 1610 778 exhibuit,
1635 744 1669 774 in
1688 753 1753 783 quo
1772 744 1888 783 utique
1907 744 2066 774 mandato
2089 744 2184 774 nulla
2201 745 2251 774 est
2277 744 2344 782 ipsi

1328 797 1539 836 procuratori
1555 797 1777 836 componendi
1795 806 1855 827 seu
1870 797 2167 836 compromittendi
2181 798 2239 827 aut
2257 805 2346 826 sum-

1328 851 1485 881 mittendi
1509 859 1545 880 se
1574 851 1779 881 ordinationi
1810 851 1862 881 vel
1895 851 2083 890 provisioni
2113 859 2172 880 seu
2203 849 2344 880 arbitrio

1329 904 1473 943 alicujus
1498 903 1662 934 attributa
1683 906 1846 943 potestas,
1875 912 2004 934 necnon
2027 906 2059 934 et
2078 912 2213 934 omnem
2237 903 2345 933 desec-

1330 959 1413 994 tum,
1431 957 1459 987 si
1479 958 1556 996 quis
1579 959 1650 988 erat
1668 957 1719 988 vel
1741 966 1816 988 esse
1842 959 1974 996 poterat
1992 966 2033 987 cx
2053 966 2092 987 co
2110 957 2199 995 quod
2217 957 2346 995 capitu-

1329 1010 1399 1040 lum
1427 1011 1625 1041 Pictavense
1646 1020 1706 1050 per
1733 1020 1769 1041 se
1794 1010 1846 1041 vel
1872 1019 1931 1049 per
1958 1010 2063 1040 alium
2088 1019 2153 1040 non
2182 1010 2291 1040 fuerat
2312 1009 2346 1039 in

1326 1064 1451 1102 judicio
1472 1072 1531 1094 nec
1559 1072 1738 1094 assensum
1759 1063 1939 1102 prebuerat
1961 1064 1992 1093 in
2011 1063 2207 1102 hujusmodi
2229 1071 2342 1101 prose-

1329 1118 1462 1147 cutione
1478 1117 1603 1156 negotii
1621 1117 1779 1156 episcopo
1794 1117 1998 1150 l'ictavensi,
2017 1125 2153 1146 causam
2171 1125 2230 1146 seu
2246 1124 2345 1155 ques-

1328 1171 1455 1200 tionem
1471 1170 1663 1209 bujusmodi
1681 1170 1834 1200 nolentes
1853 1170 1924 1200 lieri
1944 1170 2087 1199 ulterius
2104 1169 2342 1205 immortalem,

1328 1232 1387 1262 per
1413 1224 1662 1262 infrascriptam
1689 1223 1937 1253 ordinationem
1957 1225 1987 1252 et
2014 1223 2243 1261 provisionem
2269 1230 2344 1252 nos-

1330 1279 1410 1313 tras,
1428 1286 1512 1315 quas
1530 1276 1775 1307 invielabiliter
1792 1285 1811 1306 a
1824 1276 1980 1314 partibus
1995 1276 2166 1314 perpetuis
2183 1275 2345 1314 tempori·

1328 1330 1392 1359 1105
1425 1329 1597 1360 observari
1633 1329 1860 1368 precipimus,
1896 1329 1936 1359 de
1971 1329 2115 1359 fratrum
2147 1331 2343 1359 nostrorum

1329 1383 1472 1413 consilio
1490 1383 1652 1412 duximus
1668 1382 1931 1412 terminandam.

1369 1436 1576 1467 Ordinamus
1594 1444 1672 1474 ergo
1696 1437 1729 1466 et
1756 1435 1954 1466 auctoritate
1981 1435 2167 1474 apostolica
2191 1434 2346 1474 provide-

1329 1498 1426 1525 mus,
1462 1489 1646 1518 statuimus
1680 1490 1780 1527 atque
1813 1489 2029 1519 decernimus
2068 1488 2158 1528 quod
2195 1488 2346 1527 predicta

1330 1542 1473 1573 ecclesia
1492 1550 1518 1572 s.
1544 1542 1680 1581 Hylarii
1704 1542 1917 1572 Pictavensis
1936 1542 1976 1571 ab
1995 1542 2087 1572 omni
2107 1542 2269 1578 dominio,
2295 1541 2347 1580 ju—

1330 1596 1526 1626 risdictione
1552 1605 1590 1625 ac
1619 1597 1782 1634 potestate
1814 1595 2028 1625 Pictavensis
2057 1595 2208 1634 episcopi
2241 1597 2271 1625 et
2305 1594 2346 1625 ab

1331 1649 1489 1679 omnibus
1524 1658 1588 1688 que
1617 1649 1656 1678 ad
1691 1649 1834 1679 eundem
1866 1649 2075 1687 episcopum,
2101 1649 2231 1679 ratione
2261 1648 2347 1688 legis

1331 1703 1509 1733 diocesane
1531 1711 1590 1733 scu
1610 1703 1853 1741 cujuscumque
1878 1702 2132 1741 jurisdictionis
2163 1702 2345 1736 ordinarie,

1331 1756 1510 1795 pertinent,
1530 1755 1636 1786 libera
1654 1758 1685 1786 et
1704 1757 1861 1794 exempta
1879 1764 2020 1794 prorsus
2036 1755 2172 1789 existat,
2191 1755 2346 1795 dicteque

1332 1809 1405 1839 sedi
1423 1809 1608 1848 apostolice
1627 1809 1822 1838 immediate
1837 1818 1873 1838 ac
1891 1810 2054 1848 perpetuo
2070 1808 2222 1847 subjecta
2241 1817 2347 1839 rema-

1332 1865 1420 1899 neat,
1447 1862 1610 1901 predictis
1630 1862 1766 1901 Hugoni
1788 1863 1944 1901 episcopo
1970 1862 2111 1901 ejusque
2136 1863 2347 1901 procuratori

1332 1918 1363 1947 et
1393 1916 1534 1946 ecclesie
1564 1915 1756 1945 pictavensi
1788 1924 1890 1954 super
1916 1915 2097 1954 premissis
2124 1915 2283 1945 omnibus
2311 1916 2346 1946 in

1332 1969 1447 1999 libello
1466 1969 1615 2007 predicto
1634 1968 1812 1998 contentis.
1829 1971 2031 2007 perpetuum
2049 1968 2223 1998 silentium
2242 1969 2348 2008 impo-

1331 2024 1460 2052 nentes.
1478 2022 1518 2051 Et
1534 2022 1574 2051 ad
1592 2030 1689 2051 omne
1701 2021 1840 2051 dubium
1855 2021 1887 2051 in
1899 2024 2073 2060 pasterum
2085 2021 2344 2057 excludendum,

1332 2084 1433 2113 super
1465 2074 1621 2104 libertate
1655 2077 1684 2104 et
1719 2075 1934 2112 exemptione
1971 2075 2095 2113 ipsius,
2128 2075 2345 2114 privilegium

1332 2128 1569 2167 apostolicum,
1589 2127 1694 2157 salvis
1710 2136 1845 2166 semper
1862 2127 1929 2157 11115
1949 2137 2012 2166 11111ὶ
2031 2128 2063 2157 in
2082 2128 2294 2158 ordinatione
2310 2137 2346 2159 ac

1332 2182 1526 2220 provisione.
1561 2181 1755 2219 hujusmodi
1789 2181 2022 2212 continentur.
2059 2181 2167 2211 eidem
2205 2181 2346 2212 ecclesie

1332 2235 1565 2265 concedemus.

1370 2288 1578 2318 Memoratus
1602 2289 1714 2317 autem
1741 2287 1838 2325 Ilugo
1864 2287 2055 2325 episcopus.
2074 2287 2179 2318 semel
2202 2290 2347 2318 tantum—

1332 2341 1430 2371 modo
1448 2341 1482 2370 111
1497 2341 1565 2371 vita
1587 2349 1647 2370 sua
1664 2342 1695 2370 et
1716 2340 1859 2379 quilibet
1879 2349 2056 2370 successor
2075 2341 2148 2379 ejiis
2166 2337 2348 2380 episcopus

1332 2394 1544 2424 Pictavensis
1561 2394 1666 2424 semel
1682 2394 1784 2424 etiam
1799 2394 1831 2423 in
1847 2393 1967 2423 diebus
1984 2394 2067 2427 51115,
2086 2402 2162 2424 cum
2179 2394 2289 2433 primo
2305 2395 2348 2425 ad

1333 2447 1516 2485 predictam
1541 2447 1717 2477 ecclesiam
1737 2456 1764 2476 s.
1789 2447 1935 2486 IIylarii,
1954 2456 2055 2476 causa
2076 2447 2278 2482 devotionis,
2295 2457 2347 2478 ac-

1333 2501 1484 2534 cesserit,
1501 2500 1798 2539 processionaliter
1812 2501 1996 2539 recipiatur
2010 2499 2146 2530 ibidem.
2164 2500 2347 2540 Liceatque

1333 2553 1397 2584 sibi
1419 2554 1450 2583 111
1475 2553 1593 2592 majori
1612 2553 1710 2584 altari
1734 2554 1885 2592 ejiisdem
1911 2553 2052 2583 ecclesie
2082 2562 2107 2583 5.
2130 2553 2278 2593 Hylai-ii,
2297 2562 2349 2584 as-

1333 2606 1534 2637 sistentibus
1548 2609 1579 2636 et
1595 2606 1869 2636 ministrantiluis
1883 2607 1913 2636 ei
1932 2606 2103 2636 canonicis
2118 2607 2227 2645 ipsius
2244 2606 2346 2638 eccle-

1334 2660 1394 2695 sie,
1409 2660 1493 2689 sicut
1509 2659 1588 2689 aliis
1600 2659 1770 2698 episcopis
1786 2659 1910 2689 ibidem
1924 2659 2174 2689 celebrantibus
2185 2659 2347 2690 assistere

1301 2744 1303 2747 ξ
1334 2722 1369 2742 ac
1397 2713 1588 2743 ministrare
1616 2714 1881 2746 consueverunt,
1914 2712 2055 2742 missam
2083 2711 2253 2743 celebrare
2281 2712 2347 2743 501-

1333 2766 1526 2804 lempniter,
1554 2768 1586 2796 et
1619 2774 1694 2795 cuni
1726 2766 1949 2804 quadraginta
1984 2767 2113 2795 tantuin
2142 2766 2298 2804 personis
2327 2775 2345 2796 a

1333 2819 1494 2857 111-01110115
1513 2819 1736 2853 thesaurario,
1767 2819 1892 2849 decano
1917 2821 1945 2849 et
1974 2819 2122 2857 capitulo
2148 2819 2179 2848 in
2205 2819 2346 2858 prandio

1333 2872 1489 2902 decenter
1517 2871 1599 2902 inibi
1626 2875 1834 2910 procuretur.
1855 2872 1918 2901 Sed
1940 2872 2098 2901 nolumus
2117 2875 2148 2902 ut
2166 2872 2347 2911 episcopus
