2547 3289
1062 272 1304 310 DEUXIEME
1327 272 1492 308 ANNEE.

342 370 415 401 205
825 364 948 395 Orvieto,
965 364 999 389 ‘H
1015 362 1119 389 ferricr
1140 363 1213 389 1263.

272 509 370 533 vanco,
399 500 536 527 canonico
558 498 694 525 ecclesiae
721 507 743 524 s.
765 497 870 524 Mariae
892 498 925 523 de
951 496 1072 522 Castello
1096 495 1287 527 Januensi‚dc

273 550 368 584 aliqua
384 548 583 582 praepositura
601 547 641 573 vel
657 546 939 580 archipresbyteratu
965 545 1082 571 autulio
1094 543 1288 570 ccclesias-tiro

275 597 411 624 beneficio
431 598 549 623 vacante
567 596 609 622 vel
627 595 847 630 quamprimum
867 597 999 620 vacaturo
1018 594 1165 627 providere
1185 593 1287 618 volvat.

275 646 356 680 (lise.
375 647 418 677 26,
436 645 504 671 anni
522 645 557 677 Η,
574 650 605 671 n⁰
622 645 665 675 68,
684 644 732 670 fol.
750 646 805 669 Tu»

315 775 329 790 «
356 763 519 802 ..prim-is.
531 762 646 791 Savine
660 761 831 790 Januensis.
844 761 1002 790 Volentes
1019 759 1138 789 dilecto
1156 758 1225 787 filio
1240 775 1288 786 --.
1320 764 1321 772 ’

276 816 397 846 Datum
407 816 494 854 apud
515 815 868 846 Urbemvetere1n‚vm
887 812 1047 841 kalendas
1066 810 1187 844 martii,
1204 818 1290 839 anno

273 877 375 898 secun
389 870 430 898 lo.
449 879 464 894 »

844 1061 969 1093 Officio,
986 1061 1001 1085 8
1018 1060 1122 1086 ses-rior
1144 1061 1216 1086 1203.

352 1067 424 1097 206

310 1148 460 1179 Jacobum,
478 1147 603 1173 electum
620 1145 867 1175 Ebrcdunenscm,
885 1144 977 1170 eidem
999 1143 1124 1178 praeficit
1142 1143 1289 1172 ecclesiae.

275 1198 350 1231 (Rea.
367 1198 412 1229 96,
429 1196 496 1222 antii
513 1195 548 1221 11,
564 1199 596 1221 n⁰
612 1196 655 1227 60,
672 1194 720 1220 fol.
738 1195 770 1219 70
787 1194 840 1221 νο.)

316 1323 331 1338 «
352 1334 371 1340 ..
391 1310 481 1340 eleeto
508 1308 734 1339 Ebredunensi.
760 1308 896 1338 Exultat
912 1316 968 1337 cor
989 1309 1150 1343 nostrum,
1174 1309 1235 1337 etc.
1253 1325 1290 1328 —

277 1365 363 1395 Sane
381 1363 567 1393 venerabili
581 1362 680 1392 fratre
693 1363 804 1391 nostro
828 1385 848 1390 ..
865 1361 1013 1391 Ostiensi
1028 1361 1196 1399 episcopo,
1212 1362 1290 1390 tunc

277 1416 526 1454 archiepiscopo
553 1414 805 1445 Ebredunensis
831 1413 981 1447 ecclesie,
1009 1413 1080 1443 suis
1102 1413 1291 1452 magnificis

276 1469 485 1508 exigentibus
498 1468 636 1502 meritis,
648 1467 688 1497 ad
699 1467 859 1496 honorem
870 1466 1094 1496 cardinalatus
1107 1468 1289 1504 assumpto,

275 1522 387 1552 dilecti
400 1521 462 1551 filii
476 1520 661 1559 capitulum
674 1519 821 1556 ejusdem
834 1519 1122 1553 ecclesie‚voc·atis
1136 1519 1292 1549 onmibus
1322 1538 1323 1545 η
1351 1546 1449 1583 prout
1474 1544 1631 1574 tenemini
1655 1544 1811 1574 exhibere
1834 1544 1955 1573 ementi<
2000 1543 2152 1581 Uioquin
2178 1541 2360 1571 §putenti-IS

277 1575 335 1614 qui
346 1574 536 1608 voluerunt,
549 1573 736 1603 debuerunt
749 1574 781 1602 et
791 1573 970 1610 potuerunt
983 1572 1117 1601 comode
1132 1572 1291 1602 interesse

276 1636 336 1666 pro
360 1626 464 1657 futuri
482 1625 719 1656 substitutione
741 1624 899 1663 pastoris,
917 1625 952 1653 ut
968 1624 1072 1654 moris
1089 1625 1149 1659 est,
1175 1633 1292 1654 conve-

2311 278 2350 306 8³

1316 361 1319 371 '¹
1347 362 1409 391 tori
1426 362 1611 392 animarum
1636 359 2065 395 vestrarum,obedientiam
2081 361 2112 389 et
2135 360 2352 390 reverentiam

1317 409 1319 422 l

1317 434 1318 445 ¹
1346 414 1490 444 debitam
1517 414 1728 453 impendatis,
1743 413 1815 451 eius
1831 412 1978 443 salubria
2003 412 2127 442 monita
2150 413 2181 441 et
2198 412 2354 442 mandata

311 454 401 480 pr¹⁰r¹
417 461 440 478 S*
460 453 581 478 savmae
597 451 750 476 Januenms
767 449 881 475 manda*
901 451 1040 482 mmmmm
1058 448 1170 473 ³¹⁶⁰¹⁸⁰
1187 448 1220 472 de
1236 447 1285 472 ιε’
1347 467 1559 505 susripientsslo
1575 467 1703 499 devote,
1721 475 1756 495 ac
1773 466 1942 495 humiliter
1959 465 2175 495 observando.
2196 465 2353 503 Alioquin

1347 520 1554 552 sententiam,
1569 528 1666 558 quain
1691 519 1776 548 idem
1803 519 1862 548 rite
1886 518 1998 548 tulerit
2021 518 2053 547 in
2077 517 2228 551 rebelles,
2251 519 2352 547 ratam

1348 572 1543 602 habebimus
1559 574 1589 601 ct
1602 572 1772 606 faciemus,
1783 573 1913 601 auctore
1923 571 2078 605 Domino,
2091 579 2194 608 usque
2208 570 2249 600 ad
2262 571 2352 600 satis-

1348 625 1521 654 factionem
1550 625 1746 663 condignam
1777 624 2012 653 iuviolabiliter
2034 623 2213 653 observari.
2234 623 2354 653 Datum

1348 680 1381 707 ut
1398 686 1509 716 supra.

1386 808 1414 833 ln
1431 808 1552 833 cundem
1575 808 1692 833 modum
1709 807 1896 839 suffraganeis
1915 808 2126 833 libi-edunensis
2143 807 2273 833 ecclesie.

1389 857 1536 890 Exultat,
1566 859 1626 885 etc.
1658 873 1706 890 —‚
1727 859 1762 886 ut
1788 858 1820 886 in
1842 858 1947 894 prima
1974 866 2079 894 usque
2107 857 2306 886 constitutis.
2324 857 2355 886 iu

1349 917 1525 947 personam
1548 909 1658 938 dilecti
1676 909 1724 938 fili
1746 909 1872 942 Jacobi,
1890 909 1984 939 electi
2007 909 2357 941 Ebredunensis.t11nc

1350 962 1472 999 prefate
1499 962 1636 991 ecclesie
1660 962 1830 1000 prepositi,
1849 962 2069 999 dirigentibus
2094 964 2154 991 etc.
2178 979 2227 991 —.
2253 971 2356 1000 nsque

1349 1014 1488 1052 ideoque
1513 1014 1711 1044 fraternitati
1728 1016 1837 1044 vestre
1851 1022 1908 1052 per
1924 1014 2103 1051 apostolica
2125 1015 2246 1052 scripta
2263 1023 2353 1044 man-

1319 1078 1320 1091 :
1348 1066 1467 1096 damus
1482 1067 1640 1104 quatinus
1661 1067 1768 1096 eidem
1793 1067 1895 1097 electo
1911 1068 2080 1105 tamquam
2107 1067 2358 1104 metropolitano

1319 1120 1320 1126 ¹
1348 1122 1458 1149 vestro
1486 1120 1663 1149 intendatis
1681 1122 1712 1149 et
1730 1120 1864 1150 obedire
1890 1120 2022 1149 curetis.
2043 1119 2201 1157 Alioquin
2228 1121 2357 1149 senten-

1318 1183 1320 1192 =¹
1348 1172 1439 1205 tiam.
1457 1175 1517 1202 etc.
1542 1174 1660 1202 ilatum
1677 1173 1764 1210 apud
1780 1173 2065 1206 Urbemveterem,
2083 1182 2113 1200 η
2132 1173 2207 1202 idus
2232 1172 2360 1202 februa-

278 1680 408 1710 nientes
420 1680 453 1709 in
464 1687 580 1713 unum,
590 1678 720 1708 dilectis
732 1677 813 1707 filiis
824 1677 921 1707 Petro
933 1677 972 1706 de
979 1676 1142 1711 Virduno,
1153 1678 1291 1712 cantori,
1320 1684 1321 1689 ¹

276 1732 489 1763 Lambertino
511 1733 543 1762 et
559 1731 752 1767 (willelmo,
768 1730 917 1769 ejusdem
943 1730 1080 1760 ecclesie
1109 1730 1289 1766 canonicis,

275 1784 473 1824 providendi
491 1793 529 1814 ea
544 1784 616 1814 vice
632 1792 708 1813 cum
725 1782 865 1813 consilio
884 1783 914 1812 et
930 1791 1069 1812 assensu
1085 1782 1192 1820 ipsius
1208 1782 1292 1821 epis-

276 1838 349 1877 copi
365 1838 472 1868 eidem
490 1836 627 1867 ecclesie
647 1836 686 1866 de
709 1837 853 1874 pastore,
876 1835 903 1865 si
919 1835 958 1865 de
974 1836 1084 1865 nostre
1101 1835 1292 1873 procederet
1322 1861 1323 1866 ,

276 1890 484 1929 heneplacito
506 1889 699 1923 voluntatis,
714 1888 925 1918 contulerunt
951 1888 1154 1918 unanimiter
1178 1888 1292 1926 plena-

277 1944 361 1975 riam
391 1944 598 1982 potestatem.
631 1942 767 1972 Eisdem
803 1950 881 1971 vero
907 1943 1038 1971 cantore
1064 1943 1095 1971 et
1121 1942 1291 1971 canonicis

277 1997 365 2036 apud
376 1997 488 2027 sedem
500 1996 716 2035 apostolicam
729 1995 917 2025 constitutis
928 1994 1003 2024 etin
1016 2003 1191 2033 personam
1200 1995 1291 2024 tuam
1322 1992 1323 1999 ¹

276 2049 497 2088 dirigentibus
509 2049 716 2079 concorditer
729 2049 804 2077 vota
818 2057 889 2082 sua,
909 2055 968 2077 nos
982 2047 1190 2076 attendentes
1203 2047 1291 2085 quod

276 2103 485 2133 divers-<irum
506 2102 668 2132 virtutum
687 2101 792 2131 titulis
808 2100 990 2138 insignitus
1009 2101 1039 2130 et
1053 2100 1185 2129 habitus
1202 2100 1289 2129 mul-

276 2156 431 2195 tipliciter
446 2155 480 2185 in
498 2156 676 2193 conspectu
691 2154 781 2184 sedis
796 2153 974 2192 apostolice
988 2153 1166 2192 gratiosus,
1185 2153 1290 2183 attolli
1320 2149 1321 2155 ¹

277 2209 390 2248 dignis
406 2207 589 2238 honoribus
603 2207 815 2246 promereris,
832 2208 862 2236 te
879 2207 918 2236 de
942 2207 1132 2236 nostrorum
1150 2206 1290 2236 fratrum

276 2262 417 2292 consilio
434 2270 471 2292 ac
489 2261 668 2300 apostolice
692 2260 900 2299 plenitudine
923 2259 1107 2298 potestatis,
1129 2259 1169 2289 α”ἰ
1188 2259 1291 2298 supli-

277 2315 440 2345 cationen]
462 2323 593 2353 quoque
620 2313 765 2344 cantoris
791 2315 822 2342 et
847 2313 1085 2342 canonicorum
1109 2313 1290 2342 eorundem

276 2367 397 2398 factam
415 2367 523 2401 nobis,
540 2367 579 2396 de
597 2375 737 2396 assensu
758 2366 907 2405 ejusdem
926 2366 1073 2404 episcopi
1088 2365 1290 2404 prefecimus

277 2420 385 2450 eidem
402 2419 634 2449 Ebredunensi
652 2419 790 2448 ecclesie
810 2419 843 2448 in
864 2418 1151 2457 archiepiscopum
1167 2420 1198 2448 et
1215 2426 1288 2456 pas-

276 2474 382 2503 torem
393 2489 441 2502 ——.
457 2473 580 2502 Datum
590 2472 677 2510 apud
689 2471 974 2506 Urbemveterem,
990 2481 1019 2499 v¹
1032 2471 1107 2500 idus
1117 2470 1289 2505 februarIi,

279 2535 367 2556 anno
383 2534 419 2555 ιι.
439 2538 451 2551 ›-

314 2643 343 2668 lu
360 2642 483 2668 eundem
501 2641 618 2667 modum
635 2641 758 2674 capitulo
776 2640 981 2666 Ebrcduucusi.

319 2692 464 2725 Exultat,
479 2692 539 2720 etc.
557 2691 651 2721 —.ut
665 2689 700 2719 in
719 2689 823 2727 prima
842 2689 991 2727 proxima
1005 2689 1169 2726 superiori
1188 2697 1292 2726 usque

278 2743 478 2778 constitutis,
488 2743 564 2772 etin
578 2750 755 2780 personam
767 2741 876 2771 dilecti
891 2741 938 2770 fili
951 2741 1177 2776 .lacobi‚electi
1193 2741 1291 2770 Ebre-

277 2796 522 2827 dunensistunc
532 2794 799 2834 prefateecclesie
808 2792 1293 2832 prepositi‚dir1gentibus,etc.,

279 2858 386 2888 usque
399 2850 540 2887 ideoque
550 2847 763 2878 universitati
780 2848 887 2876 vestre
904 2854 960 2884 per
975 2845 1157 2884 apostolica
1173 2845 1295 2883 scripta

280 2903 478 2933 mandamus
499 2901 658 2940 quatinus
671 2900 813 2931 eundem
830 2899 971 2929 electum
985 2898 1099 2928 devote
1113 2897 1294 2936 suscipien-

279 2957 329 2985 tes
347 2958 377 2984 et
387 2955 566 2985 honorifice
584 2952 869 2992 pertractantes,ei
886 2952 1055 2989 tamquam
1072 2950 1156 2989 patri
1173 2951 1204 2980 et
1219 2959 1292 2988 pas-

1349 1225 1402 1259 rii‚
1418 1235 1504 1256 anuo
1529 1226 1684 1256 secundo.

1384 1338 1414 1363 ln
1430 1338 1552 1364 eundem
1570 1337 1686 1363 modum
1705 1337 1835 1363 vassallis
1851 1336 1969 1362 ecclesie
1988 1336 2208 1362 [ibt-edunensis.

1389 1386 1535 1420 Exultat,
1553 1387 1614 1415 etc*
1634 1403 1682 1421 —,
1707 1388 1740 1414 ut
1759 1385 1793 1415 in
1812 1385 1963 1423 proxima
1983 1384 2147 1423 superiori
2166 1392 2272 1422 usque
2289 1384 2358 1413 uni-

1349 1439 1498 1469 versitati
1516 1441 1624 1469 vestre
1640 1447 1699 1477 per
1715 1439 1894 1477 apostolica
1919 1439 2041 1476 scripta
2063 1438 2261 1467 mandamus
2281 1445 2360 1474 qua-

1350 1492 1440 1522 tinus
1463 1492 1569 1521 eidem
1593 1491 1697 1521 electo
1709 1492 1900 1529 homagium
1923 1493 1952 1520 et
1972 1492 2160 1529 juramenta
2179 1489 2359 1524 fidelitati<‚

1350 1597 1421 1627 sive
1436 1605 1537 1635 penas
1553 1605 1636 1635 quas
1648 1597 1718 1635 ipse
1735 1605 1794 1635 per
1809 1605 1844 1626 se
1859 1596 1913 1626 vel
1928 1605 1986 1634 per
2002 1596 2105 1626 alium
2123 1604 2180 1625 seu
2197 1595 2280 1624 :ilios
2294 1594 2358 1632 spi-

1350 1650 1513 1680 ritualiter
1535 1650 1586 1679 vel
1609 1649 1834 1688 temporaliter
1864 1650 1924 1679 rite
1947 1649 2059 1679 tulerit
2086 1649 2119 1678 in
2148 1647 2300 1682 rebelles,
2314 1656 2361 1676 ra-

1349 1705 1411 1738 tas,
1429 1704 1489 1732 etc.
1509 1719 1548 1724 —
1562 1711 1668 1740 usque
1685 1702 1868 1732 observari.
1886 1702 2008 1732 Datum
2025 1703 2059 1731 ut
2078 1710 2188 1740 supra.
2206 1713 2220 1728 »

1902 1925 2025 1957 Ori-iero,
2046 1926 2074 1950 ¹8
2091 1924 2196 1951 sevrier
2215 1925 2289 1951 iar-3.

1416 1928 1489 1959 207

1385 2011 1534 2045 Episcopo,
1548 2010 1672 2044 capitulo
1683 2012 1709 2036 et
1721 2009 1797 2036 clero
1809 2009 1967 2041 Anagninis
1981 2009 2109 2043 indulget
2121 2011 2151 2035 ut
2164 2017 2264 2035 eornm
2276 2009 2361 2035 fami-

1349 2059 1435 2086 liar-es
1452 2063 1479 2086 et
1492 2059 1650 2085 servientes
1664 2058 1693 2084 in
1707 2058 1767 2084 foro
1781 2057 1857 2084 civili
1873 2058 2024 2084 convenire
2040 2060 2181 2091 nequeant
2193 2060 2220 2083 et
2235 2058 2262 2083 in
2277 2057 2362 2083 datiis

1348 2108 1530 2135 contribuere
1550 2108 1671 2134 minime
1685 2107 1934 2133 teneantur.nRsc.
1946 2107 1988 2139 26,
2001 2107 2068 2132 anni
2084 2106 2120 2137 11,
2133 2115 2166 2132 n⁰
2182 2108 2226 2137 70,
2243 2106 2291 2132 sol.
2306 2108 2334 2132 Ti
2345 2108 2362 2138 .)

1393 2225 1406 2238 κ
1428 2236 1447 2241 ..
1466 2211 1614 2250 episcopo,
1634 2208 1768 2249 capitulo
1785 2209 1902 2238 elclero
1916 2207 2241 2247 ,412a922i11is.]1e1·itis
2255 2210 2363 2237 vestre

1348 2264 1536 2295 devotionis
1547 2263 1686 2294 —.Sane
1696 2262 1777 2292 lecta
1786 2270 1896 2291 coram
1909 2261 2005 2291 nobis
2016 2263 2125 2290 vestra
2133 2260 2246 2298 petitio
2260 2260 2362 2289 conti·

1349 2318 1459 2352 nebat,
1475 2317 1563 2355 quod
1593 2340 1612 2345 ..
1634 2317 1792 2354 potestas,
1810 2313 1990 2344 consilium
2008 2315 2037 2343 et
2054 2313 2200 2351 populus
2217 2312 2363 2343 civitatiS

1348 2370 1535 2409 Anagninc,
1561 2369 1745 2398 familiares
1772 2369 1802 2397 et
1828 2367 2010 2396 servientes
2038 2367 2166 2395 vestros
2191 2365 2231 2394 ad
2254 2365 2362 2394 forum

1348 2432 1461 2454 eorum
1474 2422 1639 2461 pertinere
1655 2420 1855 2454 dicentcs‚in
1870 2420 1959 2458 ipsos
1974 2419 2058 2448 sicut
2073 2418 2105 2447 in
2119 2417 2202 2447 alios
2210 2417 2362 2447 homines

1348 2476 1471 2515 prefate
1485 2475 1628 2505 civitatis
1642 2473 1905 2512 jurisdictionem
1917 2480 2068 2502 exercere
2081 2471 2362 2508 nitimini-‚quam-

1350 2538 1448 2568 quam
1467 2530 1513 2565 tu,
1525 2528 1625 2558 frater
1642 2527 1951 2565 episcope‚paratus
1968 2525 2093 2554 existas
2109 2523 2277 2552 universis
2288 2531 2362 2552 con-

1351 2581 1567 2619 querentibus
1595 2581 1635 2610 de
1662 2579 1797 2617 prefatis
1829 2577 2053 2607 familiaribus
2081 2578 2113 2606 et
2139 2576 2362 2605 servientibus

1351 2634 1507 2664 exhibere
1537 2642 1647 2663 coram
1672 2635 1700 2661 te
1721 2631 1847 2670 justitie
1873 2629 2164 2668 complementum.
2192 2629 2361 2665 dictosque

1352 2687 1534 2717 familiares
1547 2689 1576 2716 et
1589 2686 1772 2715 servientes
1782 2684 1822 2714 ad
1832 2682 2029 2713 solvendum
2043 2684 2072 2711 et
2083 2681 2360 2711 contribuendum

1352 2748 1427 2770 cum
1441 2740 1516 2769 aliis
1528 2738 1659 2769 civibus
1670 2737 1855 2775 Anagninis
1869 2736 1900 2765 in
1910 2735 2020 2768 datiis,
2031 2734 2189 2770 collectis,
2202 2734 2359 2773 angariis,

1352 2792 1570 2831 perangariis,
1589 2791 1744 2829 expensis
1762 2791 1792 2819 et
1814 2789 1889 2818 aliis
1905 2788 2062 2818 oneribus
2081 2787 2267 2825 supradicte
2282 2786 2362 2816 civi-

1352 2845 1430 2875 tatis
1451 2844 1585 2883 propria
1604 2843 1786 2874 temeritate
1811 2840 2015 2879 compellunt
2034 2840 2068 2870 in
2093 2841 2240 2870 vestrum
2255 2839 2361 2879 preju-

1354 2897 1478 2927 dicium
1492 2898 1524 2926 et
1539 2904 1730 2935 gravamen.
1749 2895 1857 2930 Quare
1875 2893 2046 2923 humiliter
2060 2892 2222 2931 petebatis
2233 2901 2252 2922 a
2264 2891 2361 2922 nobis

1355 2952 1390 2980 ut
1405 2949 1580 2988 providere
1589 2956 1689 2987 super
1700 2948 1759 2977 hoc
1771 2948 1906 2985 paterna
1920 2945 2144 2976 sollicitudine
2155 2952 2359 2975 curaremus.
