2547 3289
213 206 232 235 8
927 196 1177 228 REGISTRES
1198 195 1414 227 D’URBAIN
1438 196 1494 226 IV.

214 287 404 322 mineret,et
420 287 452 316 in
470 285 554 315 dicto
573 281 787 315 monasterie,
803 280 890 319 quod
908 279 1007 309 iidem
1020 279 1179 317 magister
1189 279 1220 308 et

215 343 331 374 fratres
358 338 453 378 quasi
475 336 678 367 destructum
702 334 733 363 et
749 334 942 371 occupatum
962 332 1001 361 ab
1016 331 1141 361 eisdem
1158 331 1221 360 ini-

215 394 311 426 micis
340 391 486 422 detinere
509 387 753 427 suggesserant,
786 385 955 415 abbatissa
979 386 1009 414 et
1036 384 1220 414 conventus

214 444 454 487 quinquaginta
465 441 661 473 monialium
671 440 703 469 et
716 438 862 477 plurium
880 437 1089 472 haberentur,
1108 436 1221 474 utique

214 499 302 539 quod
330 497 394 537 ipsi
417 504 483 526 non
507 495 579 525 sine
609 491 813 531 obreptionis
831 490 912 520 vitio
929 490 1113 520 tacuerunt.
1136 488 1221 519 Cum

214 553 325 583 autem
341 550 422 580 adeo
435 548 554 579 suisset
567 554 676 577 coram
696 544 842 582 sepefato
860 543 1092 582 predecessore
1111 541 1143 570 in
1160 541 1220 570 hu-

211 603 359 644 jusmodi
377 601 507 641 negotio
524 600 701 638 litigatum,
718 597 807 636 qnod
822 595 986 626 discussis
1001 594 1134 633 Juribus
1150 602 1222 632 par·
1248 609 1249 627 2
1334 627 1340 632 .
1471 627 1476 633 ·
1616 627 1622 633 ⁶

214 659 297 689 tium
322 657 353 687 et
371 663 486 686 earum
506 652 637 692 justitia
658 651 823 681 declarata
842 648 938 679 nobis
963 649 995 678 et
1017 645 1221 686 pmcuratori
1248 645 1250 685 J
1279 628 1361 656 cans
1388 627 1544 657 ommbus
1567 636 1625 666 ‘1¹¹¹
1644 627 1842 660 debuesunt’
1871 624 2048 655 v⁰l¹¹er¹¹¹¹t
2063 625 2094 653 et
2107 624 2287 663 ΡΟἴιιθιᾟῃῐ

214 710 363 751 ejusdem
379 705 572 738 monasterii
589 713 665 743 spes
682 704 777 733 firma
798 702 932 732 daretur
947 700 1034 739 quod
1050 700 1137 729 idem
1153 707 1222 737 pre-

214 765 367 794 decessor
389 760 526 791 ecclesie
543 766 580 788 ac
597 756 800 787 monasterio
815 754 973 794 predictis
999 755 1030 784 et
1048 752 1124 782 aliis
1145 760 1221 782 con·
1248 759 1249 783 1

215 818 263 847 tra
291 817 359 846 tam
382 820 551 845 enormem
573 810 735 841 lesionem
763 808 862 838 celeri
886 806 1049 838 sententia
1065 805 1220 835 subveni·
1248 808 1251 847 ’ζ
1280 795 1327 816 5¹3
1350 795 1559 821 canomcum’
1589 786 1770 824 elegerunt’
1797 785 1856 815 ‘¹1¹¹
1879 792 1957 814 vero
1972 782 2210 821 Raymundum
2227 783 2288 812 ΑΓ·

215 870 319 904 ret,e0
332 867 465 898 tandem
479 867 584 895 morte
600 862 847 901 prevento,nen
863 860 968 890 extitit
982 859 1106 889 dictum
1123 866 1220 896 nego-

214 920 538 954 tiumterminatum.
561 916 632 947 Nos
650 924 729 945 vero
748 913 961 953 postmodum
992 912 1106 941 divina
1128 919 1221 940 voea-

214 976 303 1007 tione
323 974 361 1003 ad
377 972 506 1003 culmen
523 969 647 1000 summi
663 967 875 1006 pontificatus
901 965 1074 1003 assumpti,
1089 965 1160 994 acta
1177 964 1223 1001 ip—

214 1029 286 1059 sius
303 1025 424 1065 negotii
441 1032 514 1054 cum
530 1022 686 1053 fratribus
703 1020 827 1050 nostris
843 1026 1013 1049 recensere
1029 1017 1222 1047 curavimus

214 1080 400 1119 diligenter.
430 1076 595 1109 Omnibus
623 1074 724 1113 igitur
755 1072 903 1112 ejusdem
940 1070 1063 1109 negotii
1095 1069 1222 1100 meritis

215 1142 287 1165 cum
306 1132 390 1172 ipsis
406 1129 563 1161 fratribus
574 1128 670 1168 piene
683 1126 846 1157 discussis
863 1134 899 1155 ac
916 1124 1153 1154 ‹eleliberatiene
1169 1123 1224 1152 ha—

214 1188 283 1218 bita
300 1193 374 1216 cum
400 1183 537 1218 eisdem,
569 1181 684 1211 vocato
711 1187 842 1218 quoque
864 1178 1074 1216 procuratore
1103 1175 1221 1215 prefati

216 1237 402 1278 Hospitalis
418 1237 458 1266 ad
471 1234 669 1265 sententiam
686 1232 897 1265 audiendam,
915 1231 1126 1269 promrratrme
1143 1229 1222 1258 dicti

216 1290 409 1323 monasterii
429 1290 461 1319 in
480 1289 592 1318 nostra
617 1285 783 1325 presentia
808 1284 1000 1319 constituto,
1019 1283 1058 1312 de
1074 1283 1222 1320 ipsorum

216 1346 354 1375 fratrum
366 1341 504 1373 consilio
520 1340 699 1379 predictam
715 1338 924 1368 collationem
940 1337 971 1366 et
982 1336 1109 1366 litteras
1125 1343 1224 1373 super

216 1407 254 1429 ea
279 1396 434 1435 predictis
460 1393 617 1432 magistro
643 1393 674 1422 et
700 1390 858 1421 fratribus
886 1389 926 1419 ab
949 1388 1130 1426 apostoliea
1147 1387 1223 1417 sexte

216 1458 402 1483 concessas,
419 1448 449 1477 et
467 1445 622 1485 quiequid
639 1453 679 1474 ex
696 1444 744 1474 eis
761 1443 910 1472 secutum
929 1442 978 1471 est
994 1441 1047 1470 vel
1063 1440 1104 1470 ob
1122 1440 1222 1478 ipsas,

217 1512 276 1534 nee
293 1510 357 1532 non
374 1499 554 1532 interdicti,
572 1496 804 1536 suspensionis
821 1497 852 1524 et
867 1492 1223 1524 excominunicationis

217 1554 399 1586 sententias
416 1553 448 1582 in
465 1552 568 1581 dictas
591 1549 794 1579 abbatissam
815 1548 847 1578 et
865 1548 1065 1577 conventum
1087 1545 1140 1575 vel
1162 1545 1222 1574 ali-

217 1617 299 1647 quas
324 1605 521 1637 monialium
539 1602 720 1633 earundem
741 1602 797 1631 aut
817 1599 984 1638 quaslibet
1011 1599 1094 1629 alias
1114 1606 1224 1636 perso-

217 1670 277 1691 nas
286 1670 304 1690 a
313 1659 410 1690 dictis
423 1656 654 1688 executoribus
666 1664 724 1685 seu
738 1653 944 1693 quibuslibet
955 1652 1043 1686 aliis,
1053 1651 1224 1682 occasione

216 1713 406 1753 hujusmodi
435 1710 667 1749 promulgatas
680 1710 710 1738 et
735 1706 902 1746 quoslibet
917 1714 1091 1744 processus
1107 1713 1225 1734 earun-

214 1767 288 1797 dem
300 1764 489 1796 collationis
512 1765 542 1793 et
564 1763 750 1792 litterarum
767 1761 917 1798 pretextu
933 1759 1075 1792 habitos,
1094 1759 1224 1787 senten-

213 1814 740 1858 tialiterpr‹inuntiamlmpenitus
754 1813 1001 1847 revocamus-,et
1016 1810 1226 1841 decernimus

214 1873 340 1903 nullius
353 1871 495 1901 existere
512 1868 732 1900 firinitatis,et
750 1866 895 1905 prefatos
908 1865 1103 1902 magistrum
1115 1872 1151 1893 ac
1166 1863 1227 1893 sra-

213 1927 280 1956 tres
299 1925 340 1955 ad
359 1923 542 1963 plenariam
567 1920 810 1951 restitutionem
831 1919 1007 1951 fructuum,
1025 1926 1108 1955 quos
1124 1917 1163 1946 de
1181 1917 1227 1954 ip-

213 1978 261 2008 sis
277 1975 480 2007 monasterio
493 1975 524 2003 et
541 1973 700 2003 membris
716 1981 752 2001 ac
765 1970 971 2009 quibuslibet
987 1969 1084 1999 bonis
1100 1977 1226 2004 eornm,

215 2030 365 2069 pretextu
385 2027 572 2057 collatinus
590 2027 619 2056 et
642 2025 827 2055 litterarum
855 2022 1046 2060 hujusmodi
1078 2029 1227 2060 percepe-

215 2084 292 2114 runt
313 2083 385 2121 post
412 2080 601 2111 inchoatum
625 2086 735 2107 coram
759 2076 873 2106 eodem
891 2076 1124 2114 predecessore
1136 2073 1226 2112 judi-
1258 2065 1259 2079 ³

215 2137 315 2171 cium,
332 2135 498 2165 reservata
516 2132 612 2162 nobis
626 2132 775 2169 ipsorum
788 2129 966 2163 taxatione,
987 2127 1229 2158 sententialiter

214 2186 638 2225 condempnamus,dietum
651 2182 889 2213 nichilominus
900 2181 1137 2211 monasterium
1154 2188 1229 2210 cum

215 2242 370 2272 omnibus
383 2239 554 2273 membris,
573 2235 854 2275 possessionibus,
869 2234 1002 2273 juribus
1021 2235 1050 2263 rt
1065 2233 1230 2272 pertinen·
1260 2234 1261 2244 ¹

215 2296 271 2326 tiis
289 2294 359 2325 suis
375 2294 407 2323 in
425 2301 499 2322 eum
513 2291 647 2321 omnino
666 2291 788 2319 statum
804 2289 838 2318 in
852 2296 916 2326 quo
939 2288 1008 2317 erat
1022 2287 1107 2316 dicte
1133 2286 1229 2315 eolla·
1261 2308 1262 2314 ,

216 2343 723 2384 tionistemp01·e.etspecialiter
739 2342 820 2372 utin
840 2341 931 2370 nullo
946 2340 1105 2377 magistro
1121 2341 1149 2369 et
1171 2340 1231 2369 fra·
1261 2352 1262 2357 =

1261 2384 1263 2419 t
1291 2385 1407 2417 tolatui
1426 2385 1607 2415 reseratum
1634 2382 1721 2421 quod
1748 2382 1854 2412 felicis
1875 2381 2113 2411 recordationis
2139 2381 2299 2411 Innocen-

216 2400 324 2431 tribus
335 2408 371 2429 ac
388 2397 543 2436 hospitali
560 2396 716 2435 predictis
732 2395 859 2425 ratione
874 2393 1061 2423 collationis
1079 2393 1229 2431 ejusdem

218 2454 428 2492 aliquatenus
454 2451 616 2484 teneatur,
640 2449 697 2479 sed
712 2448 775 2486 ipsi
801 2446 1071 2477 Jerosoliinitane
1094 2446 1231 2476 ecclesie

218 2506 336 2540 subsit,
352 2505 448 2543 prout
464 2505 538 2533 ante
554 2503 698 2533 suberat,
717 2503 747 2531 et
761 2502 796 2531 ut
811 2502 876 2530 tam
901 2499 1015 2529 eadem
1029 2498 1233 2528 Jerosolimi-

218 2560 295 2589 tana
310 2566 409 2597 quam
436 2558 541 2587 cet-*re
559 2555 621 2585 alie
639 2554 776 2584 ecclesie
796 2561 858 2592 que
874 2553 907 2582 in
924 2552 1010 2581 dicto
1031 2551 1231 2581 monasterio

221 2612 273 2643 vel
301 2611 460 2641 membris
483 2610 589 2647 ipsius
612 2608 746 2646 aliquod
771 2607 826 2645 jus
850 2605 1027 2641 habebant,
1050 2604 1133 2634 illud
1151 2604 1232 2634 obti-

221 2665 319 2695 neant
334 2663 434 2694 libere
454 2664 492 2693 de
514 2663 631 2697 cetero,
653 2661 737 2691 sicut
779 2660 787 2689 i
811 2668 869 2693 us,
886 2657 1127 2689 sententialiter
1142 2657 1232 2687 redu-

219 2719 342 2748 centes.
365 2716 458 2747 Nulli
481 2724 558 2753 ergo
583 2715 692 2745 nostre
714 2713 877 2743 sententie
894 2712 953 2742 etc.
972 2711 1095 2741 Datum
1123 2711 1232 2740 Viter-

220 2770 279 2805 bii,
296 2779 335 2799 xv
348 2769 511 2800 kaleniis
528 2768 684 2802 octobris,
706 2775 792 2797 anno
812 2766 881 2797 1⁰».

1349 280 1395 310 1ss
1817 277 1942 311 Viterbe,
1956 279 1991 305 28
2006 278 2121 305 octobre
2140 279 2216 305 ¹261.

1315 362 1473 389 Arnaldum
1498 362 1531 389 de
1554 361 1750 395 Millesanctis,
1765 370 1782 388 o
1805 363 1908 398 majori
1933 364 1961 389 et
1984 363 2090 389 saniori
2116 364 2196 397 purte
2219 362 2288 389 Tar-

1279 410 1384 438 vieusis
1400 411 1517 445 capituli
1532 411 1667 443 electum,
1683 410 1846 437 confirmat.
1863 411 1942 445 (Rae.
1959 413 1992 437 26
2013 411 2062 438 sol.
2079 412 2096 437 4
2111 416 2151 444 νο,
2169 415 2201 437 n⁰
2220 411 2276 444 ¹4.)

1320 531 1362 548 «..
1382 518 1515 558 capitulo
1536 517 1702 547 Tar-ciensi.
1720 517 1878 548 Debitum
1895 518 1997 548 officii
2012 518 2117 548 nostri
2132 534 2181 547 —.
2199 517 2288 548 Sane

1279 571 1474 602 Tarviensis
1496 574 1636 604 ecclesia
1656 573 1800 613 pastoris
1814 571 1937 602 solacio
1955 570 2125 604 destituta,
2138 578 2212 604 vos,
2230 577 2286 599 vo-

1279 680 1415 710 comode
1434 680 1608 716 interesse,
1636 679 1688 710 die
1713 679 1753 709 ad
1777 678 1966 717 eligendum
1988 676 2127 715 prefixa,
2150 676 2287 715 quidam

1279 734 1427 764 vestrum
1440 733 1624 764 Arnaldum
1634 733 1672 763 de
1684 731 1912 764 Millesanctis,
1923 732 2001 761 tunc
2011 730 2147 760 ecclesie
2159 731 2289 767 Aquen-

1280 840 1372 870 naldi
1395 840 1434 869 de
1463 839 1653 869 Caudarasa
1678 839 1890 877 postularunt
1919 837 1955 867 in
1980 836 2130 875 ejusdem
2151 835 2290 865 ecclesie

1279 893 1475 923 Tarviensis
1487 893 1679 931 episcopum
1698 894 1729 922 et
1755 893 1931 929 pastorem.
1955 889 2035 920 Orta
2062 889 2172 927 itaque
2191 895 2291 926 super

1280 946 1342 976 hoc
1357 946 1444 976 inter
1458 955 1518 976 vos
1535 945 1674 976 materia
1692 944 1888 983 questionis,
1908 944 2044 981 ipsaque
2070 950 2128 980 per
2147 940 2291 980 appella-

1279 999 1404 1029 tionem
1433 999 1474 1030 ad
1506 1007 1645 1029 examen
1664 998 1880 1036 apostolicum
1898 996 2042 1035 legitime
2057 995 2224 1029 devoluta,
2241 994 2287 1025 fe-

1280 1051 1354 1082 licis
1376 1051 1615 1082 recordationis
1630 1051 1669 1081 A.
1688 1059 1783 1089 papa,
1802 1049 2017 1089 predecessor
2040 1049 2163 1082 noster,
2188 1047 2288 1077 dilec-

1248 1120 1249 1123 =
1279 1106 1350 1134 tum
1372 1104 1479 1134 filium
1499 1105 1648 1134 nostrum
1666 1103 1718 1137 0.,
1736 1112 1762 1132 S.
1785 1102 1925 1132 Adriani
1943 1101 2120 1131 diaconum
2137 1099 2288 1130 cardina-

1281 1158 1357 1193 lem,
1381 1166 1482 1196 super
1506 1157 1566 1187 hoc
1589 1156 1680 1187 dedit
1702 1156 1852 1194 partibus
1873 1155 2067 1185 auditorem.
2094 1153 2186 1184 Idem
2209 1160 2289 1183 vero

1281 1211 1469 1246 cardinalis,
1487 1211 1558 1241 viso
1583 1212 1613 1241 et
1635 1210 1823 1241 exan‘iinato
1838 1210 1967 1239 decreto
1985 1208 2158 1238 electionis
2174 1207 2290 1245 hujus-

1281 1265 1422 1294 mediae
1435 1265 1608 1302 utriusque
1622 1263 1864 1302 partisjiiribus
1874 1262 1968 1300 plene
1985 1261 2160 1297 discussis,
2180 1261 2287 1291 nobis-

1281 1326 1344 1356 que
1363 1318 1402 1347 de
1421 1317 1487 1346 hiis
1505 1317 1661 1347 omnibus
1685 1316 1771 1346 facta
1786 1315 1945 1345 relatione
1969 1314 2072 1348 fideli,
2088 1322 2159 1350 nOS,
2178 1313 2292 1352 hujus·

1281 1370 1371 1400 modi
1389 1369 1612 1408 postulatione
1630 1368 1774 1407 repulsa,
1787 1368 1981 1397 electionem
1994 1367 2032 1396 de
2050 1366 2220 1396 nominato
2233 1367 2294 1396 Ar-

1283 1423 1393 1456 naldo,
1406 1423 1484 1461 quia
1499 1421 1596 1452 nobis
1617 1430 1690 1451 eam
1711 1421 1780 1451 fore
1798 1420 1946 1450 constitit
1959 1428 1977 1449 a
1990 1419 2107 1458 majori
2123 1420 2153 1449 et
2169 1418 2294 1449 saniori

1283 1476 1373 1514 parte
1390 1477 1538 1505 vestrum
1553 1475 1592 1504 de
1609 1483 1751 1513 persona
1776 1473 1893 1503 idonea
1910 1472 2066 1502 canonice
2083 1472 2293 1507 celebratam,

1252 1530 1254 1550 1
1284 1528 1322 1559 de
1349 1528 1490 1558 fratrum
1515 1529 1704 1557 nostrorum
1731 1526 1872 1557 consilio
1906 1526 2064 1555 duximus
2094 1524 2293 1556 confirman-

1253 1580 1255 1596 ³
1283 1581 1370 1611 dam.
1407 1598 1445 1602 —
1472 1582 1610 1617 &Datum
1640 1579 1801 1612 Viterbii.
1832 1589 1854 1608 v
1892 1578 2053 1609 kalendas
2087 1577 2293 1613 novembris,

1284 1643 1371 1665 anno
1390 1635 1418 1664 Ιο
1439 1647 1465 1664 ».

1324 1688 1363 1717 In
1384 1696 1412 1717 e.
1436 1696 1479 1717 m.
1503 1687 1590 1717 clero
1609 1686 1753 1716 civitatis
1771 1687 1802 1716 et
1817 1685 1960 1716 diocesis
1978 1684 2225 1715 Tarviensium.

1324 1741 1362 1771 In
1385 1749 1412 1770 e.
1437 1749 1480 1770 m.
1497 1740 1620 1779 populo
1635 1739 1780 1769 civitatis
1796 1741 1826 1769 et
1848 1738 1992 1769 diocesis
2007 1737 2253 1769 Terviensium.

1326 1794 1361 1824 ln
1385 1802 1413 1824 e.
1438 1802 1509 1827 m..,
1526 1793 1628 1823 electo
1652 1792 1840 1822 'l'arviensi.

1357 1993 1401 2023 17
1828 1989 1953 2019 Viterbe,
1969 1989 2002 2014 ‘25
2017 1988 2130 2014 octobre
2150 1989 2225 2014 ¹26¹.

1323 2075 1421 2109 Majori
1440 2073 1572 2100 ministro
1591 2075 1617 2099 et
1635 2072 1771 2099 fratribus
1787 2072 1897 2099 ordinis
1913 2073 1941 2098 S.
1959 2071 2108 2097 Trinitatis
2124 2073 2151 2097 et
2166 2070 2294 2104 captivo-

1290 2131 1354 2149 rum
1371 2122 1511 2156 hospitale
1535 2122 1695 2148 s.'l'homae
1719 2121 1747 2148 in
1774 2121 1886 2147 Formis
1913 2120 2139 2154 restituittnm.
2159 2120 2191 2145 ’26
2212 2119 2300 2152 (01.5,

1290 2181 1322 2199 ι),
1348 2173 1387 2198 Ῑῦ.

1333 2292 1373 2309 «..
1391 2278 1501 2317 majori
1523 2277 1660 2306 ministro
1689 2281 1714 2305 cl
1740 2275 1890 2314 fratribus
1910 2274 2024 2303 malinis
2043 2285 2067 2304 s.
2095 2274 2253 2303 Trinitatis
2269 2279 2298 2304 et

1294 2330 1626 2372 Captivormn.Quiex
1647 2329 1820 2368 apostotici
1837 2329 1980 2359 —.Sane
1998 2330 2110 2358 nostro
2128 2328 2187 2358 suit
2205 2336 2297 2366 apos-

1292 2441 1358 2470 tius
1367 2438 1520 2477 papalIl,
1534 2437 1748 2475 predecessor
1764 2437 1885 2470 noster,
1900 2435 2061 2473 hospitale
2077 2444 2103 2464 s.
2121 2434 2248 2464 Thome
2259 2434 2299 2464 de

1292 2492 1424 2523 Formis
1439 2491 1471 2520 in
1482 2490 1582 2525 Urbe,
1595 2489 1635 2519 ad
1644 2490 1828 2520 Romanam
1843 2488 2018 2518 ecclesiam
2029 2487 2121 2517 nullo
2131 2487 2301 2526 pertinens

1294 2545 1470 2579 mediante,
1489 2543 1577 2582 quod
1593 2543 1632 2573 de
1648 2542 1862 2581 bonisipsins
1875 2541 2013 2571 ecclesie
2031 2541 2195 2575 fundavit,
2208 2540 2304 2571 duxit

1293 2599 1390 2629 vobis
1427 2598 1457 2628 et
1501 2598 1612 2626 vestro
1639 2595 1747 2626 ordini
1788 2594 2038 2625 conserendum.
2084 2593 2304 2624 Postmodum

1295 2653 1404 2682 autem
1434 2650 1541 2680 felicis
1571 2648 1810 2679 reeordationis
1845 2648 1952 2679 Alex..
1975 2656 2070 2686 papa,
2090 2647 2305 2686 predecessor

1296 2704 1542 2737 noste1¹‚R.,s.
1575 2701 1694 2740 Angeli
1725 2701 1855 2731 diaconi
1879 2700 2072 2735 cardinalis,
2105 2699 2159 2730 cni
2188 2706 2303 2730 curam

1295 2758 1374 2788 dicti
1403 2756 1580 2795 hospitalis
1623 2755 1781 2785 duximus
1815 2754 2099 2786 committendam.
2130 2754 2160 2782 et
2182 2751 2302 2782 vestris

1295 2809 1596 2850 supplicationibus
1625 2808 1787 2842 inclinati,
1816 2815 2059 2846 quamcumque
2095 2805 2305 2835 collationem

1295 2865 1366 2894 sive
1393 2862 1642 2894 concessionem
1669 2862 1789 2892 fac-tam
1810 2861 1849 2891 de
1872 2860 1958 2891 dicto
1980 2858 2136 2897 hospitali
2153 2866 2209 2896 per
2224 2865 2304 2887 eun-
