2547 3289
267 256 306 285 54

268 336 405 366 devotos
426 332 519 363 Italic
538 329 782 364 claruerunt‚et
797 327 885 366 quod
909 334 968 356 vos
985 325 1053 355 illis
1070 323 1166 363 quasi
1186 323 1279 353 here-

269 387 387 418 ditaria
418 383 678 423 promptitudine
703 380 881 411 succeditis
908 379 941 409 in
968 378 1095 412 eadem,
1125 375 1222 407 nobis
1248 377 1279 406 et

269 440 351 479 ipsis
373 437 532 468 fratribus
550 444 591 466 ex
610 436 700 473 parte
718 435 828 464 vestra
845 440 920 462 cum
937 430 1095 461 instantia
1111 429 1276 468 supplica-

268 493 343 522 runt
367 492 401 520 ut
423 497 523 527 super
537 487 635 519 terris
656 488 688 517 et
704 486 866 516 fructibus
888 484 971 523 ipsis
988 492 1049 514 vos
1064 484 1095 513 et
1109 482 1279 512 civitatem

267 545 373 582 ipsam
396 541 539 581 gratiose
565 539 723 579 prosequi
749 539 975 577 dignaremur.
1000 536 1042 567 Et
1069 535 1204 575 quidem
1234 534 1279 564 ita

268 596 363 626 nobis
387 596 417 625 et
441 594 570 624 eisdem
587 592 745 623 fratribus
771 593 819 622 est
839 591 926 621 certa
950 597 1068 628 magne
1092 587 1279 618 devotionis

270 649 402 683 veritas,
427 646 614 681 sinceritas,
638 645 764 684 puritas
781 646 811 674 et
829 643 956 674 affectio
974 641 1132 677 caritatis,
1157 640 1279 679 quibus

260 700 333 740 'ipsi
360 700 464 730 vestri
486 698 713 738 progenitores
736 706 771 727 sc
797 696 952 727 continue
978 695 1064 725 votis
1089 692 1280 733 apostolicis

269 753 463 792 coaptarunt
484 753 516 782 et
532 751 655 790 quibus
679 759 739 780 vos
761 749 962 780 emulatione
979 746 1151 782 laudabili,
1165 753 1280 775 eorum

270 806 303 836 in
320 806 379 836 hac
396 806 487 843 parte
505 804 655 843 vestigiis
681 803 884 835 inherentes,
901 800 988 840 quod
1006 806 1212 838 quecumque
1228 806 1281 828 ar-

268 859 500 898 gumentorum
528 857 623 895 signa
650 856 749 885 fidem
776 854 873 884 nohis
896 862 932 883 ac
959 851 1148 882 devotionis
1172 852 1281 880 vestre

270 910 456 941 constantia
495 918 560 939 nou
599 910 664 939 tam
702 908 827 937 faciunt
847 914 945 944 quam
969 904 1179 938 confirmant,
1199 903 1279 932 dum

270 964 423 993 videmus
435 962 522 1000 quod
536 961 640 991 nichil
656 969 714 999 per
730 968 790 990 vos
806 959 859 989 vel
871 958 947 988 illos
959 958 1001 987 ad
1016 956 1282 994 experimentum

268 1015 467 1049 devotionis,
484 1014 524 1044 ad
541 1013 734 1043 meritorum
747 1011 918 1042 cumulum
935 1018 994 1040 seu
1010 1009 1050 1039 ad
1066 1008 1282 1047 augmentum

269 1068 341 1098 fieri
373 1067 479 1106 potuit
507 1066 712 1104 premiorum
741 1064 831 1103 quod
860 1065 971 1094 vestra
995 1063 1026 1093 et
1052 1062 1187 1091 illorum
1216 1068 1281 1090 non

269 1119 459 1159 impleverit
489 1118 730 1158 promptitud03
764 1117 898 1156 propter
926 1115 1024 1154 quod,
1053 1114 1082 1144 si
1108 1112 1282 1153 prudentie

267 1172 456 1212 privilegio,
482 1179 547 1210 quo
568 1171 776 1210 dispensator
793 1169 974 1207 gratiarum
990 1176 1048 1206 pre
1068 1166 1190 1196 vestris
1207 1173 1285 1204 par-
1311 1157 1313 1169 ⁴

268 1225 424 1264 ticipibus
441 1233 500 1255 vos
515 1224 654 1259 dotavit,
668 1223 821 1257 utamini,
840 1221 957 1252 honori
982 1221 1091 1250 vestro
1106 1218 1283 1249 manifeste

269 1278 448 1309 convenire
474 1277 607 1312 videtis,
627 1277 663 1306 ut
685 1275 847 1305 studeatis
870 1282 929 1304 vos
953 1281 1053 1312 super
1075 1271 1283 1302 restitutione

269 1333 433 1362 terrarum
456 1330 606 1368 ipsarum
620 1327 856 1366 ethujusmodi
873 1327 1041 1357 fructuum
1058 1324 1284 1355 satisfactione
1312 1324 1314 1332 ‘

269 1385 337 1414 tam
348 1384 531 1422 promptos,
544 1384 610 1412 tam
623 1381 739 1411 faciles
750 1381 883 1418 tamque
895 1378 1104 1409 voluntarios
1115 1377 1283 1412 exhibere,

270 1436 358 1475 quod
370 1436 456 1466 facta
470 1434 582 1465 verbis
593 1433 829 1464 demonstretis
841 1440 914 1463 esse
926 1439 1084 1467 consona,
1098 1431 1183 1461 sicut
1194 1431 1284 1464 sunt,

271 1490 302 1519 et
331 1489 418 1519 clare
446 1489 556 1518 vestre
595 1486 717 1517 mentis
750 1485 875 1515 indicia
901 1483 1130 1514 devotioribus
1164 1482 1285 1512 studiis

271 1541 476 1580 exprimatis,
506 1539 602 1569 vobis
624 1539 658 1569 in
679 1538 872 1577 preconium
891 1538 921 1567 et
940 1537 1097 1567 meritum
1112 1535 1286 1574 profutura

272 1595 303 1625 et
319 1593 430 1624 futura
445 1592 565 1623 ceteris
587 1592 622 1621 in
642 1590 844 1628 exemplum.
863 1590 962 1624 Sane,
982 1589 1058 1619 licet
1078 1597 1149 1623 nos,
1174 1595 1285 1626 prece-

271 1646 426 1676 dentibus
470 1644 622 1684 patribus
668 1643 831 1674 Romanis
867 1641 1104 1681 pontificibus,
1132 1641 1219 1671 sicut
1251 1640 1287 1670 in
1314 1666 1315 1687 ἓ

271 1699 475 1737 apostolatus
492 1696 692 1730 ministerio,
710 1696 758 1726 sic
778 1704 855 1734 erga
871 1695 1008 1725 devotos
1025 1694 1114 1724 sedis
1135 1693 1286 1732 ejusdem
1314 1698 1315 1705 ¹

272 1753 306 1782 in
324 1751 470 1782 caritatis
496 1750 605 1781 officio
632 1749 849 1780 succedamus
866 1749 898 1778 et
914 1748 1107 1778 affectemus
1130 1746 1286 1785 quamvis
1315 1735 1316 1750 ³

272 1805 357 1835 alias
378 1807 522 1842 impares
548 1803 742 1834 eorumdem
769 1804 900 1841 patrum
924 1810 1045 1840 equare
1070 1801 1228 1830 virtutem
1256 1800 1287 1830 et

273 1857 454 1896 adimplere
463 1856 671 1895 propositum
684 1855 718 1885 in
730 1854 961 1893 prosequendo
975 1853 1113 1892 premiis
1122 1853 1286 1890 condigne

271 1910 374 1948 gratie
385 1909 501 1939 merita
513 1908 721 1941 devotorum,
727 1907 803 1945 jura
811 1907 920 1936 tamen
936 1905 1074 1935 ecclesie
1085 1905 1286 1944 supradicte,
1316 1921 1317 1926 =

275 1972 333 2002 pro
364 1962 488 2001 quibus
513 1960 753 1991 conservandis
782 1959 938 1997 regimini
966 1959 1038 1997 ejus
1065 1967 1183 1988 sumus
1210 1957 1287 1987 licet
1316 1969 1317 1984 1

275 2014 430 2045 immeriti
443 2013 775 2052 deputati‚negligere
791 2012 890 2050 veljn
903 2011 994 2050 ipsos
1010 2011 1147 2041 devotos
1159 2019 1197 2041 ea
1212 2018 1287 2040 cum

279 2068 427 2107 ejusdem
444 2066 581 2097 ecclesie
597 2066 793 2096 detrimento
813 2064 992 2094 transferre
1018 2073 1084 2095 non
1107 2072 1287 2102 possumus

284 2129 342 2151 nec
359 2120 530 2154 debemus,
547 2127 621 2149 cum
653 2119 685 2148 id
717 2119 862 2156 injuncte
899 2117 995 2147 nobis
1028 2116 1288 2155 dispensationis

275 2173 386 2204 debito
411 2172 623 2202 manifestius
639 2171 746 2201 obviet
767 2172 799 2200 et
813 2172 920 2200 nostre
938 2178 997 2200 seu
1013 2171 1123 2199 vestre
1139 2169 1240 2198 saluti
1256 2170 1286 2198 et

279 2226 529 2256 honorificentie
545 2234 611 2255 non
622 2224 807 2254 concordet.
824 2224 912 2253 Hinc
929 2224 979 2253 est
995 2223 1083 2261 quod
1096 2231 1168 2254 nos,
1185 2223 1287 2252 atten—
1316 2231 1317 2235 ¹

276 2280 390 2309 dentes
408 2278 495 2316 quod
514 2277 708 2316 hujusmodi
727 2277 854 2315 jurium
885 2276 1008 2306 zelator
1035 2277 1084 2306 est
1108 2276 1286 2312 Dominus2
1317 2273 1318 2293 ³

276 2333 384 2371 aperte
398 2331 515 2361 videns
530 2331 642 2361 omnia
654 2332 683 2360 et
695 2330 850 2360 continue
862 2330 902 2360 ad
915 2329 1037 2367 digitos
1048 2328 1289 2367 dispensatoris

278 2385 348 2423 ejus
360 2384 545 2418 intendens,
558 2383 740 2413 districtam
750 2391 824 2412 cum
834 2383 906 2420 ipso
920 2382 954 2412 in
963 2384 1109 2412 extremo
1119 2381 1289 2420 positurus
1317 2403 1318 2410 ,

278 2437 430 2467 examine
452 2436 613 2466 rationem
640 2437 671 2466 et
696 2438 873 2465 exacturus
895 2435 936 2464 ab
959 2443 996 2464 eo
1018 2443 1122 2472 usquc
1146 2434 1186 2464 ad
1209 2443 1286 2472 qua·
1317 2436 1319 2445 ¹

279 2490 428 2520 drantem
454 2489 607 2518 ultimum
625 2488 794 2522 universa,
812 2487 1062 2518 considerantes
1078 2487 1176 2517 etiam
1190 2495 1290 2525 quam

279 2542 573 2581 durumjiidicium
590 2541 686 2571 nobis
709 2541 878 2570 immineat
895 2540 924 2570 si
943 2540 1019 2578 jura
1034 2540 1105 2578 ipsa
1122 2548 1180 2578 per
1199 2540 1290 2569 incu-

282 2595 364 2625 riam
391 2595 598 2633 negligamus
623 2596 654 2624 et
678 2594 706 2624 si
731 2602 893 2632 eos‚quos
920 2594 1072 2623 tenemur
1095 2600 1231 2631 arguere
1251 2593 1289 2622 de

282 2649 413 2686 peccato
427 2649 458 2677 et
481 2647 522 2677 ab
544 2647 602 2677 illo
626 2647 800 2677 severitate
827 2646 985 2676 canonica
1002 2645 1234 2684 probil›ere‚iu
1252 2654 1291 2675 eo

284 2710 340 2740 per
375 2700 676 2730 dissimulationem
711 2699 959 2738 dampnabilem
989 2699 1182 2733 foveamus,

281 2806 408 2843 ‘justitie
432 2806 652 2841 subditorum,
680 2805 931 2835 universitatem
955 2806 1098 2835 vestram
1126 2812 1291 2841 roganms,

286 2867 460 2888 monemus
475 2859 506 2888 et
524 2858 694 2888 hortamur
712 2859 833 2888 attente
851 2866 909 2896 per
926 2857 1042 2887 iterata
1061 2856 1156 2887 vobis
1171 2856 1292 2895 scripta

288 2910 481 2941 mandantes
488 2911 643 2949 quatinus
656 2919 852 2950 responsum
864 2910 1081 2949 apostolicum
1094 2909 1292 2948 accipientes
1324 2932 1326 2946 2

1215 2706 1290 2727 cum
1322 2720 1323 2726 ,

285 2753 380 2784 nobis
409 2762 472 2783 non
504 2753 648 2783 sufficiat
677 2752 864 2782 innocentia
896 2752 1030 2790 propria
1059 2751 1131 2781 sine
1158 2751 1291 2780 cumulo
1322 2755 1323 2777 1

1320 2650 1323 2675 1

1065 239 1293 272 REGisrnss
1317 231 1533 270 CAMERAL

1337 322 1373 352 in
1397 320 1654 352 mansuetudine
1672 328 1709 350 ac
1725 318 1901 350 dulcedine
1917 317 2013 349 filiali
2031 327 2090 349 nec
2108 327 2174 349 non
2189 327 2267 357 erga
2282 318 2350 348 dic-

1337 376 1405 405 tam
1419 374 1678 412 ecclesiam,que
1694 381 1729 403 se
1745 371 1866 402 habere
1881 380 1941 402 vos
1958 372 1991 401 in
2007 372 2084 401 sinu
2101 379 2161 402 suo
2176 371 2351 410 precipuos

1337 428 1461 458 amoris
1487 427 1539 457 sui
1564 426 1652 457 filios
1681 425 1852 465 gloriatur,
1879 425 2130 463 perseverantes
2155 423 2290 454 assidue
2313 431 2350 453 ac

1337 481 1533 515 crescentes,
1544 481 1649 509 terras
1667 479 1757 517 ipsas
1773 477 1891 508 dilecto
1908 476 2118 507 fili0..elect0
2134 476 2351 511 Bononiensi,

1337 535 1449 564 nostro
1475 534 1506 563 et
1529 532 1636 571 ipsius
1651 531 1788 562 ecclesie
1811 530 1958 565 nomine,
1976 529 2149 560 restituere
2176 529 2249 559 sine
2269 529 2352 559 dila-

1336 588 1426 618 tione
1448 595 1485 616 ac
1515 585 1711 616 difficultate
1735 583 1884 623 qualibet
1912 582 2086 619 studeatis,
2115 581 2351 613 satisfaciendo

1338 640 1463 680 prefate
1489 647 1617 669 camere
1632 638 1671 668 de
1693 636 1880 668 voluntaria
1895 637 2059 666 terrarum
2074 635 2225 673 ipsarum
2243 634 2350 665 deten-

1338 693 1426 723 tione
1441 700 1478 722 ac
1491 691 1708 730 proventibus
1726 689 1937 729 supradictis.
1952 688 2074 719 Scituri
2090 696 2150 727 pro
2164 689 2252 718 certo
2265 687 2355 726 quod

1339 745 1423 775 sicut
1439 753 1498 775 vos
1515 753 1573 783 pro
1591 744 1662 774 loco
1687 745 1718 774 et
1738 745 1885 782 tempore
1908 742 2065 781 prosequi
2084 741 2226 779 gratiose
2241 741 2352 779 dispo-

1341 798 1464 833 nimus,
1483 798 1513 827 et
1529 797 1690 835 quantum
1714 803 1789 826 cum
1809 795 1934 825 honore
1951 803 1987 824 ac
2010 793 2115 824 salute
2134 795 2247 823 nostra
2264 794 2353 831 pote-

1339 851 1446 880 rimus
1467 851 1575 880 vestra
1590 849 1728 879 comoda
1745 855 1952 887 promovere,
1965 847 2013 878 sic
2028 855 2239 885 nequaquam
2255 846 2355 876 susti-

1310 915 1311 928 ι
1341 911 1418 933 nere
1437 902 1620 942 poterimus
1637 902 1717 940 quin
1735 901 1921 939 injunctum
1943 900 2041 930 nobis
2057 900 2235 939 apostolice
2250 899 2353 929 servi-

1339 955 1420 985 tutis
1447 955 1595 985 officium
1629 955 1716 984 circa
1747 954 1807 984 hec
1846 953 2071 984 sollicitudine
2099 952 2209 983 debita
2237 959 2353 991 prose·

1339 1016 1493 1047 quamur.
1524 1008 1648 1038 Datum
1677 1007 1765 1046 apud
1795 1006 2088 1041 Urbemveterem,
2118 1015 2161 1035 xv
2191 1005 2352 1036 kalendas

1341 1061 1513 1095 februarii,
1531 1069 1618 1091 anno
1635 1060 1792 1091 secundo.
1815 1071 1828 1086 ν)

1411 1230 1479 1261 191
1886 1226 2011 1259 Orvieto,
2030 1226 2059 1252 18
2071 1225 2184 1261 janvier
2204 1227 2280 1253 1263.

1378 1313 1544 1346 Octaviano,
1570 1312 1659 1339 electo
1684 1310 1998 1344 Bononiensi‚1nandai
2022 1310 2140 1337 inducat
2162 1310 2354 1337 Bononienses

1342 1364 1373 1389 ut
1391 1361 1535 1388 mandatis
1556 1361 1719 1396 apostolicis
1740 1361 1870 1395 pareant.
1892 1359 1973 1394 (nm.
1995 1360 2040 1391 27,
2058 1358 2107 1385 sol.
2129 1360 2173 1391 51,
2190 1363 2221 1385 u⁰
2239 1360 2268 1392 1;
2286 1359 2354 1386 Por·

1343 1419 1426 1438 Tussr
1446 1410 1551 1445 18469.)

1386 1528 1400 1543 (ι
1427 1540 1445 1546 ..
1463 1516 1554 1546 electo
1572 1515 1766 1545 Bononiensi.
1782 1515 1820 1545 In
1836 1514 1983 1545 claritate
2005 1513 2148 1544 nominis
2164 1530 2213 1543 -.
2232 1513 2355 1544 Datum

1344 1570 1379 1599 ut
1397 1577 1508 1608 supra.
1530 1581 1543 1596 »

1413 1742 1485 1773 192
1898 1738 2024 1771 Orvieto‚
2042 1739 2072 1765 19
2088 1737 2193 1765 sevrier
2208 1739 2284 1766 1263.

1379 1826 1481 1853 Abbati
1498 1828 1525 1852 et
1542 1825 1694 1852 conventui
1711 1824 1880 1851 monasterii
1897 1823 2074 1851 Casaemarii
2093 1823 2211 1850 mandat
2231 1824 2261 1850 ut
2277 1823 2357 1850 Nico-

1344 1875 1399 1907 lao,
1412 1875 1584 1901 subdiacono
1596 1876 1622 1900 et
1632 1873 1778 1908 capellano
1791 1880 1893 1907 papae,
1905 1872 2001 1906 nepoti
2013 1872 2138 1905 Gregorii
2152 1871 2196 1903 IX,
2205 1871 2358 1906 pecuniam

1344 1923 1494 1957 assignare
1504 1924 1603 1949 curent
1617 1933 1630 1946 α
1652 1924 1679 1948 et
1692 1922 1845 1956 quicquam
1858 1921 1936 1948 aliud
1947 1920 2064 1954 quidam
2077 1919 2124 1953 qui
2137 1920 2253 1946 Petrum
2268 1919 2358 1946 Fran-

1344 1972 1452 1998 ciscuin
1471 1979 1500 1998 se
1517 1971 1647 1997 nominat
1664 1972 1692 1997 et
1710 1970 1831 1996 fratrem
1847 1977 1933 1996 suum
1951 1968 2090 1995 occidisse
2102 1968 2219 2001 dicitur,
2238 1978 2252 1992 a
2272 1976 2358 2003 penes

1316 2026 1317 2042 1
1344 2028 1391 2047 eos
1406 2020 1547 2054 deposuit.
1565 2021 1646 2054 (Res.
1665 2021 1711 2051 27,
1727 2019 1776 2046 sol.
1794 2020 1838 2051 51,
1854 2022 1884 2044 n⁰
1900 2018 1939 2052 2.)

1387 2130 1402 2145 «
1422 2141 1441 2147 ..
1460 2117 1560 2148 abbati
1588 2123 1616 2147 e!
1655 2117 1811 2146 couventui
1833 2117 2010 2146 monasterii
2044 2116 2225 2151 Casemarii‚
2243 2114 2359 2146 Cister-

1345 2171 1452 2200 ciensf‘s
1471 2170 1596 2199 ordinis.
1615 2170 1826 2200 Presentium
1843 2170 1938 2200 vobis
1953 2169 2147 2200 auctoritate
2166 2185 2216 2198 —.
2236 2169 2359 2199 Datum

1346 2224 1432 2262 apud
1473 2223 1756 2258 Urbemveterem,
1790 2232 1819 2252 xi
1851 2222 2009 2253 kalendas
2037 2221 2168 2258 martii,
2195 2230 2283 2252 anno
2310 2230 2359 2252 se·

1346 2276 1464 2306 cundo.
1486 2288 1500 2302 υ

1897 2448 2021 2480 υννίοίο,
2043 2450 2071 2474 19
2089 2449 2193 2476 [ι’-πίει·
2212 2449 2288 2476 ¹263.

1416 2452 1487 2482 193

1384 2534 1509 2566 Nimlao,
1533 2533 1704 2560 subdiacono
1721 2534 1748 2559 et
1761 2532 1909 2567 capellano
1933 2541 1993 2564 suo,
2019 2533 2139 2560 mandat
2162 2534 2193 2560 ut
2216 2532 2360 2568 praefatas

1348 2583 1499 2617 pecuniam
1513 2585 1539 2609 et
1558 2590 1602 2609 res
1620 2582 1748 2616 recipiat.
1766 2581 1845 2614 (Rue.
1862 2583 1907 2614 ⁶27,
1924 2581 1973 2608 sol.
1992 2583 2036 2615 51,
2053 2588 2084 2608 11⁰
2099 2583 2138 2617 3.)

1389 2695 1404 2711 «
1428 2683 1543 2713 Dilecto
1565 2683 1630 2722 filio
1655 2683 1793 2719 Nicolao,
1816 2682 1998 2713 subdiacono
2018 2688 2044 2712 et
2069 2682 2223 2723 capellano
2245 2687 2358 2716 nostro,

1351 2742 1455 2780 nelma*
1470 2741 1618 2780 quondam
1634 2740 1733 2779 felicis
1751 2739 1968 2770 recorduliouis
1999 2739 2167 2780 Grseqorii]
2176 2748 2270 2779 pape,
2292 2748 2362 2778 pre-

1351 2794 1508 2823 decessoris
1534 2795 1638 2824 nostri.
1658 2794 1843 2825 Scribimus
1859 2794 1988 2824 dilectis
2018 2793 2098 2823 filiis
2114 2809 2162 2821 -.
2187 2792 2310 2822 Datum
2327 2794 2360 2822 ut

1351 2856 1462 2886 supra.
1480 2858 1494 2874 »
