2547 3289
1098 248 1335 285 'riioiSiileiss
1357 248 1518 285 ANNiJJE.

261 340 375 368 autem
396 338 485 368 idem
501 340 597 368 tenor
613 337 841 367 omnimodam
861 337 907 366 rei
932 337 982 367 vel
1008 336 1086 366 facti
1107 336 1273 366 certitudi-
1306 343 1307 357 1

260 400 337 422 110111
357 391 457 421 faciat
480 392 528 421 sic
552 392 713 423 insertus,
733 390 919 429 apostolica
937 390 1137 419 auctoritate
1163 390 1273 419 decer-

260 444 374 474 nimus
392 446 427 474 ut
451 444 537 474 illud
556 444 645 474 idem
668 443 770 473 robur
793 451 934 482 eamque
963 443 1029 472 vim
1051 442 1273 480 eumdemque

259 497 411 536 vigorem
429 506 488 536 per
509 497 622 527 omnia
638 496 758 526 habeat
776 499 808 526 et
834 496 975 526 retineat
1003 504 1066 534 11110
1090 495 1187 525 habet
1207 495 1274 524 ins-

259 551 469 580 trumentum
499 549 688 588 predictum
713 551 745 578 et
775 549 891 578 eadem
922 557 1061 586 prorsus
1090 547 1155 577 sibi
1191 547 1274 577 tides

259 602 470 637 adhibeatur.
482 611 546 641 que
562 602 788 632 instrumento
801 601 980 631 adhibetur
992 601 1113 633 eidem,
1128 602 1159 630 et
1174 609 1273 639 quan-
1304 635 1305 642 ἵ

259 656 448 694 (locumque
462 657 492 685 et
506 655 720 693 ubicumque,
735 657 803 684 sive
820 654 991 693 injudicio
1006 654 1077 683 sive
1095 653 1188 683 alibi.
1206 653 1273 683 fue-

260 709 304 739 rit
318 709 408 738 idem
427 710 522 738 tenor
536 708 708 738 exhibitus
723 710 754 737 et
770 709 938 743 ostensus,
960 709 1066 736 stetur
1084 707 1113 736 ei
1132 707 1274 736 firmiter

258 762 293 791 in
311 761 481 797 omnibus,
493 762 579 791 sicut
603 761 829 790 instrumento
843 762 989 789 staretur
1010 759 1131 794 eidem,
1145 759 1173 788 si
1189 760 1273 789 foret

258 814 449 845 exhibitum
465 814 518 844 vel
535 816 722 847 ostensum,
747 822 785 843 ac
804 813 938 851 plenam
966 814 996 842 et
1025 813 1155 842 sirmam
1173 812 1271 842 fidem

258 876 318 906 per
338 867 450 897 omnia
473 867 584 902 faciat,
610 867 711 896 etiam
737 866 765 895 si
788 866 952 903 originale
979 865 1050 895 sive
1073 866 1184 903 ipsum
1209 866 1273 894 ins-

256 922 466 950 trumentum
487 928 553 949 non
571 919 787 949 exhiberetur
807 927 865 947 nec
890 920 1068 957 appareret
1095 927 1153 947 nee
1171 918 1273 947 etiam

256 972 445 1006 haberetur,
476 972 709 1007 ratificatione,
733 971 988 1010 approbatione,
1018 971 1272 1000 confirmatione

255 1034 294 1055 ac
312 1025 526 1064 suppletione
544 1026 660 1055 nostra
679 1025 775 1054 firma
796 1033 929 1062 semper
955 1027 986 1054 et
1010 1024 1125 1053 stabili
1145 1033 1273 1062 perma*

255 1079 367 1108 nente.

296 1131 407 1161 Tenor
421 1140 499 1161 vero
518 1131 690 1169 predictus
708 1131 788 1160 talis
808 1132 857 1160 est
877 1142 881 1159 :

297 1196 311 1211 «
335 1185 372 1214 In
405 1184 540 1214 nomine
565 1184 713 1219 Domini,
731 1192 839 1213 amen.
867 1184 962 1213 Anno
982 1183 1119 1212 Domini
1136 1183 1179 1212 Μο
1196 1183 1270 1212 CC0.
1303 1194 1304 1198 ¹

256 1237 411 1273 infflo,
428 1237 457 1267 V
476 1237 552 1267 idus
572 1237 731 1275 januarii.
751 1237 930 1266 indictione
945 1236 1032 1271 V110,
1056 1236 1272 1273 pontificatus

255 1299 334 1320 vero
358 1290 483 1320 domini
511 1290 638 1321 Urbani
667 1299 749 1328 pape
777 1290 842 1320 IIII
868 1298 955 1319 anno
976 1289 1085 1320 tertio.
1115 1289 1181 1319 Per
1199 1297 1271 1327 pre-

254 1345 385 1373 sentem
413 1344 571 1382 paginam
600 1345 761 1382 appareat
789 1342 947 1373 omnibus
975 1343 1148 1373 evidenter
1182 1342 1271 1381 quod
1302 1374 1303 1377 Ἰ

254 1396 436 1435 religiosus
456 1397 507 1426 vir
530 1398 631 1427 trater
651 1397 832 1431 ι101111111105,
858 1396 961 1426 abbas
980 1395 1179 1426 monasterii
1197 1395 1271 1425 Vir-

254 1450 461 1486 ziliacensis,
479 1450 648 1480 Eduensis
667 1449 825 1486 diocesis,
842 1458 954 1479 coram
971 1449 1157 1479 venerabili
1176 1451 1270 1486 patre

253 1503 390 1533 domino
399 1502 877 1538 1111011οῑ0,1111111013111101110
885 1495 1084 1541 presbytero
1093 1501 1269 1536 cardinali,
1301 1516 1302 1531 i

253 1557 335 1586 etin
352 1557 522 1595 presentia
537 1557 665 1586 domini
683 1556 788 1591 Petri,
808 1556 1037 1586 archidiaconi
1051 1555 1268 1587 Senonensis.

252 1609 382 1639 domini
399 1618 485 1649 pape
502 1609 691 1646 camerarii,
706 1609 784 1645 mei,
798 1609 908 1643 Bassi,
927 1609 1060 1645 notarii,
1080 1610 1111 1639 et
1130 1609 1270 1638 testium

253 1662 525 1701 subscriptorum
543 1663 583 1692 ad
602 1663 662 1692 hoc
683 1664 889 1701 rogatorum,
908 1662 1160 1700 presentialiter
1177 1670 1269 1692 cons·
1300 1687 1301 1690 ,

251 1716 386 1752 titutus,
408 1725 470 1746 sua
485 1716 573 1746 bona
586 1718 618 1746 et
635 1717 820 1754 spontanea
836 1716 1009 1745 voluntate
1024 1717 1055 1745 et
1072 1716 1111 1745 de
1130 1715 1269 1754 speciali

251 1769 391 1799 licentia
408 1771 439 1799 et
455 1769 666 1808 beneplacito
685 1769 812 1800 domini
833 1777 929 1808 pape,
947 1769 1049 1803 dedit,
1068 1768 1220 1799 vendidit
1239 1770 1270 1798 et

252 1822 295 1852 ad
310 1823 554 1861 proprietatem
579 1823 747 1853 concessit
773 1823 935 1861 magistro
961 1821 1129 1858 Michaeli,
1155 1823 1268 1852 sancte

252 1876 404 1906 Romane
437 1875 578 1906 ecclesie
618 1875 907 1911 vicecancellario,
939 1875 1150 1914 procuratori
1187 1875 1267 1905 dicti

252 1928 382 1958 domini
396 1937 492 1966 pape,
507 1928 645 1959 habenti
660 1929 702 1958 ad
717 1928 778 1959 1100
797 1929 943 1967 speciale
959 1928 1166 1964 mandatum,
1187 1928 1267 1958 reci-

251 1981 358 2020 pienti
377 1982 449 2011 vice
471 1983 502 2012 et
523 1982 659 2012 nomine
682 1981 835 2020 ejusdem
857 1982 986 2012 domini
1008 1990 1104 2020 pape,
1129 1982 1267 2011 domum

251 2035 324 2065 sive
355 2035 530 2074 grangiam
559 2043 623 2074 que
653 2035 839 2074 vulgariter
874 2035 998 2065 dicitur
1030 2034 1264 2071 Malus-Nidus,

249 2096 327 2118 cum
362 2088 560 2118 introitibus
588 2090 620 2118 et
648 2088 796 2119 exitibus
828 2089 912 2124 suis,
939 2089 1026 2119 sicut
1046 2089 1118 2118 suis
1142 2088 1267 2119 finibus

249 2141 429 2178 limitatur,
450 2141 597 2180 positam
618 2142 651 2172 in
668 2142 794 2172 diocesi
813 2142 984 2177 Trecensi‚
1001 2151 1077 2172 cum
1095 2142 1264 2178 domibus,

250 2194 373 2230 vineis,
390 2195 503 2231 terris,
523 2195 642 2233 pratis,
661 2195 771 2232 silvis,
788 2196 937 2234 pascuis,
956 2195 1066 2234 aquis,
1080 2195 1263 2230 montibus,

249 2248 404 2286 planitiis
430 2250 462 2278 et
485 2257 561 2278 cum
585 2249 744 2279 omnibus
777 2249 855 2278 aliis
885 2249 1033 2287 juribus,
1062 2249 1263 2282 rationibus,

250 2300 382 2336 usibus,
399 2301 607 2331 utilitatibus
629 2303 659 2332 et
680 2302 896 2341 pertinentiis
919 2303 991 2332 suis
1008 2302 1048 2332 ad
1068 2303 1192 2332 dictam
1210 2302 1265 2332 do<

250 2362 344 2384 mum
370 2353 613 2391 spectantibus,
641 2355 682 2384 ad
709 2354 912 2390 habendum,
931 2355 1125 2390 tenendum,
1156 2355 1264 2394 possi-

250 2407 397 2436 dendum
415 2408 447 2437 et
466 2407 657 2438 faciendum
677 2408 838 2447 quicquid
858 2409 924 2447 ipsi
939 2409 1075 2439 domino
1094 2417 1178 2447 pape
1195 2409 1264 2447 pla-

249 2460 368 2495 cuerit,
396 2460 438 2490 ad
455 2469 540 2499 opus
570 2462 601 2491 et
627 2461 811 2492 utilitatem
830 2462 958 2501 capelle
993 2462 1103 2500 ipsius
1134 2462 1264 2492 domini

248 2522 335 2552 pape
359 2513 520 2544 fabricate
545 2514 584 2544 de
609 2523 695 2545 novo
719 2515 808 2553 apud
828 2515 953 2546 Trecas
974 2515 1009 2545 in
1030 2515 1156 2545 honore
1174 2514 1264 2547 beati

249 2565 379 2597 Urbani
398 2567 572 2605 martyris
590 2567 631 2597 Et
647 2567 708 2598 hoc
728 2568 775 2598 ita
795 2569 884 2607 quod
905 2577 965 2607 pro
982 2568 1192 2607 quibuslibet
1209 2569 1264 2599 de-

248 2628 321 2650 cem
338 2619 437 2649 libris
456 2619 559 2649 annui
578 2620 731 2650 redditus
750 2620 837 2651 dicte
855 2621 987 2657 domus,
1005 2621 1175 2652 dabuntur
1190 2630 1262 2661 pre-

248 2673 337 2702 dicto
371 2671 496 2707 abbati.
530 2673 666 2704 nomine
703 2673 846 2712 predicti
880 2675 1091 2711 monasterii,
1128 2676 1263 2705 centum

248 2725 334 2756 libre
359 2725 455 2755 illius
477 2725 697 2765 ersdemque
718 2727 851 2757 monete
869 2727 965 2765 cujus
983 2727 1135 2758 redditus
1151 2729 1260 2759 erunt.

247 2778 409 2809 Valorem
432 2780 545 2809 autem
573 2779 766 2810 reddituum
790 2779 862 2810 sive
888 2779 982 2818 ipsos
1000 2780 1152 2811 redditus
1179 2782 1262 2811 exti-

247 2833 396 2862 matores
408 2831 450 2862 ad
465 2831 527 2862 1100
539 2832 685 2862 ordinati
703 2831 926 2867 extimabunt,
939 2833 985 2863 ita
997 2833 1098 2872 quod,
1111 2834 1141 2864 si
1159 2834 1262 2864 iidem

246 2885 469 2916 extimatores
496 2884 708 2917 extimabunt
737 2885 827 2925 quod
851 2885 980 2916 fructus
1009 2886 1080 2916 sive
1109 2887 1262 2917 redditus

246 2938 334 2969 dicte
350 2939 472 2969 domus
491 2939 665 2969 annuatim
679 2939 813 2970 valeant
832 2941 966 2970 centum
980 2939 1086 2969 libras
1103 2941 1261 2970 turonen-

2291 265 2349 293 239

1339 344 1404 370 ses,
1423 336 1580 366 (lominus
1599 346 1693 375 papa.
1712 347 1770 376 per
1788 348 1822 367 se
1841 340 1890 369 vel
1905 349 1963 378 per
1980 341 2083 371 alium
2105 342 2177 379 ejus
2199 344 2345 373 nomine.

1339 388 1446 419 solvet
1464 390 1613 426 predicto
1628 390 1753 426 abbati,
1775 393 1909 422 nomine
1928 393 2008 424 dicti
2027 396 2236 429 monasterii,
2255 397 2347 427 1111111,Ι

1338 441 1443 471 libras
1464 443 1708 481 turonensium,
1729 446 1759 474 et
1776 446 1824 475 sic
1845 454 1904 484 pro
1918 447 2063 485 singulis
2081 450 2214 478 centum
2236 449 2344 483 libris,

1336 494 1364 523 si
1384 495 1471 524 ultra
1499 496 1709 526 ascenderint
1739 498 1890 528 redditus
1915 500 2001 529 dicte
2026 501 2167 535 domusg
2186 503 2217 531 et
2239 502 2347 532 dictusv

1305 566 1306 569 =
1336 550 1543 585 procurator,
1564 550 1698 579 nomine
1717 551 1854 588 predicti
1872 552 1999 581 domini
2017 562 2110 592 pape,
2128 555 2345 593 1111011101111111

1336 601 1443 630 01110111
1464 601 1574 631 abbati
1596 603 1646 631 vel
1672 604 1728 632 alii
1750 605 1934 642 recipienti.
1955 607 2090 636 nomine
2111 608 2253 645 predicti
2281 618 2346 639 1110-

1337 654 1488 687 nasterii,
1519 663 1575 692 pei·
1599 664 1633 683 ss.»
1660 656 1709 684 wi
1741 666 1798 694 per
1825 657 1928 687 alium
1957 659 2074 690 solvet.
2099 660 2150 689 1·οΙ
2182 661 2345 691 savini-uui

1336 706 1424 744 quod
1444 707 1600 737 dominus
1624 717 1708 746 papa
1728 718 1785 746 per
1810 718 1844 739 se
1864 711 1916 739 vel
1935 720 1994 748 per
2019 712 2123 742 alium
2143 714 2262 745 solvet,
2290 724 2347 753 per

1337 758 1522 797 legitimam
1548 761 1801 798 stipulationem
1830 764 1996 800 promisit.
2025 765 2063 794 lit
2102 766 2204 795 donec·
2239 768 2348 797 (licius

1337 814 1467 850 emptor
1486 822 1545 842 seu
1563 814 1721 843 dominus
1740 816 1891 853 111111111οΙ
1911 817 2010 851 alius,
2030 819 2163 848 1101111110
2182 829 2253 849 suo.
2274 830 2345 858 pos·-

1335 865 1523 894 sessionem
1544 866 1631 896 dicte
1650 867 1770 896 domus
1787 867 1886 898 fuerit
1904 869 2090 908 ingressus,
2107 871 2217 901 dictus
2236 874 2346 902 vendi-

1335 919 1397 952 tor,
1418 919 1570 956 precario
1592 920 1725 949 nomine
1751 921 1831 950 dicti
1855 923 2019 960 emptoris
2041 926 2071 953 et
2098 924 2225 954 domini
2251 935 2346 964 pape.

1335 980 1370 999 se
1397 971 1571 1001 constituit
1589 973 1764 1010 possidere
1782 976 1812 1003 et
1831 976 1956 1011 tenere⁷
1983 976 2015 1005 in
2048 977 2142 1013 cujus
2162 981 2348 1016 possessio-

1336 1031 1411 1052 nem
1444 1023 1590 1053 intrandi
1626 1025 1753 1054 eisdem
1781 1023 1853 1055 'sua
1885 1028 2083 1057 auctoritate
2119 1031 2347 1061 omnimodam

1303 1093 1305 1120 3
1336 1076 1506 1106 licentiam
1533 1078 1673 1107 contulit
1693 1080 1792 1116 atque
1811 1079 1913 1110 dedit.
1937 1081 1976 1110 Et
2001 1081 2029 1110 si
2058 1082 2206 1120 quelibet
2234 1084 2345 1114 decem

1335 1129 1456 1159 librate
1474 1130 1626 1159 redditus
1643 1131 1730 1161 dicte
1744 1132 1864 1161 domus
1883 1133 1934 1162 vel
1955 1134 2027 1172 ipsa
2047 1134 2166 1165 domus
2186 1137 2257 1167 sive
2275 1147 2348 1176 pos-

1335 1182 1444 1211 sessio
1461 1182 1538 1220 plus
1553 1183 1641 1213 dicto
1660 1184 1767 1222 pretio
1790 1185 1928 1222 valeret,
1948 1186 2030 1216 illud
2051 1188 2128 1225 plus
2142 1189 2252 1219 (lictus
2271 1199 2347 1220 vcn-

1334 1235 1422 1264 ditor
1447 1236 1535 1265 dicto
1555 1237 1698 1275 emptori
1719 1238 1804 1267 inter
1832 1238 1938 1272 111103,
1963 1249 2023 1278 pro
2041 1243 2229 1272 reverentia
2246 1253 2345 1282 quam

1302 1291 1303 1302 ¹
1333 1287 1429 1318 habet
1450 1289 1491 1318 ad
1516 1297 1694 1327 pcwsonam
1719 1290 1845 1320 domini
1864 1300 1961 1330 pape,
1983 1293 2119 1324 donavit
2136 1298 2167 1324 et
2181 1298 2345 1327 concessit

1333 1342 1365 1371 et
1381 1342 1483 1371 etiam
1502 1343 1671 1373 mandavit
1692 1344 1757 1372 sibi
1778 1353 1875 1374 omne
1890 1345 1946 1383 jus
1965 1348 1996 1376 et
2014 1347 2189 1381 actionem,
2208 1350 2297 1387 1111011
2315 1353 2346 1380 et

1333 1404 1433 1433 quam
1453 1395 1486 1424 in
1508 1396 1596 1426 (licta
1622 1397 1720 1426 domo
1739 1398 1770 1427 et
1794 1398 2010 1436 pertinentiis
2039 1401 2112 1430 suis
2137 1401 2273 1433 liaberet
2293 1405 2344 1434 vel

1301 1462 1302 1469 1
1332 1448 1453 1478 habere
1470 1452 1597 1486 posset.
1616 1450 1779 1480 Promisit
1800 1451 1939 1490 insuper
1963 1453 2072 1483 dictus
2098 1455 2264 1489 venditor,
2285 1466 2344 1495 pro

1333 1510 1368 1531 se
1389 1501 1529 1540 suisque
1551 1503 1818 1539 successoribus,
1838 1505 1926 1543 quod
1948 1506 2077 1536 nullum
2095 1508 2151 1545 jus
2175 1508 2237 1538 sibi
2257 1519 2343 1540 com-

1332 1556 1449 1592 petens
1467 1555 1500 1584 in
1517 1556 1690 1593 predictis,
1712 1557 1746 1586 in
1766 1559 1872 1587 totum
1892 1559 1943 1588 vel
1966 1559 1999 1588 in
2018 1562 2147 1597 partem
2164 1562 2264 1592 alicui
2285 1564 2341 1593 alii

1332 1616 1474 1646 persone
1505 1609 1653 1643 donavit,
1685 1611 1860 1647 concessit,
1892 1612 2054 1647 vendidit,
2091 1613 2251 1645 alienavit
2286 1625 2343 1645 ner

1332 1662 1539 1691 contractum
1568 1662 1619 1691 vel
1648 1663 1745 1701 quasi
1775 1672 1848 1693 cum
1878 1664 1991 1703 aliqua
2013 1674 2159 1704 persona
2183 1677 2242 1698 seu
2271 1669 2343 1699 1000

1332 1714 1420 1750 fecit,
1440 1715 1469 1744 et
1490 1715 1517 1744 si
1543 1715 1657 1753 aliquo
1683 1718 1833 1754 tempore
1852 1718 2059 1748 contrarium
2085 1724 2273 1758 appareret,
2291 1723 2341 1752 vel

1331 1776 1369 1796 ea
1387 1768 1561 1798 occasione
1579 1769 1631 1798 vel
1647 1769 1712 1798 alio
1732 1778 1942 1808 quocumque
1960 1772 2070 1805 modo,
2085 1773 2193 1803 dictus
2212 1778 2342 1814 emptor

1331 1821 1382 1850 vel
1406 1821 1562 1851 dominus
1592 1830 1677 1860 papa
1706 1822 1738 1852 in
1766 1823 1949 1861 dampnum
1970 1825 2097 1855 veniret
2119 1828 2149 1856 et
2175 1836 2341 1866 expensas

1330 1873 1406 1903 inde
1423 1874 1556 1910 faceret,
1576 1876 1683 1904 totum
1697 1875 1881 1913 dampnum
1896 1880 1926 1906 et
1946 1886 2113 1916 expensas
2127 1881 2158 1909 ct
2178 1880 2341 1912 interesse

1329 1926 1416 1957 dicto
1437 1928 1646 1965 procuratori
1667 1929 1842 1967 recipienti
1861 1938 1920 1967 pro
1946 1931 2082 1961 domino
2106 1941 2192 1971 papa
2219 1936 2250 1963 et
2275 1935 2339 1973 ipsi

1328 1980 1464 2010 domino
1485 1989 1570 2019 pape
1594 1981 1729 2012 relicere
1753 1984 1785 2011 et
1804 1983 1965 2013 resarcire
1984 1985 2152 2022 promisit.
2172 1987 2339 2021 Preterea⁷

1328 2033 1438 2062 dictus
1450 2034 1616 2068 venditor⁷
1634 2043 1692 2072 pro
1705 2043 1740 2064 se
1753 2035 1892 2074 suisque
1904 2037 2170 2074 successoribus,
2183 2041 2341 2078 promisit

1328 2087 1415 2116 dicto
1436 2087 1656 2125 procuratori,
1676 2088 1851 2126 recipienti
1874 2091 1905 2118 et
1923 2090 2100 2128 stipulanti
2122 2101 2181 2130 pro
2206 2093 2340 2124 domino

1326 2149 1423 2179 papa,
1453 2140 1536 2170 hanc
1566 2141 1806 2177 venditionem,
1834 2142 2005 2173 dationem
2026 2146 2059 2174 et
2086 2147 2339 2178 concessionem

1328 2193 1367 2223 ’.111
1387 2194 1477 2224 omni
1493 2202 1638 2232 persona
1653 2196 1685 2224 et
1698 2195 1769 2224 loco
1789 2195 1980 2232 defendere,
1992 2199 2205 2235 guarentiare
2217 2202 2248 2230 et
2265 2210 2339 2231 auc-

1326 2247 1471 2277 torizare
1492 2247 1669 2286 injudicio
1687 2249 1719 2277 et
1738 2250 1833 2278 extra
1848 2248 2025 2287 judicium„
2044 2252 2075 2281 et
2093 2253 2204 2282 omnia
2224 2255 2256 2283 et
2274 2255 2339 2284 sin-

1326 2300 1404 2339 gula
1430 2300 1625 2338 supradicta
1643 2301 1814 2331 attendere
1831 2303 1862 2331 et
1888 2301 2067 2333 observare
2090 2306 2121 2334 et
2142 2308 2256 2336 contra
2273 2316 2338 2337 non

1326 2354 1451 2389 venire,
1464 2354 1577 2392 aliqua
1589 2355 1764 2384 occasione
1777 2354 1828 2384 vel
1843 2356 2051 2394 exceptione.
2064 2357 2126 2387 sub
2144 2367 2229 2396 pena
2244 2360 2336 2399 dupli

1326 2407 1406 2437 dicti
1422 2407 1522 2445 pretii
1538 2409 1569 2437 et
1591 2407 1761 2437 oblatione
1779 2409 1929 2438 omnium
1951 2408 2116 2440 bonorum
2141 2420 2279 2442 suorum
2307 2416 2339 2444 et

1326 2460 1405 2490 dicti
1425 2461 1622 2490 monasterii
1643 2462 1685 2494 et,
1703 2470 1786 2499 peim
1803 2462 1954 2500 predicta
1973 2463 2083 2493 soluta
2102 2465 2153 2494 vel
2168 2474 2244 2502 non,
2263 2475 2337 2497 con-

1324 2515 1452 2544 tractus
1470 2514 1533 2544 iste
1553 2516 1583 2544 et
1601 2514 1714 2544 onmia
1731 2516 1762 2544 et
1782 2515 1916 2553 singula
1932 2525 1996 2554 que
2013 2517 2102 2547 dicta
2120 2520 2211 2556 sunt,
2230 2519 2264 2549 in
2283 2522 2336 2551 sui

1325 2569 1482 2598 maneant
1500 2567 1632 2597 roboris
1650 2567 1821 2598 firmitate.
1843 2568 1895 2598 Ad
1913 2569 2076 2608 majorem
2097 2573 2209 2602 autem
2226 2576 2336 2604 caute-

1324 2620 1391 2650 lam
1418 2620 1501 2650 etin
1526 2620 1761 2651 testimonium
1785 2621 1979 2660 hujusmodi
2006 2623 2065 2659 rei,
2097 2625 2207 2655 dictus
2232 2626 2336 2657 abbas

1324 2674 1473 2713 presenti
1490 2674 1715 2704 instrumento
1737 2683 1836 2704 suum
1852 2675 2003 2714 sigillum
2023 2678 2146 2716 apponi
2166 2678 2254 2709 fecit.
2275 2683 2337 2711 Ac-

1323 2729 1395 2760 tum
1429 2727 1517 2766 apud
1547 2726 1834 2763 Urbeinveterem,
1866 2728 1898 2758 in
1924 2738 2057 2760 camera
2083 2731 2211 2762 domini
2236 2742 2334 2773 pape,

1322 2779 1538 2819 presentibus
1558 2779 1720 2818 magistro
1741 2780 1872 2819 Egidio,
1899 2781 2133 2814 archidiacono
2155 2784 2336 2817 Rothoma-

1323 2833 1428 2872 gensi,
1454 2833 1588 2863 doctore
1613 2832 1791 2872 theologie,
1813 2834 1976 2873 magistro
1998 2835 2147 2867 Roberto
2170 2838 2210 2868 de
2236 2840 2334 2876 Baro,

1323 2886 1484 2925 magistro
1511 2885 1616 2916 Paulo
1637 2886 1677 2916 de
1699 2885 1948 2927 Sancto-Helya
1964 2890 1997 2919 et
2019 2890 2181 2929 magistro
2208 2892 2335 2924 Felicio

1323 2940 1362 2970 de
1377 2939 1505 2976 Trecis,
1527 2939 1668 2976 medico,
1695 2939 1849 2970 testibus.
1870 2940 2099 2973 Extimatores
2125 2946 2235 2975 autem
2256 2948 2335 2977 sunt
