2547 3289
313 276 372 305 474

404 357 477 388 975
810 352 932 382 Orvieto,
949 353 979 379 31
1003 352 1156 378 decembre
1174 352 1250 379 1263.

353 437 540 465 'sliesaurario
568 438 704 463 ecclesiae
732 436 920 462 'l'ornacensis
949 435 1146 462 executionem
1167 434 1326 462 committit

316 487 475 515 sentcntiae
493 485 665 520 praedictae.
686 486 765 512 (lino.
787 486 831 511 225⁵.
851 490 880 510 11ο
896 486 940 517 23,
961 484 1008 510 sol.
1033 485 1063 511 lo·
1080 488 1132 518 νο.)

358 599 371 617 (‹
395 588 596 618 Thesaurario
614 586 734 616 ecclesie
760 586 964 616 Tornaecnsis.
988 586 1147 617 Exhibita
1164 586 1262 617 nobis
1278 587 1327 616 di-

317 642 393 672 lecti
418 659 465 670 —.
487 642 609 671 Datum
630 640 717 678 apud
745 639 1032 673 Urbemveterem,
1054 649 1074 669 11
1102 640 1264 670 kalendas
1279 640 1326 679 ja-

319 695 439 729 nuarii,
461 703 546 724 anno
563 694 636 724 111⁰.
660 704 673 722 ))

405 868 478 899 97ss

860 865 984 895 orview,
1006 866 1035 893 18
1048 865 1160 901 janvier
1180 866 1254 893 1204.

354 950 436 976 Petro
469 949 545 976 116111
575 949 729 976 ecclesiam
761 950 794 975 de
828 948 1094 981 Laiarna-Audoini‚
1121 949 1327 975 Xunctonensis

315 999 447 1030 diocesis,
474 999 526 1032 ipsi
551 1007 565 1024 a
592 998 717 1028 Simone,
740 997 831 1024 sancti
854 998 967 1024 Martini
992 998 1159 1032 presbytero
1175 997 1326 1030 cardinali,

315 1047 466 1075 arbitraria
486 1049 626 1082 potestate
647 1047 851 1083 adjudicatam,
870 1047 1032 1074 confirmat.
1052 1047 1134 1081 ilino.
1154 1048 1198 1079 29,
1218 1048 1265 1074 sol.
1285 1048 1326 1079 lo,

317 1103 347 1123 [ιθ
363 1097 422 1131 24.)

356 1212 370 1231 a
392 1202 485 1231 Petro
493 1201 596 1238 lter-ii,
611 1202 722 1230 rectori
734 1200 853 1231 ecclesie
865 1200 900 1230 dc
910 1200 1210 1236 Laia-rna-.›tud0ini,
1227 1200 1326 1230 Xanr—

316 1255 446 1284 tomensis
473 1255 608 1284 diocesis.
637 1255 685 1285 Ea
705 1264 768 1293 que
790 1254 930 1293 judicio,
954 1256 1030 1291 etc,
1050 1263 1157 1293 usque
1181 1262 1327 1284 commu-

315 1309 392 1339 niri.
421 1308 580 1338 Exhibita
603 1308 770 1347 siquidem
796 1307 893 1338 nobis
919 1310 974 1338 tua
997 1308 1113 1346 petitio
1134 1307 1327 1338 continebat

316 1362 416 1400 quod,
431 1370 505 1392 611111
522 1370 581 1391 nos
599 1362 629 1391 in
646 1370 758 1397 causa,
776 1370 839 1400 que
857 1361 943 1391 inter
958 1363 989 1391 te
1004 1362 1034 1391 et
1050 1361 1188 1391 Petrum
1205 1361 1325 1390 Bonini

313 1415 352 1445 de
378 1415 561 1449 Morteriis.
583 1415 742 1444 clericum
768 1414 1020 1445 Xanctonensis
1045 1414 1202 1449 diocesis,
1225 1422 1326 1451 super

314 1468 455 1498 66616313
474 1468 514 1497 de
536 1467 854 1503 LaiarnaAudoini,
878 1468 910 1496 in
931 1476 994 1506 qua
1018 1468 1158 1505 uterque
1175 1468 1325 1496 vestrum

314 1530 349 1551 se
363 1521 419 1560 jus
437 1520 559 1550 habere
577 1520 719 1556 dicebat,
742 1522 812 1550 orta
831 1520 952 1557 extitit,
975 1520 1015 1550 ad
1033 1520 1147 1550 sedem
1165 1520 1325 1558 apostoli-

313 1583 385 1604 cam
413 1573 562 1613 legitime
590 1574 758 1608 devoluta,
784 1573 942 1604 dilectum
972 1573 1079 1603 filium
1105 1575 1259 1603 nostrum
1278 1573 1324 1609 S„

313 1627 403 1658 tituli
430 1627 537 1657 sancti
567 1627 702 1657 Martini
727 1626 965 1666 presbyterum
989 1627 1195 1657 cardinalem
1216 1627 1326 1657 dedis-

314 1690 429 1711 semus
447 1679 600 1719 partibus
616 1680 817 1716 auditorem,
837 1680 925 1709 idem
944 1680 1139 1716 cardinalis,
1159 1679 1326 1710 discussis

314 1736 344 1764 et
369 1733 573 1763 examinatis
597 1735 714 1763 exacta
734 1733 910 1772 diligentia
924 1733 1060 1772 ι1111111113
1078 1733 1229 1772 ipsarum
1253 1742 1326 1772 par-

313 1787 398 1817 tium
411 1786 594 1822 universis,
608 1786 789 1825 habitoque
802 1786 945 1816 consilio
956 1785 1153 1824 peritorum,
1169 1787 1199 1816 et
1211 1795 1325 1817 secum

314 1839 413 1878 plena
440 1839 681 1870 deliberatione
712 1839 826 1869 habita
855 1848 983 1870 necnon
1014 1848 1031 1869 a
1063 1839 1160 1869 nobis
1190 1839 1327 1870 licentia

314 1893 553 1932 pronuntiandi
576 1893 721 1929 obtenta,
748 1895 778 1923 te
803 1902 933 1932 quoque
957 1895 987 1923 et
1009 1890 1226 1932 procuratore
1245 1893 1326 1923 alte-

315 1946 386 1976 rius
419 1946 523 1984 partis
557 1946 772 1984 presentibus
801 1946 956 1985 jurisque
990 1946 1106 1976 ordine
1135 1945 1324 1982 observato,

316 1999 437 2028 dictam
450 1999 638 2035 ecclesiam,
651 2008 725 2029 cum
742 1999 1046 2037 omnibusjuribus
1064 2001 1093 2029 et
1110 2000 1327 2037 pertinentiis

316 2052 399 2088 suis,
418 2051 479 2082 tibi
497 2052 744 2082 sententialiter
765 2053 983 2091 adjudicavit,
1003 2061 1143 2091 eamque
1165 2061 1240 2082 611111
1259 2053 1326 2082 dic-

316 2105 359 2135 tis
374 2105 509 2144 juribus
526 2105 566 2134 ad
585 2107 614 2135 te
639 2107 790 2143 spectare
808 2106 1056 2144 pronuntiando
1078 2105 1273 2141 declaravit,
1291 2114 1327 2135 ac

314 2159 346 2188 te
361 2158 393 2187 in
410 2158 662 2196 possessionem
678 2158 787 2197 ipsius
807 2158 958 2193 ecclesie,
979 2167 996 2187 a
1013 2167 1078 2197 qua
1095 2158 1326 2196 supradictum

314 2211 452 2241 Petrum
469 2212 587 2241 Bonini
599 2212 847 2241 sententialiter
861 2212 997 2247 amovit,
1015 2211 1239 2241 inducendum
1250 2219 1325 2242 esse

315 2263 472 2300 decrevit,
486 2266 616 2303 partem
627 2265 803 2294 adversam
817 2265 856 2294 ad
870 2264 1117 2294 restituendum
1128 2264 1188 2294 tibi
1202 2264 1325 2294 dietam

314 2317 491 2347 ecclesiam
521 2326 596 2347 cum
622 2317 785 2348 fructibus
803 2318 925 2348 exinde
952 2327 970 2347 a
992 2321 1142 2356 tempore
1159 2317 1230 2347 litis
1250 2326 1325 2347 con-

314 2371 434 2400 testate
466 2371 651 2409 perceptis,
687 2371 932 2401 sententialiter
959 2371 1252 2409 condempnando,
1289 2379 1325 2401 ac

314 2423 423 2454 eidem
448 2424 534 2462 parti
565 2424 705 2454 adverse
732 2433 835 2463 super
859 2424 1001 2454 ecclesia
1027 2424 1100 2462 ipsa
1126 2426 1325 2463 perpetuum

315 2476 489 2507 silentium
521 2477 735 2516 imponendo,
761 2480 859 2516 prout
882 2479 916 2508 in
941 2477 1076 2517 publico
1099 2477 1325 2508 instrumento

314 2530 464 2560 consecto
477 2531 610 2565 exinde,
624 2531 753 2562 munito
768 2531 882 2570 sigillo
895 2531 1078 2561 cardinalis
1089 2530 1241 2569 predicti,
1257 2531 1327 2569 ple-

314 2583 392 2613 nius
424 2584 624 2615 continetur.
659 2585 729 2615 Nos
762 2585 887 2624 itaque,
919 2584 987 2615 tuis
1017 2583 1325 2623 supplicationibus

314 2635 479 2674 inclinati,
496 2637 689 2677 hujusmodi
705 2639 919 2674 sententiam,
934 2637 1258 2676 pronuntiationem,
1271 2637 1325 2667 de-

314 2689 544 2727 clarationem,
565 2691 735 2722 decretum
758 2694 790 2722 et
813 2690 1153 2730 condempnationem
1176 2699 1234 2729 per
1255 2699 1324 2721 car-

314 2741 461 2772 dinalem
478 2744 620 2773 eundem
636 2744 736 2780 edita,
754 2746 826 2774 rata
843 2746 875 2774 et
892 2744 989 2773 lirina
1006 2742 1178 2778 habentes,
1197 2752 1324 2773 633116-

315 2795 449 2826 toritate
470 2797 655 2834 apostolica
674 2798 925 2833 confirmamus,
948 2799 1022 2829 etc..
1048 2804 1155 2834 usque
1176 2804 1324 2826 commu-

313 2848 438 2878 nimus.

354 2901 518 2932 Tenorem
551 2904 662 2933 autem
695 2903 804 2942 ipsius
838 2903 1052 2933 instrumenti
1082 2902 1122 2932 de
1152 2902 1253 2933 verbo
1283 2903 1323 2933 ad

313 2956 451 2984 verbum
471 2956 685 2994 presentibus
703 2957 844 2987 fecimus
863 2957 1028 2992 annotari,
1049 2957 1105 2995 qui
1124 2957 1202 2987 talis
1220 2959 1269 2988 est
1295 2967 1301 2986 :

1066 266 1310 299 REGISTRES
1339 267 1554 298 D'URBAIN
1590 267 1647 297 IV.

1426 361 1440 379 α
1460 351 1496 380 In
1507 351 1642 380 nomine
1654 350 1790 380 Domini
1805 349 2143 380 3111611.0113(111(111111
2158 350 2244 379 inter
2261 349 2398 380 Petrum

1386 404 1491 440 Iterii.
1508 403 1719 434 Pitstavensis
1737 403 1896 438 diocesis,
1911 404 1942 432 et
1960 403 2098 432 Petrum
2115 402 2236 433 Bonini
2251 403 2291 432 de
2310 403 2400 433 Mor-

1386 457 1495 493 teriiS,
1515 457 1766 487 Xanetonensis
1784 456 1930 486 diocesis
1953 455 2106 491 clericos,
2133 464 2234 494 super
2259 455 2401 486 66616313

1388 510 1427 540 (16
1446 509 1766 549 Lajarna-Audoini‚
1785 509 1873 539 dicte
1890 508 2140 539 xanctonensis
2161 509 2317 543 diocesis,
2335 516 2403 539 ma-

1387 564 1472 594 teria
1489 563 1690 602 questionis,
1703 563 2047 600 sanctissimuspater
2063 563 2095 591 et
2111 561 2269 591 dominus
2287 564 2401 592 noster

1358 631 1359 634 =
1389 614 1546 644 dominus
1577 614 1746 649 Urbanus,
1776 613 1838 644 Dei
1871 614 1979 652 gratia
2003 622 2088 652 papa
2118 614 2270 651 quartus,
2303 612 2401 643 nobis

1357 683 1358 686 =
1388 667 1530 703 Simoni,
1547 667 1765 698 miseratione
1785 667 1899 696 divina
1918 666 2009 697 tituli
2031 666 2137 696 sancti
2157 666 2295 696 Martini
2313 674 2404 704 pres—

1357 735 1358 742 *
1388 720 1507 760 hytero
1529 719 1704 754 cardinali,
1727 728 1863 750 631133111
1880 719 2073 759 hujusmodi
2095 719 2295 749 audiendam
2314 727 2401 749 com-

1389 773 1483 803 misit
1509 775 1541 803 et
1565 773 1630 803 fine
1652 773 1764 803 debito
1794 773 2057 803 terminandam.
2082 772 2239 802 Partibus
2266 772 2402 802 tandem

1389 827 1545 857 videlicet
1562 827 1650 857 dicto
1668 827 1768 856 Petro
1792 826 1886 856 lterii
1905 835 1965 865 pro
1985 834 2020 856 se
2043 826 2267 865 personaliter
2287 828 2319 856 et
2344 834 2403 863 per

1389 889 1436 917 se,
1458 889 1494 910 ac
1514 880 1603 910 dicto
1624 880 1724 910 Petro
1746 879 1867 910 Bonini
1890 880 1929 910 de
1955 879 2126 910 Morteriis
2150 888 2210 918 pro
2229 887 2265 909 se
2290 887 2403 918 perso-

1389 934 1511 964 naliter
1533 934 1565 963 in
1584 933 1712 972 judicio
1733 932 2010 972 comparentibus
2033 942 2145 963 coram
2164 931 2274 967 nobis.
2292 932 2404 962 dictus

1388 988 1510 1018 Petrus
1526 987 1619 1017 Iterii
1639 988 1754 1017 contra
1773 986 1940 1025 prefatum
1959 986 2099 1016 Petrum
2121 986 2239 1016 lionini
2257 985 2297 1016 de
2315 985 2403 1016 Mor·

1388 1041 1484 1071 161113
1500 1040 1655 1070 libellum
1675 1039 1797 1070 obtulit
1817 1040 1849 1069 in
1867 1039 1953 1069 1111116
1971 1040 2107 1070 modum
2128 1049 2132 1067 :

1428 1104 1442 1122 «
1464 1094 1584 1124 Coram
1609 1092 1717 1129 vobis,
1747 1092 1933 1123 venerabili
1954 1094 2060 1130 patre.
2086 1092 2222 1122 domino
2252 1092 2400 1127 Simone,

1389 1157 1404 1176 »
1427 1147 1487 1177 Dei
1505 1147 1612 1186 gratia
1626 1145 1715 1176 tituli
1731 1146 1837 1175 sancti
1856 1145 1992 1175 Martini
2006 1145 2207 1183 presbytero
2224 1144 2401 1181 cardinali,

1390 1209 1404 1229 1)
1426 1209 1443 1230 3
1464 1200 1600 1230 domino
1619 1207 1705 1238 papa
1725 1197 1879 1237 partibus
1899 1198 2052 1228 auditore
2079 1206 2250 1231 concesso,
2271 1197 2351 1228 dicit
2370 1198 2404 1228 et

1390 1263 1404 1282 »
1425 1253 1582 1292 proponit
1596 1253 1717 1282 Petrus
1731 1251 1836 1285 Iterii‚
1852 1251 1995 1281 clericus
2014 1248 2228 1281 pictavensis
2243 1251 2403 1288 diocesis,

1389 1316 1404 1335 »
1426 1308 1540 1336 6011113
1554 1306 1690 1336 Ρ61111111
1704 1305 1825 1335 Bonini
1839 1305 1879 1334 de
1889 1304 2072 1339 Morteriis,
2086 1304 2245 1334 clericum
2256 1303 2403 1334 diocesis

1389 1369 1404 1389 »
1425 1359 1685 1394 XanctonensiS,
1717 1358 1807 1397 quod
1836 1357 1979 1388 ecclesia
2009 1357 2049 1387 de
2079 1357 2399 1396 Lajarna-Audoini‚

1389 1422 1404 1441 »
1424 1412 1576 1451 ejusdem
1601 1411 1748 1441 diocesis
1775 1411 2036 1447 Xanctonensis,
2056 1419 2115 1449 per
2138 1410 2402 1450 resignationem

1388 1475 1404 1496 11
1425 1465 1577 1505 magistri
1595 1464 1751 1495 Gaufridi
1773 1465 1812 1494 de
1831 1464 1863 1494 la
1885 1464 2032 1499 Guarda3
2051 1466 2129 1494 tunc
2150 1464 2314 1503 temporis
2337 1463 2401 1494 cle-

1388 1528 1404 1549 »
1425 1519 1484 1548 rici
1501 1543 1507 1549 .
1526 1518 1662 1548 .decani
1682 1517 1944 1553 Xanctonensis,
1962 1517 2104 1550 vacavit,
2121 1519 2151 1547 et
2169 1519 2242 1556 post
2259 1517 2402 1547 vacatio-

1389 1582 1404 1601 »
1424 1581 1499 1601 nem
1517 1570 1711 1610 hujusmodi
1739 1570 1801 1600 fuit
1820 1570 1936 1600 eadem
1958 1569 2100 1600 ecclesia
2124 1578 2199 1599 cum
2220 1569 2354 1608 juribus
2371 1571 2403 1600 et

1389 1635 1404 1655 »
1425 1624 1641 1663 pertinentiis
1665 1624 1737 1654 suis
1759 1623 1869 1653 eidem
1894 1624 1994 1653 Petro
2012 1623 2106 1654 Iterii
2124 1623 2311 1661 apostolica
2329 1631 2404 1653 auc-

1389 1689 1404 1708 »
1425 1679 1559 1709 toritate
1572 1677 1695 1708 collata
1709 1677 1880 1711 canonice,
1896 1679 1927 1707 et
1940 1677 1979 1706 de
1994 1685 2033 1706 ea
2049 1676 2159 1706 extitit
2175 1677 2265 1706 idem
2280 1676 2402 1706 Petrus

1389 1741 1404 1762 »
1424 1732 1605 1762 investitus
1630 1733 1660 1761 et
1690 1730 1722 1760 in
1744 1730 1817 1768 ejus
1840 1730 2050 1768 corporalem
2077 1730 2332 1768 possessionem
2353 1729 2402 1759 in—

1388 1795 1403 1814 »
1425 1787 1556 1815 dut-tus.
1576 1785 1694 1814 Dictus
1711 1791 1789 1814 vero
1806 1784 1928 1814 Petrus
1946 1783 2069 1813 Bonini
2082 1783 2206 1813 dictam
2223 1782 2401 1813 ecclesiam

1389 1849 1403 1868 »
1426 1841 1550 1869 temere
1587 1837 1761 1876 occupavit
1789 1838 1820 1867 et
1846 1838 1961 1867 contra
1983 1837 2152 1875 Justitiam
2177 1845 2250 1866 eam
2275 1836 2402 1866 detinet

1389 1902 1404 1922 ›>
1424 1895 1629 1930 occupatam,
1649 1891 1682 1920 in
1701 1890 1781 1920 dicti
1804 1890 1895 1921 Petri
1920 1890 2014 1920 Iterii
2036 1889 2261 1929 prejudicium
2280 1891 2311 1919 et
2329 1897 2403 1928 gra-

1389 1956 1404 1976 »
1423 1954 1553 1976 vamen.
1586 1944 1681 1975 Unde
1708 1944 1792 1982 petit
1810 1952 1869 1982 per
1887 1952 1958 1980 vos,
1978 1943 2160 1973 reverende
2181 1945 2287 1981 pater,
2313 1943 2403 1973 idem

1391 2011 1404 2028 „
1425 2000 1546 2029 Petrus
1565 1998 1655 2028 lterii
1671 1997 1795 2027 dictam
1814 1997 2239 2036 ecclesiam‚cumJu1·ibus
2253 1998 2283 2026 et
2301 1996 2402 2035 perti-

1390 2063 1405 2081 »
1424 2053 1548 2082 nentiis
1568 2052 1651 2085 suis,
1670 2051 1734 2080 sibi
1760 2050 1958 2089 adjudicari,
1979 2052 2010 2080 et
2034 2050 2075 2080 ad
2097 2059 2172 2080 eum
2192 2052 2343 2087 spectare
2361 2049 2402 2079 de

1390 2116 1404 2134 >i
1420 2107 1495 2144 jure
1514 2114 1572 2143 per
1595 2113 1654 2133 vos
1672 2103 1919 2133 sententialiter
1943 2103 2120 2137 declarari,
2145 2106 2175 2132 et
2196 2103 2322 2132 dictum
2342 2102 2401 2133 Pe-

1390 2169 1404 2188 »
1425 2162 1513 2189 trum
1539 2157 1658 2188 Bonini
1683 2159 1851 2195 quatenus
1874 2156 1914 2186 de
1943 2156 2028 2186 sacto
2055 2156 2266 2194 possessioni
2291 2155 2402 2194 ipsius

1390 2221 1404 2239 1)
1425 2211 1565 2241 ecclesie
1592 2208 1766 2243 ini-ambit,
1793 2208 1833 2238 ab
1862 2209 1935 2246 ipsa
1959 2208 2101 2238 ecclesia
2127 2210 2157 2237 et
2185 2207 2403 2246 possessione

1389 2275 1403 2294 »
1425 2264 1483 2294 illa
1504 2263 1637 2302 penitus
1664 2261 1824 2296 amoveri,
1850 2270 1886 2291 ac
1911 2270 1985 2291 euni
2013 2264 2045 2291 ut
2069 2261 2193 2291 dictam
2220 2261 2398 2291 ecclesiam

1388 2328 1403 2347 »
1424 2317 1489 2356 ipsi
1508 2317 1608 2346 Petro
1625 2315 1718 2346 Iterii
1734 2314 1883 2344 dimittat
1899 2317 1931 2344 et
1950 2314 2118 2351 restituat,
2138 2323 2214 2344 cum
2233 2313 2398 2344 fructibus

1388 2380 1403 2398 »
1426 2370 1501 2400 inde
1520 2369 1688 2408 perceptis
1709 2368 1761 2398 vel
1783 2376 1899 2398 eorum
1920 2367 2146 2404 estimatione,
2166 2375 2230 2406 que
2249 2367 2402 2398 ascendit

1388 2434 1403 2452 »
1424 2431 1530 2462 usque
1556 2423 1595 2452 ad
1624 2421 1800 2460 sexaginta
1830 2420 1935 2450 libras
1961 2423 2085 2456 turon„
2112 2429 2171 2459 per
2196 2420 2399 2450 sententiam

1388 2487 1403 2505 »
1424 2475 1676 2515 condempnari,
1700 2476 1733 2505 et
1760 2474 1869 2505 eidem
1888 2474 1987 2504 Petro
2009 2474 2130 2504 Bonini
2149 2482 2251 2512 super
2271 2482 2309 2503 ea
2326 2481 2402 2512 per-

1388 2540 1402 2560 »
1423 2531 1561 2569 petuam
1578 2528 1752 2559 silentium
1770 2527 1912 2566 imponi,
1925 2535 2000 2557 cum
2018 2527 2214 2566 nullumJus
2231 2525 2351 2557 habeat
2368 2526 2403 2556 in

1388 2594 1402 2613 »
1421 2584 1549 2614 eadem.
1568 2583 1608 2613 Et
1625 2582 1686 2612 1106
1701 2581 1783 2620 petit
1800 2589 1876 2611 cuni
1893 2580 2050 2619 dampnis
2067 2582 2097 2610 et
2115 2580 2275 2619 expensis
2292 2579 2400 2619 legiti-

1388 2648 1402 2666 »
1421 2637 1498 2673 mis,
1518 2644 1582 2675 que
1601 2637 1633 2666 et
1652 2644 1736 2674 quas
1759 2635 1901 2665 extimat
1925 2633 1966 2663 ad
1987 2633 2135 2664 valorem
2153 2633 2400 2672 quinquaginta

1388 2690 1587 2720 »librarum
1617 2691 1742 2723 turon..
1768 2690 1799 2718 et
1824 2688 2031 2726 protestatur
2059 2687 2191 2717 futuras
2219 2694 2399 2725 expensas,

1388 2755 1402 2773 »
1421 2744 1516 2774 salvo
1530 2743 1617 2782 jure,
1637 2744 1699 2772 etc.
1723 2752 1737 2770 1)

1426 2808 1440 2826 a
1460 2797 1533 2827 Lite
1551 2796 1663 2834 itaque
1682 2803 1784 2833 super
1802 2793 1891 2823 dicto
1909 2792 2025 2823 libello
2049 2801 2109 2832 per
2124 2792 2259 2823 Heliam
2278 2793 2400 2823 Forne-

1386 2851 1441 2885 rii,
1462 2851 1712 2889 procuratorem
1728 2848 1808 2878 dicti
1828 2847 1918 2877 Petri
1937 2846 2057 2876 Bonini
2074 2845 2224 2885 legitime
2239 2845 2400 2876 constitu·

1384 2906 1469 2939 tum,
1486 2911 1598 2933 coram
1615 2901 1723 2937 nobis,
1741 2900 1923 2940 injiidicio.
1937 2899 2071 2930 nomine
2084 2901 2324 2937 procuratoris,
2338 2907 2398 2938 pro

1387 2957 1504 2988 eodem
1517 2956 1668 2995 legitime
1685 2955 1883 2989 contestata,
1902 2962 1937 2983 ac
1951 2962 1968 2983 a
1982 2952 2136 2991 partibus
2150 2952 2190 2983 de
2206 2952 2399 2991 calumpnia
