2547 3289
204 254 263 281 314

203 333 428 365 subtrahatur,
449 341 509 361 nos
528 331 650 361 vestris
676 329 807 359 devotis
830 326 1136 366 supplicationibus
1157 334 1213 355 an-

205 389 355 421 nuentes,
388 387 434 417 ut,
465 385 553 413 veris
584 381 812 413 existentibus
840 380 1057 418 supradictis,
1084 388 1143 408 vos
1162 378 1213 407 vel

205 439 309 478 aliqui
328 440 487 469 vestrum,
504 436 664 474 quamdiu
681 434 904 464 indevotione
920 432 1104 471 apostolice
1123 431 1215 461 sedis

206 491 411 522 manseritis.
429 490 557 519 eisdem
575 487 806 526 proditoribus
824 494 860 516 ac
879 486 951 515 suis
966 485 1147 515 heredibus
1163 484 1216 514 vel

206 544 355 582 ipsorum
381 542 481 571 alicui
502 542 620 571 domos
636 541 728 579 ipsas
747 540 883 570 reticere
904 539 954 568 vel
972 539 1129 576 dampna,
1153 545 1216 576 que

206 598 342 635 propter
366 594 620 625 demolitionem
652 594 787 623 illarum
822 601 857 622 se
889 592 1072 621 incurrisse
1101 599 1217 629 propo-

206 651 301 685 nunt,
314 649 491 679 restituere
505 648 645 678 minime
658 647 852 682 teneamini,
865 645 1080 676 universitati
1093 646 1216 680 vestre,

205 703 404 734 auctoritate
422 701 630 740 presentium
649 700 876 739 indulgemus.
897 699 990 729 Nulli
1008 707 1085 737 ergo
1104 699 1218 727 nostre

205 754 446 788 concessionis,
466 756 528 785 etc.
551 755 673 784 Datum
692 753 780 792 apud
801 752 1090 785 Urbemveterem,
1111 761 1126 779 v
1143 751 1218 780 idus

202 809 303 847 junii,
320 817 407 838 anno
427 808 500 837 111⁰.
522 818 536 837 »

799 993 923 1024 Orvieto,
943 994 977 1021 26
993 993 1050 1020 mai
1069 994 1146 1020 1204.

294 998 366 1029 654

240 1080 379 1115 Episcopo
397 1078 580 1106 Atrebatensi
605 1080 723 1105 mandat
744 1078 881 1105 informet
898 1078 932 1104 de
954 1077 1031 1105 falsis
1053 1080 1217 1104 sanctorum

205 1129 328 1156 Richerii
346 1131 374 1156 et
390 1128 507 1163 Vigoris
530 1128 668 1162 reliquiis,
691 1128 726 1154 ab
754 1127 940 1154 universitate
958 1126 1106 1154 hominum
1133 1126 1217 1152 villae

204 1187 227 1205 s.
242 1179 366 1205 Richerii
389 1177 558 1204 solemniter
579 1177 712 1204 ostensis.
734 1177 813 1211 (jum.
838 1178 882 1207 2⁸,
905 1176 953 1203 sol.
972 1178 1006 1203 (36
1027 1180 1065 1202 v⁰.
1084 1184 1151 1202 aun.
1172 1175 1216 1208 Ill,

204 1233 234 1253 n⁰
247 1228 323 1261 2:30.)

245 1348 258 1366 «
282 1360 287 1366 .
309 1361 313 1366 .
337 1337 479 1376 episcopo
497 1335 702 1365 atrebatensi.
727 1336 776 1366 Ne
806 1335 994 1374 glorientur
1013 1334 1147 1373 reprobi
1169 1352 1216 1363 -—.

203 1389 481 1429 Signiticantibus
512 1388 680 1427 siquidem
712 1388 846 1418 dilectis
874 1387 955 1417 tiliis
983 1413 988 1417 .
1011 1412 1016 1417 .
1043 1387 1161 1417 abbate
1187 1388 1218 1417 et

203 1444 368 1473 conventu
402 1441 601 1471 monasterii
627 1441 733 1471 sancti
765 1440 912 1471 Richerii
941 1440 973 1470 111
1004 1441 1159 1476 Pontivo,
1178 1440 1219 1469 ad

203 1495 391 1526 Romanam
409 1495 587 1525 ecclesian]
606 1494 698 1524 nullo
722 1494 832 1523 medio
852 1493 1065 1532 pertinentis,
1088 1493 1218 1523 ordinis

203 1549 309 1578 sancti
343 1548 528 1584 Benedicti,
558 1547 800 1577 Ambianensis
828 1547 986 1582 diocesis,
1014 1556 1089 1577 cum
1112 1547 1218 1577 multo

203 1601 318 1632 dolore
336 1602 447 1631 cordis
464 1601 658 1631 audivimus
684 1603 715 1631 et
731 1609 919 1637 narramus,
940 1601 1039 1639 quod,
1059 1609 1135 1630 cum
1152 1600 1217 1639 ipsi

203 1655 242 1685 de
271 1654 409 1693 antiqua
435 1656 467 1684 et
501 1653 687 1692 approbata
712 1654 957 1684 consuetudine
989 1663 1026 1683 ac
1056 1653 1217 1684 hactenus

203 1708 339 1747 pacifice
361 1707 549 1741 observata,
575 1716 716 1746 corpora
733 1709 927 1737 sanctorum
948 1707 1097 1738 Richerii
1117 1708 1148 1737 et
1163 1707 1220 1736 Yi-

203 1761 294 1800 goris
320 1761 353 1791 in
380 1760 511 1791 duabus
531 1761 654 1799 capsis,
676 1770 712 1791 ac
736 1761 835 1799 caput
863 1762 895 1790 et
915 1760 1090 1790 brachium
1109 1760 1219 1799 ipsius

203 1814 310 1844 sancti
329 1814 465 1853 vigoris
487 1823 550 1852 que
574 1814 608 1844 in
628 1814 833 1844 monasterio
852 1813 1017 1844 habentur
1035 1814 1164 1849 eodem,
1186 1813 1219 1843 in

203 1867 336 1898 duobus
369 1868 459 1897 vasis
495 1868 663 1906 argenteis
694 1876 753 1906 per
784 1867 901 1897 villam
934 1868 1041 1897 sancti
1071 1867 1219 1898 Richerii

205 1921 514 1959 processionaliter,
538 1920 636 1950 annis
663 1920 821 1959 singulis,
849 1920 995 1950 secunda
1030 1920 1113 1950 feria
1145 1921 1219 1959 post

206 1973 441 2005 Pentecosten,
462 1974 585 2003 t'aciant
602 1973 784 2011 deportari,
807 1983 843 2003 ac
860 1975 936 2012 post.
953 1973 1220 2012 deportationem

204 2027 397 2065 hujusmodi
422 2027 510 2056 dicta
533 2036 674 2065 corpora
697 2028 797 2065 caput
814 2028 845 2056 et
866 2026 1053 2061 brachium,
1079 2027 1220 2056 circum-

205 2079 314 2110 cincta
339 2080 461 2118 pannis
487 2080 659 2109 deauratis
683 2082 714 2109 et
741 2079 895 2114 cortinis,
916 2080 949 2109 in
978 2079 1121 2109 ecclesia
1140 2080 1219 2109 dicti

205 2132 404 2163 monasterii
430 2141 488 2171 per
507 2134 618 2162 certos
637 2132 710 2162 dies
738 2133 770 2161 in
793 2132 1052 2162 honoriticentia
1075 2134 1107 2162 et
1131 2141 1221 2163 reve-

206 2185 314 2215 rentia
348 2185 473 2215 debitis
507 2186 768 2223 conserventur,
803 2186 1009 2216 universitas
1044 2185 1221 2215 hominum
1251 2202 1253 2207 ›

1251 2265 1253 2275 ,
1282 2238 1470 2277 plenariam
1488 2238 1753 2268 satisfactionem
1774 2237 1983 2275 impendant,
2005 2238 2036 2266 et
2056 2236 2142 2265 alias
2162 2235 2299 2265 humili-

207 2292 271 2330 que
290 2294 441 2330 ipsorum
460 2293 592 2322 mentes
615 2291 880 2330 dampnabiliter
908 2291 1117 2330 presumitur
1140 2291 1222 2321 infe·
1251 2290 1253 2307 '³

206 2238 293 2269 dicte
324 2239 415 2275 ville,
445 2239 485 2268 ad
513 2242 640 2269 certum
668 2239 829 2269 indicium
860 2239 1037 2277 pravitatis
1062 2239 1219 2275 heretice,

206 2345 306 2378 cisse,
338 2345 507 2384 quandam
528 2354 664 2384 capsam
688 2347 933 2383 exprimentem
958 2344 1220 2374 similitudinem

206 2407 305 2436 capse
324 2398 357 2428 in
383 2407 449 2437 qua
465 2398 653 2437 predictum
670 2407 792 2437 corpus
813 2398 920 2428 sancti
940 2398 1089 2429 Richerii
1107 2399 1157 2428 est
1174 2407 1222 2428 re-

207 2452 391 2489 conditum,
423 2452 455 2482 et
484 2452 652 2491 quoddam
674 2451 850 2482 brachium
879 2452 1029 2490 ligneum
1053 2452 1221 2482 mentiens

206 2503 380 2534 brachium
412 2505 656 2543 supradict-um,
687 2514 705 2535 a
736 2504 940 2543 quibusdam
969 2505 1066 2535 laicis
1094 2505 1221 2535 indutis

206 2557 474 2596 superpelliceis,
493 2558 643 2596 predicta
674 2557 767 2594 seria,
790 2558 888 2596 quasi
910 2558 1218 2596 processionaliter,

206 2619 293 2649 aqua
316 2619 374 2649 per
403 2620 460 2641 cos
488 2610 664 2641 benedicta
695 2611 776 2650 quin
804 2611 917 2649 potius
945 2611 1135 2648 maledicta,
1162 2620 1221 2650 per

206 2663 328 2693 dictam
360 2664 475 2693 villam
505 2664 629 2694 deferri
659 2663 814 2702 nequiter
842 2666 1064 2703 procurarunt
1088 2667 1119 2695 et
1144 2667 1220 2695 ante

206 2716 330 2746 dictam
359 2726 492 2755 capsam
524 2717 711 2755 depositam
739 2717 771 2747 in
802 2720 892 2748 certo
915 2717 987 2747 loco
1012 2718 1097 2748 dicte
1127 2718 1218 2754 ville,
1250 2707 1251 2718 ¹

205 2877 268 2912 tes,
296 2876 525 2905 exclamarunt
545 2888 549 2906 ;
573 2888 585 2903 ιι
614 2886 717 2907 senex
740 2879 853 2907 sancte
874 2877 1020 2914 llicheri,
1042 2887 1106 2908 11011
1130 2880 1219 2908 tran-

206 2928 291 2958 sibis
325 2929 424 2962 ultra,
455 2929 558 2959 donec
591 2929 650 2959 hos
677 2930 910 2960 discordantes
934 2931 974 2960 ad
1005 2931 1218 2962 concordiam

966 244 1152 275 REfflS'rn
1162 243 1209 273 Es
1228 242 1443 272 D'URBAIN
1470 242 1525 271 IV.

1275 323 1465 354 revocabis!
1487 334 1499 349 »
1525 325 1555 353 et
1574 325 1648 361 post
1665 323 1848 352 clamorem
1866 322 2071 361 hujusmodi,
2091 323 2191 353 dictis
2208 324 2290 353 duo·

1276 377 1338 406 bus
1358 377 1389 406 in
1407 376 1541 415 signmn
1558 376 1650 414 pacis
1668 376 1754 406 inter
1770 384 1827 405 eos
1846 375 2026 405 reformate
2045 384 2119 405 sese
2137 384 2155 405 0
2178 376 2292 406 eulan-

1276 429 1378 465 tibus,
1391 429 1549 459 dixerunt
1573 429 1639 467 ipsi
1657 438 1694 459 ac
1713 429 1771 458 alii
1792 430 1954 464 astantes,
1968 429 2056 466 quod
2077 428 2111 458 in
2130 428 2291 458 reforma-

1276 483 1365 512 tione
1377 483 1470 521 pacis
1482 482 1617 512 illorum
1634 483 1738 511 tuerat
1751 482 1839 511 dicta
1849 490 1949 520 capsa
1961 481 2081 511 ficticia
2094 481 2295 511 miraculum

1278 538 1426 574 operata,
1441 544 1499 565 nec
1515 535 1582 565 hiis
1594 536 1742 565 contenti
1761 535 1914 564 homines
1926 535 2006 564 ville
2022 535 2183 573 predicte,
2195 543 2296 573 quan-

1278 589 1355 618 dam
1380 598 1533 619 mensam
1561 589 1729 627 erigentes
1751 588 1950 618 detestanda
1970 587 2107 617 vesania
2127 588 2157 617 in
2178 588 2294 623 altare,

1279 642 1441 681 illamque
1471 643 1630 672 ornantes
1656 641 1808 677 cortinis,
1838 641 2023 679 predictam
2051 650 2186 678 capsam
2214 641 2297 670 111111-

1279 695 1373 728 tiam,
1402 694 1577 725 brachium
1604 694 1753 733 ligneum
1783 703 1818 724 ac
1843 702 2008 733 equorum
2035 702 2111 723 ossa
2132 702 2195 732 que
2221 693 2297 723 reli-

1280 748 1378 786 quias
1402 747 1652 778 mentiebantur
1676 749 1883 782 sanctorum,
1907 755 2022 776 mense
2045 748 2298 785 supposuerunt

1280 801 1390 831 eidem
1417 802 1447 831 et
1478 801 1667 831 oblationes
1694 810 1710 830 a
1735 800 1924 839 peregrinis
1954 802 1985 830 et
2015 799 2203 829 viatoribus
2231 808 2297 829 non

1280 856 1358 884 sunt
1382 854 1481 884 veriti
1510 856 1622 892 petere
1653 862 1689 883 ac
1716 854 1877 891 recipere,
1904 852 1966 882 sub
1991 853 2127 882 nomine
2145 852 2298 890 corporis

1280 907 1387 938 sancti
1403 907 1551 938 Richerii
1563 906 1959 946 supradicti,insistendo
1974 908 2050 936 ante
2066 906 2189 936 dictam
2204 914 2298 935 men-

1280 969 1353 991 sam
1372 962 1524 991 ornatam
1552 961 1683 1000 magnis
1704 959 1944 996 luminaribus,
1974 958 2106 989 duabus
2128 958 2297 995 noctibus,

1279 1014 1420 1053 vigiliis,
1452 1014 1583 1044 choreis
1614 1016 1645 1044 et
1672 1013 1750 1043 aliis
1783 1013 1984 1048 inhonestis,
2015 1014 2046 1042 et
2071 1021 2130 1051 per
2154 1011 2298 1042 biduum

1280 1067 1382 1098 etiam
1410 1067 1604 1106 hujusmodi
1631 1066 1849 1097 contumeliis
1874 1067 2090 1102 vacaverunt,
2113 1089 2118 1094 .
2139 1091 2144 1096 .
2171 1065 2298 1104 majore

1280 1122 1312 1150 et
1331 1120 1479 1151 scabinis
1498 1120 1584 1150 dicte
1601 1120 1680 1150 ville
1703 1119 1931 1158 presentibus,
1952 1118 2245 1149 consentientibus
2267 1120 2299 1148 et

1280 1173 1399 1204 adhoc
1427 1173 1586 1203 dantibus
1610 1173 1804 1209 consilium,
1835 1172 2003 1202 auxilium
2029 1174 2061 1202 et
2083 1172 2243 1206 savorem,
2266 1171 2299 1200 in

1279 1235 1380 1266 grave
1400 1227 1462 1257 Dei
1482 1228 1513 1256 et
1531 1228 1726 1256 sanctorum
1746 1225 1974 1264 predictorum
1994 1225 2249 1258 contumeliam,
2268 1225 2299 1254 et

1248 1312 1249 1318 ¹
1280 1280 1313 1310 in
1339 1280 1521 1310 eorundem
1541 1278 1674 1309 abbatis
1694 1281 1725 1309 et
1744 1280 1930 1308 conventus
1951 1277 2170 1316 obprobrium
2196 1279 2227 1308 et
2246 1276 2301 1307 ho-

1248 1324 1249 1329 *
1280 1333 1423 1363 nestatis
1440 1332 1669 1363 ecclesiastice
1683 1332 1937 1362 detrimentum.
1955 1332 2096 1367 Verum,
2108 1340 2183 1360 cum
2197 1339 2300 1369 super

1279 1386 1473 1426 hujusmodi
1498 1386 1733 1424 perversitatis
1758 1394 1912 1421 excessu,
1933 1384 2029 1414 illius
2053 1384 2236 1423 discipline
2255 1384 2300 1414 sit

1280 1439 1467 1470 exercenda
1484 1439 1661 1475 severitas,
1680 1448 1740 1478 per
1756 1447 1858 1477 quam
1877 1440 1909 1468 et
1928 1438 2017 1468 cauti
2044 1438 2125 1468 fiant
2149 1437 2299 1467 humiles

1280 1494 1312 1523 et
1331 1493 1517 1532 deliquisse
1542 1492 1690 1532 peniteat
1714 1492 1924 1530 pestilentes,
1948 1491 2065 1530 sicque
2090 1491 2222 1521 devotis
2245 1490 2301 1520 det

1281 1546 1446 1576 solacium
1469 1546 1558 1584 quod
1587 1545 1770 1576 vindictam
1794 1544 1940 1574 viderint
1962 1545 2155 1582 impiorum,
2178 1544 2299 1574 frater-

1281 1600 1378 1630 nitati
1397 1601 1452 1629 tue
1471 1599 1671 1629 mandamus
1689 1599 1861 1637 quatinus,
1881 1598 1909 1627 si
1927 1597 1989 1628 tibi
2005 1598 2045 1628 de
2062 1597 2163 1636 plano
2178 1599 2210 1627 et
2227 1597 2299 1627 sine

1281 1653 1425 1691 strepitu
1453 1652 1572 1691 judicii
1602 1652 1794 1683 constiterit
1817 1652 1856 1681 de
1882 1651 2058 1690 predictis,
2084 1652 2153 1680 tam
2182 1658 2298 1689 supra-

1281 1706 1389 1737 dictos
1408 1705 1570 1745 reprobos
1597 1707 1626 1735 et
1655 1706 1801 1744 iniquos,
1830 1705 1888 1743 qui
1915 1706 2046 1734 actores
2072 1706 2142 1734 tam
2169 1703 2298 1734 horridi

1282 1760 1422 1790 sceleris
1446 1760 1644 1792 extiterunt,
1664 1768 1764 1798 quam
1785 1767 1842 1788 eos
1860 1758 1916 1797 qui
1934 1757 2193 1796 superpelliceis
2214 1757 2301 1796 ipsis

1281 1813 1406 1848 induti,
1434 1813 1620 1851 predictam
1648 1821 1785 1850 capsam
1815 1811 1969 1841 fictitiam
1995 1813 2025 1840 et
2057 1810 2233 1840 brachium
2261 1810 2300 1840 li-

1281 1875 1403 1906 gneum
1426 1866 1540 1896 taliter
1566 1866 1709 1899 deterre,
1734 1874 1770 1895 ac
1788 1865 1867 1895 illos
1892 1865 1949 1903 qui
1972 1864 2203 1902 predictorum
2224 1871 2302 1893 ossa

1282 1928 1447 1958 equorum
1473 1919 1641 1949 nominate
1665 1927 1780 1948 mense
1806 1918 1980 1956 imponere
2004 1917 2301 1956 presumpserunt,

1282 1974 1312 2002 et
1340 1972 1447 2002 dictos
1478 1972 1641 2011 111-(11010111
1671 1973 1701 2001 et
1739 1970 1897 2000 scabinos
1930 1971 2006 2009 11111,
2043 1979 2119 1999 cuni
2148 1971 2300 2008 possent,

1282 2034 1348 2055 11011
1371 2027 1542 2061 curarunt,
1571 2027 1669 2063 prout
1694 2025 1734 2054 ad
1760 2033 1818 2054 eos
1839 2024 1998 2062 pertinet,
2024 2025 2091 2053 tam
2117 2023 2299 2053 manifesto

1284 2078 1423 2108 facinori
1439 2078 1588 2112 obviare,
1605 2080 1636 2108 et
1652 2078 1760 2107 dictos
1773 2078 1858 2107 duos
1874 2077 2029 2107 homines
2044 2086 2080 2106 ac
2094 2076 2182 2105 alios
2199 2076 2302 2106 etiam

1282 2140 1367 2170 quos
1399 2131 1591 2170 1111j113111‹;›di
1623 2131 1762 2161 sceleris
1795 2130 1967 2160 inveneris
1997 2138 2071 2160 esse
2102 2129 2300 2168 participes,

1283 2186 1371 2223 quod
1390 2185 1490 2215 dictis
1506 2185 1619 2215 abbati
1637 2187 1666 2214 et
1683 2186 1861 2214 conventui
1879 2184 1918 2213 de
1940 2183 2065 2222 injuria
2083 2185 2151 2212 tam
2170 2182 2300 2212 enormi

1282 2293 1333 2321 ter
1349 2292 1569 2330 penitentiam
1587 2291 1681 2321 illam
1702 2291 1923 2329 adimpleant,
1942 2298 2027 2329 quas
2043 2290 2083 2319 de
2103 2289 2297 2328 aliquorum

1282 2346 1521 2384 religiosorum
1541 2347 1569 2375 et
1588 2345 1733 2374 aliorum
1754 2344 1959 2382 prudentum
1984 2343 2135 2373 virorum
2153 2342 2298 2373 consilio

1283 2399 1332 2430 eis
1360 2399 1500 2429 duxeris
1532 2398 1768 2436 imponendaS,
1797 2397 1982 2427 monitione
2014 2396 2216 2436 praeniissa,
2239 2404 2298 2434 per

1282 2461 1459 2483 censuram
1477 2451 1755 2487 ecclesiasticam,
1779 2450 2006 2489 appellatione
2023 2451 2164 2483 remota,
2181 2448 2298 2488 previa

1251 2529 1252 2539 1
1282 2507 1412 2536 ratione
1434 2506 1630 2544 compellas.
1652 2505 1795 2535 Proviso
1819 2513 1859 2534 ne
1883 2504 1917 2534 in
1943 2503 2201 2534 universitatem
2226 2510 2300 2541 pre-

1251 2582 1252 2585 *
1282 2560 1406 2590 dictam
1429 2558 1766 2593 excomunicationis,
1791 2560 1865 2591 etc,
1889 2565 1996 2596 usque
2018 2556 2176 2595 speciale.
2202 2555 2300 2591 Quod

1282 2613 1311 2642 si
1334 2613 1416 2643 t'orte
1433 2613 1465 2642 in
1482 2621 1539 2642 eos
1555 2611 1882 2642 exconmnicationis
1902 2610 2105 2641 sententiam
2128 2608 2208 2639 ferri
2225 2616 2301 2638 con·

1281 2666 1407 2705 tigerit,
1426 2668 1457 2696 et
1476 2666 1541 2704 ipsi
1562 2674 1635 2695 eam
1663 2674 1723 2703 per
1749 2673 1854 2694 uuum
1878 2671 2030 2694 mensem
2055 2663 2167 2693 animo
2195 2661 2301 2692 susti·

1282 2719 1414 2750 nuerint
1453 2719 1627 2754 indurato,
1663 2720 1699 2748 tu
1731 2726 1804 2747 eam
1841 2719 1976 2749 extunc.
2003 2715 2149 2755 singulis
2179 2714 2300 2745 diebus

1250 2762 1251 2785 1
1281 2772 1463 2802 dominicis
1490 2774 1521 2802 et
1550 2771 1695 2807 festivis
1723 2770 1868 2808 pulsatis
1892 2769 2067 2808 campanis
2091 2770 2122 2798 et
2149 2767 2300 2797 candelis

206 2822 430 2867 tingebantur,
443 2823 567 2859 venire,
581 2825 679 2862 prout
693 2832 768 2853 cum
784 2824 833 2854 eis
848 2824 1080 2858 condixerant,
1099 2825 1220 2855 t'acien-
1249 2833 1251 2839 '

1282 2825 1444 2861 arcensis,
1466 2834 1572 2864 usque
1589 2825 1629 2854 ad
1646 2823 1913 2854 satisfactionem
1930 2822 2143 2861 condignam,
2165 2821 2198 2850 in
2214 2820 2298 2850 locis

1282 2879 1316 2909 in
1334 2878 1459 2917 quibus
1477 2878 1604 2908 videris
1623 2877 1795 2915 expedire,
1811 2876 2047 2915 sollempniter
2068 2873 2233 2913 publicari
2254 2873 2297 2903 fa·

1281 2932 1351 2962 cias
1370 2934 1401 2962 et
1423 2932 1501 2962 illos
1523 2930 1562 2961 ab
1585 2929 1744 2960 omnibus
1762 2929 1870 2959 artius
1887 2929 2020 2959 evitari.
2040 2928 2198 2958 lnvocato
2221 2934 2297 2957 con·
