<?xml version="1.0" encoding="UTF-8"?>
<!DOCTYPE html PUBLIC "-//W3C//DTD XHTML 1.0 Transitional//EN"
    "http://www.w3.org/TR/xhtml1/DTD/xhtml1-transitional.dtd">
<html xmlns="http://www.w3.org/1999/xhtml" xml:lang="en" lang="en">
 <head>
  <title>
</title>
<meta http-equiv="Content-Type" content="text/html;charset=utf-8" />
  <meta name='ocr-system' content='tesseract 3.04.00' />
  <meta name='ocr-capabilities' content='ocr_page ocr_carea ocr_par ocr_line ocrx_word'/>
</head>
<body>
  <div class='ocr_page' id='page_1' title='image "./lesregistresdurb12cath/lesregistresdurb12cath_0477.png"; bbox 0 0 2547 3289; ppageno 0'>
   <div class='ocr_carea' id='block_1_1' title="bbox 1055 265 1480 303">
    <p class='ocr_par' dir='ltr' id='par_1_1' title="bbox 1055 265 1480 303">
     <span class='ocr_line' id='line_1_1' title="bbox 1055 265 1480 303; baseline 0.002 -2"><span class='ocrx_word' id='word_1_1' title='bbox 1055 265 1294 303; x_wconf 72' lang='lat' dir='ltr'>TROIsIEME</span> <span class='ocrx_word' id='word_1_2' title='bbox 1318 266 1480 303; x_wconf 69' lang='lat' dir='ltr'>ANNEE.</span> 
     </span>
    </p>
   </div>
   <div class='ocr_carea' id='block_1_2' title="bbox 222 354 1235 656">
    <p class='ocr_par' dir='ltr' id='par_1_2' title="bbox 222 354 1235 656">
     <span class='ocr_line' id='line_1_2' title="bbox 223 354 1232 395; baseline 0 -10"><span class='ocrx_word' id='word_1_3' title='bbox 223 354 354 385; x_wconf 84' lang='lat' dir='ltr'>tutibus</span> <span class='ocrx_word' id='word_1_4' title='bbox 385 355 578 394; x_wconf 80' lang='lat' dir='ltr'>insignitus.</span> <span class='ocrx_word' id='word_1_5' title='bbox 605 356 682 386; x_wconf 82' lang='lat' dir='ltr'>Hiis</span> <span class='ocrx_word' id='word_1_6' title='bbox 709 357 819 395; x_wconf 80' lang='lat' dir='ltr'>itaque</span> <span class='ocrx_word' id='word_1_7' title='bbox 843 356 943 395; x_wconf 70' lang='lat' dir='ltr'>digna</span> <span class='ocrx_word' id='word_1_8' title='bbox 964 357 1232 386; x_wconf 81' lang='lat' dir='ltr'>consideratione</span> 
     </span>
     <span class='ocr_line' id='line_1_3' title="bbox 223 408 1232 447; baseline 0 -9"><span class='ocrx_word' id='word_1_9' title='bbox 223 408 387 446; x_wconf 73' lang='lat' dir='ltr'>pensatis,</span> <span class='ocrx_word' id='word_1_10' title='bbox 408 408 447 437; x_wconf 87' lang='lat' dir='ltr'>de</span> <span class='ocrx_word' id='word_1_11' title='bbox 476 410 504 438; x_wconf 84' lang='lat' dir='ltr'>te</span> <span class='ocrx_word' id='word_1_12' title='bbox 528 410 658 447; x_wconf 78' lang='lat' dir='ltr'>pretate</span> <span class='ocrx_word' id='word_1_13' title='bbox 682 409 900 439; x_wconf 76' lang='lat' dir='ltr'>Macloviensi</span> <span class='ocrx_word' id='word_1_14' title='bbox 928 409 1081 445; x_wconf 63' lang='lat' dir='ltr'>ecclesio,</span> <span class='ocrx_word' id='word_1_15' title='bbox 1105 410 1144 439; x_wconf 82' lang='lat' dir='ltr'>do</span> <span class='ocrx_word' id='word_1_16' title='bbox 1170 410 1232 439; x_wconf 82' lang='lat' dir='ltr'>sra-</span> 
     </span>
     <span class='ocr_line' id='line_1_4' title="bbox 222 461 1231 500; baseline 0.002 -10"><span class='ocrx_word' id='word_1_17' title='bbox 222 461 312 490; x_wconf 88' lang='lat' dir='ltr'>trum</span> <span class='ocrx_word' id='word_1_18' title='bbox 333 463 526 491; x_wconf 90' lang='lat' dir='ltr'>nostrorum</span> <span class='ocrx_word' id='word_1_19' title='bbox 550 463 703 497; x_wconf 78' lang='lat' dir='ltr'>consilio,</span> <span class='ocrx_word' id='word_1_20' title='bbox 732 463 892 492; x_wconf 78' lang='lat' dir='ltr'>duximus</span> <span class='ocrx_word' id='word_1_21' title='bbox 918 463 1174 500; x_wconf 72' lang='lat' dir='ltr'>11¹1&#39;ox·i‹lcmlum,</span> <span class='ocrx_word' id='word_1_22' title='bbox 1200 464 1231 492; x_wconf 85' lang='lat' dir='ltr'>te</span> 
     </span>
     <span class='ocr_line' id='line_1_5' title="bbox 222 513 1231 554; baseline 0.002 -12"><span class='ocrx_word' id='word_1_23' title='bbox 222 513 290 552; x_wconf 89' lang='lat' dir='ltr'>ipsi</span> <span class='ocrx_word' id='word_1_24' title='bbox 307 514 346 544; x_wconf 89' lang='lat' dir='ltr'>de</span> <span class='ocrx_word' id='word_1_25' title='bbox 364 515 572 553; x_wconf 84' lang='lat' dir='ltr'>plenitudine</span> <span class='ocrx_word' id='word_1_26' title='bbox 587 517 766 554; x_wconf 81' lang='lat' dir='ltr'>potestatis</span> <span class='ocrx_word' id='word_1_27' title='bbox 783 516 966 554; x_wconf 77' lang='lat' dir='ltr'>apostolice</span> <span class='ocrx_word' id='word_1_28' title='bbox 984 516 1017 545; x_wconf 89' lang='lat' dir='ltr'>in</span> <span class='ocrx_word' id='word_1_29' title='bbox 1035 516 1231 554; x_wconf 80' lang='lat' dir='ltr'>episcopum</span> 
     </span>
     <span class='ocr_line' id='line_1_6' title="bbox 223 567 1233 607; baseline 0.002 -11"><span class='ocrx_word' id='word_1_30' title='bbox 223 567 427 605; x_wconf 77' lang='lat' dir='ltr'><strong>prefecimus</strong></span> <span class='ocrx_word' id='word_1_31' title='bbox 444 570 474 598; x_wconf 88' lang='lat' dir='ltr'>et</span> <span class='ocrx_word' id='word_1_32' title='bbox 492 570 675 607; x_wconf 77' lang='lat' dir='ltr'>pastorem,</span> <span class='ocrx_word' id='word_1_33' title='bbox 695 579 731 598; x_wconf 76' lang='lat' dir='ltr'>a(-</span> <span class='ocrx_word' id='word_1_34' title='bbox 749 571 924 607; x_wconf 78' lang='lat' dir='ltr'>sperantes</span> <span class='ocrx_word' id='word_1_35' title='bbox 940 587 987 598; x_wconf 96' lang='lat'>—.</span> <span class='ocrx_word' id='word_1_36' title='bbox 1004 570 1128 598; x_wconf 85' lang='lat' dir='ltr'>Datum</span> <span class='ocrx_word' id='word_1_37' title='bbox 1146 569 1233 606; x_wconf 87' lang='lat' dir='ltr'>apud</span> 
     </span>
     <span class='ocr_line' id='line_1_7' title="bbox 225 620 1235 656; baseline -0.001 -6"><span class='ocrx_word' id='word_1_38' title='bbox 225 620 513 656; x_wconf 83' lang='lat' dir='ltr'>Urbemveterem,</span> <span class='ocrx_word' id='word_1_39' title='bbox 531 631 573 651; x_wconf 83' lang='lat' dir='ltr'>xv</span> <span class='ocrx_word' id='word_1_40' title='bbox 590 622 752 651; x_wconf 84' lang='lat' dir='ltr'>kalendas</span> <span class='ocrx_word' id='word_1_41' title='bbox 770 622 974 656; x_wconf 66' lang='lat' dir='ltr'>novfflnbris,</span> <span class='ocrx_word' id='word_1_42' title='bbox 990 630 1076 651; x_wconf 79' lang='lat' dir='ltr'>anno</span> <span class='ocrx_word' id='word_1_43' title='bbox 1096 622 1207 651; x_wconf 82' lang='lat' dir='ltr'>tertio.</span> <span class='ocrx_word' id='word_1_44' title='bbox 1222 634 1235 649; x_wconf 69' lang='grc'>1»</span> 
     </span>
    </p>
   </div>
   <div class='ocr_carea' id='block_1_3' title="bbox 226 731 1236 974">
    <p class='ocr_par' dir='ltr' id='par_1_3' title="bbox 265 731 1096 771">
     <span class='ocr_line' id='line_1_8' title="bbox 265 731 1096 771; baseline 0.004 -11"><span class='ocrx_word' id='word_1_45' title='bbox 265 731 303 760; x_wconf 88' lang='lat' dir='ltr'>In</span> <span class='ocrx_word' id='word_1_46' title='bbox 321 740 348 761; x_wconf 92' lang='lat' dir='ltr'>e.</span> <span class='ocrx_word' id='word_1_47' title='bbox 372 740 441 762; x_wconf 92' lang='lat' dir='ltr'>m...</span> <span class='ocrx_word' id='word_1_48' title='bbox 462 732 568 770; x_wconf 83' lang='lat' dir='ltr'>priori</span> <span class='ocrx_word' id='word_1_49' title='bbox 586 734 617 762; x_wconf 89' lang='lat' dir='ltr'>et</span> <span class='ocrx_word' id='word_1_50' title='bbox 634 733 781 771; x_wconf 85' lang='lat' dir='ltr'>capitulo</span> <span class='ocrx_word' id='word_1_51' title='bbox 799 733 1096 763; x_wconf 77' lang='lat' dir='ltr'>Macloviensibus.</span> 
     </span>
    </p>

    <p class='ocr_par' dir='ltr' id='par_1_4' title="bbox 226 784 1236 868">
     <span class='ocr_line' id='line_1_9' title="bbox 266 784 1236 816; baseline 0.003 -3"><span class='ocrx_word' id='word_1_52' title='bbox 266 784 302 813; x_wconf 88' lang='lat' dir='ltr'>[n</span> <span class='ocrx_word' id='word_1_53' title='bbox 322 793 350 814; x_wconf 91' lang='lat' dir='ltr'>e.</span> <span class='ocrx_word' id='word_1_54' title='bbox 370 794 413 814; x_wconf 90' lang='lat' dir='ltr'>m.</span> <span class='ocrx_word' id='word_1_55' title='bbox 437 785 682 815; x_wconf 81' lang='lat' dir='ltr'>archidiaconis</span> <span class='ocrx_word' id='word_1_56' title='bbox 705 788 737 816; x_wconf 90' lang='lat' dir='ltr'>et</span> <span class='ocrx_word' id='word_1_57' title='bbox 760 786 848 816; x_wconf 72' lang='lat' dir='ltr'>clero</span> <span class='ocrx_word' id='word_1_58' title='bbox 871 786 1070 816; x_wconf 60' lang='lat' dir='ltr'>civitatis‘et</span> <span class='ocrx_word' id='word_1_59' title='bbox 1091 787 1236 816; x_wconf 87' lang='lat' dir='ltr'>diocesis</span> 
     </span>
     <span class='ocr_line' id='line_1_10' title="bbox 226 837 476 868; baseline 0.004 -2"><span class='ocrx_word' id='word_1_60' title='bbox 226 837 476 868; x_wconf 62' lang='lat' dir='ltr'>Mac-loviensis.</span> 
     </span>
    </p>

    <p class='ocr_par' dir='ltr' id='par_1_5' title="bbox 264 890 805 928">
     <span class='ocr_line' id='line_1_11' title="bbox 264 890 805 928; baseline 0.002 -9"><span class='ocrx_word' id='word_1_61' title='bbox 264 890 302 919; x_wconf 91' lang='lat' dir='ltr'>In</span> <span class='ocrx_word' id='word_1_62' title='bbox 320 899 348 919; x_wconf 89' lang='lat' dir='ltr'>e.</span> <span class='ocrx_word' id='word_1_63' title='bbox 368 899 412 920; x_wconf 92' lang='grc'><strong>111.</strong></span> <span class='ocrx_word' id='word_1_64' title='bbox 431 890 555 928; x_wconf 86' lang='lat' dir='ltr'>populo</span> <span class='ocrx_word' id='word_1_65' title='bbox 574 891 805 921; x_wconf 77' lang='lat' dir='ltr'>Macloviensi.</span> 
     </span>
    </p>

    <p class='ocr_par' dir='ltr' id='par_1_6' title="bbox 265 943 1014 974">
     <span class='ocr_line' id='line_1_12' title="bbox 265 943 1014 974; baseline 0.003 -2"><span class='ocrx_word' id='word_1_66' title='bbox 265 943 303 972; x_wconf 88' lang='lat' dir='ltr'>In</span> <span class='ocrx_word' id='word_1_67' title='bbox 320 952 347 972; x_wconf 77' lang='lat' dir='ltr'>e.</span> <span class='ocrx_word' id='word_1_68' title='bbox 368 951 411 972; x_wconf 87' lang='lat' dir='ltr'>m.</span> <span class='ocrx_word' id='word_1_69' title='bbox 431 943 589 973; x_wconf 81' lang='lat' dir='ltr'>vassallis</span> <span class='ocrx_word' id='word_1_70' title='bbox 608 944 749 974; x_wconf 77' lang='lat' dir='ltr'>ecclesie</span> <span class='ocrx_word' id='word_1_71' title='bbox 767 944 1014 974; x_wconf 53' lang='lat' dir='ltr'>Macltwiensis.</span> 
     </span>
    </p>
   </div>
   <div class='ocr_carea' id='block_1_4' title="bbox 767 1051 1168 1081">
    <p class='ocr_par' dir='ltr' id='par_1_7' title="bbox 767 1051 1168 1081">
     <span class='ocr_line' id='line_1_13' title="bbox 767 1051 1168 1081; baseline 0.002 -4"><span class='ocrx_word' id='word_1_72' title='bbox 767 1051 891 1081; x_wconf 82' lang='lat' dir='ltr'>Orvieto,</span> <span class='ocrx_word' id='word_1_73' title='bbox 910 1054 943 1078; x_wconf 69' lang='lat'>:30</span> <span class='ocrx_word' id='word_1_74' title='bbox 957 1052 1072 1078; x_wconf 80' lang='lat' dir='ltr'>octobre</span> <span class='ocrx_word' id='word_1_75' title='bbox 1092 1053 1168 1079; x_wconf 68' lang='lat'>1203.</span> 
     </span>
    </p>
   </div>
   <div class='ocr_carea' id='block_1_5' title="bbox 186 1122 1247 2332">
    <p class='ocr_par' dir='ltr' id='par_1_8' title="bbox 186 1122 1243 1692">
     <span class='ocr_line' id='line_1_14' title="bbox 266 1122 1240 1157; baseline 0 -5"><span class='ocrx_word' id='word_1_76' title='bbox 266 1123 302 1152; x_wconf 94' lang='lat' dir='ltr'>In</span> <span class='ocrx_word' id='word_1_77' title='bbox 324 1131 341 1152; x_wconf 90' lang='lat' dir='ltr'>e</span> <span class='ocrx_word' id='word_1_78' title='bbox 365 1131 408 1152; x_wconf 87' lang='lat' dir='ltr'>m.</span> <span class='ocrx_word' id='word_1_79' title='bbox 428 1122 533 1152; x_wconf 88' lang='lat' dir='ltr'>nobili</span> <span class='ocrx_word' id='word_1_80' title='bbox 553 1123 664 1157; x_wconf 81' lang='lat' dir='ltr'>viro..,</span> <span class='ocrx_word' id='word_1_81' title='bbox 687 1123 801 1152; x_wconf 89' lang='lat' dir='ltr'>comiti</span> <span class='ocrx_word' id='word_1_82' title='bbox 821 1123 1005 1153; x_wconf 80' lang='lat' dir='ltr'>Britannie.</span> <span class='ocrx_word' id='word_1_83' title='bbox 1030 1123 1066 1152; x_wconf 90' lang='lat' dir='ltr'>In</span> <span class='ocrx_word' id='word_1_84' title='bbox 1089 1123 1240 1152; x_wconf 79' lang='lat' dir='ltr'>humeris</span> 
     </span>
     <span class='ocr_line' id='line_1_15' title="bbox 226 1175 1239 1214; baseline -0.001 -8"><span class='ocrx_word' id='word_1_85' title='bbox 226 1177 288 1206; x_wconf 90' lang='lat' dir='ltr'>etc.</span> <span class='ocrx_word' id='word_1_86' title='bbox 320 1184 426 1214; x_wconf 85' lang='lat' dir='ltr'>usque</span> <span class='ocrx_word' id='word_1_87' title='bbox 456 1176 675 1206; x_wconf 88' lang='lat' dir='ltr'>incrementa.</span> <span class='ocrx_word' id='word_1_88' title='bbox 710 1176 884 1212; x_wconf 82' lang='lat' dir='ltr'>Quocirca,</span> <span class='ocrx_word' id='word_1_89' title='bbox 909 1175 1122 1206; x_wconf 76' lang='lat' dir='ltr'>nobilitatem</span> <span class='ocrx_word' id='word_1_90' title='bbox 1146 1177 1239 1206; x_wconf 87' lang='lat' dir='ltr'>tuam</span> 
     </span>
     <span class='ocr_line' id='line_1_16' title="bbox 186 1228 1239 1268; baseline 0.001 -10"><span class='ocrx_word' id='word_1_91' title='bbox 186 1238 188 1241; x_wconf 91' lang='lat'>·</span> <span class='ocrx_word' id='word_1_92' title='bbox 226 1237 384 1267; x_wconf 81' lang='lat' dir='ltr'>rogamus</span> <span class='ocrx_word' id='word_1_93' title='bbox 397 1231 427 1259; x_wconf 89' lang='lat' dir='ltr'>et</span> <span class='ocrx_word' id='word_1_94' title='bbox 439 1228 612 1259; x_wconf 83' lang='lat' dir='ltr'>hortamur</span> <span class='ocrx_word' id='word_1_95' title='bbox 626 1231 751 1259; x_wconf 86' lang='lat' dir='ltr'>attente</span> <span class='ocrx_word' id='word_1_96' title='bbox 765 1230 926 1268; x_wconf 79' lang='lat' dir='ltr'>quatinus</span> <span class='ocrx_word' id='word_1_97' title='bbox 941 1230 1083 1259; x_wconf 86' lang='lat' dir='ltr'>eundem</span> <span class='ocrx_word' id='word_1_98' title='bbox 1098 1229 1239 1259; x_wconf 87' lang='lat' dir='ltr'>electum</span> 
     </span>
     <span class='ocr_line' id='line_1_17' title="bbox 227 1281 1242 1320; baseline -0.001 -8"><span class='ocrx_word' id='word_1_99' title='bbox 227 1283 260 1312; x_wconf 83' lang='lat' dir='ltr'>et</span> <span class='ocrx_word' id='word_1_100' title='bbox 288 1282 465 1311; x_wconf 88' lang='lat' dir='ltr'>ecclesiam</span> <span class='ocrx_word' id='word_1_101' title='bbox 496 1281 561 1311; x_wconf 92' lang='lat' dir='ltr'>sibi</span> <span class='ocrx_word' id='word_1_102' title='bbox 591 1283 821 1316; x_wconf 80' lang='lat' dir='ltr'>commissam,</span> <span class='ocrx_word' id='word_1_103' title='bbox 841 1291 900 1320; x_wconf 89' lang='lat' dir='ltr'>pro</span> <span class='ocrx_word' id='word_1_104' title='bbox 918 1282 1025 1312; x_wconf 87' lang='lat' dir='ltr'>divini</span> <span class='ocrx_word' id='word_1_105' title='bbox 1053 1281 1242 1312; x_wconf 87' lang='lat' dir='ltr'>reverentia</span> 
     </span>
     <span class='ocr_line' id='line_1_18' title="bbox 227 1334 1241 1374; baseline 0 -10"><span class='ocrx_word' id='word_1_106' title='bbox 227 1334 388 1371; x_wconf 85' lang='lat' dir='ltr'>nominis,</span> <span class='ocrx_word' id='word_1_107' title='bbox 408 1335 534 1365; x_wconf 87' lang='lat' dir='ltr'>habens</span> <span class='ocrx_word' id='word_1_108' title='bbox 553 1335 672 1365; x_wconf 80' lang='lat' dir='ltr'>affectu</span> <span class='ocrx_word' id='word_1_109' title='bbox 691 1335 836 1374; x_wconf 90' lang='lat' dir='ltr'>propitio</span> <span class='ocrx_word' id='word_1_110' title='bbox 854 1337 886 1366; x_wconf 89' lang='lat' dir='ltr'>et</span> <span class='ocrx_word' id='word_1_111' title='bbox 911 1335 1090 1365; x_wconf 83' lang='lat' dir='ltr'>favorabili</span> <span class='ocrx_word' id='word_1_112' title='bbox 1105 1334 1241 1365; x_wconf 87' lang='lat' dir='ltr'>benivo-</span> 
     </span>
     <span class='ocr_line' id='line_1_19' title="bbox 227 1387 1242 1427; baseline 0.001 -10"><span class='ocrx_word' id='word_1_113' title='bbox 227 1387 331 1418; x_wconf 90' lang='lat' dir='ltr'>lentia</span> <span class='ocrx_word' id='word_1_114' title='bbox 361 1389 625 1424; x_wconf 82' lang='lat' dir='ltr'>connuendatos,</span> <span class='ocrx_word' id='word_1_115' title='bbox 658 1389 746 1418; x_wconf 90' lang='lat' dir='ltr'>dicto</span> <span class='ocrx_word' id='word_1_116' title='bbox 777 1389 895 1424; x_wconf 81' lang='lat' dir='ltr'>electo,</span> <span class='ocrx_word' id='word_1_117' title='bbox 924 1389 1023 1427; x_wconf 84' lang='lat' dir='ltr'>juxta</span> <span class='ocrx_word' id='word_1_118' title='bbox 1057 1388 1156 1418; x_wconf 84' lang='lat' dir='ltr'>solite</span> <span class='ocrx_word' id='word_1_119' title='bbox 1185 1390 1242 1418; x_wconf 86' lang='lat' dir='ltr'>tue</span> 
     </span>
     <span class='ocr_line' id='line_1_20' title="bbox 226 1439 1242 1481; baseline 0.001 -11"><span class='ocrx_word' id='word_1_120' title='bbox 226 1439 445 1471; x_wconf 72' lang='lat' dir='ltr'>liberalitatis</span> <span class='ocrx_word' id='word_1_121' title='bbox 462 1441 625 1477; x_wconf 87' lang='lat' dir='ltr'>debitum,</span> <span class='ocrx_word' id='word_1_122' title='bbox 644 1442 771 1481; x_wconf 82' lang='lat' dir='ltr'>regalia</span> <span class='ocrx_word' id='word_1_123' title='bbox 790 1442 957 1481; x_wconf 83' lang='lat' dir='ltr'>largiaris,</span> <span class='ocrx_word' id='word_1_124' title='bbox 978 1442 1026 1471; x_wconf 90' lang='lat' dir='ltr'>sic</span> <span class='ocrx_word' id='word_1_125' title='bbox 1044 1442 1074 1471; x_wconf 91' lang='lat' dir='ltr'>ei</span> <span class='ocrx_word' id='word_1_126' title='bbox 1092 1442 1242 1471; x_wconf 79' lang='lat' dir='ltr'>favorem</span> 
     </span>
     <span class='ocr_line' id='line_1_21' title="bbox 226 1494 1243 1534; baseline 0 -10"><span class='ocrx_word' id='word_1_127' title='bbox 226 1495 323 1524; x_wconf 83' lang='lat' dir='ltr'>tuum</span> <span class='ocrx_word' id='word_1_128' title='bbox 338 1494 372 1523; x_wconf 89' lang='lat' dir='ltr'>in</span> <span class='ocrx_word' id='word_1_129' title='bbox 386 1494 452 1523; x_wconf 81' lang='lat' dir='ltr'>hiis</span> <span class='ocrx_word' id='word_1_130' title='bbox 465 1496 497 1524; x_wconf 91' lang='lat' dir='ltr'>et</span> <span class='ocrx_word' id='word_1_131' title='bbox 509 1494 587 1524; x_wconf 86' lang='lat' dir='ltr'>aliis</span> <span class='ocrx_word' id='word_1_132' title='bbox 602 1495 831 1533; x_wconf 71' lang='lat' dir='ltr'>impensurus,</span> <span class='ocrx_word' id='word_1_133' title='bbox 842 1496 930 1534; x_wconf 88' lang='lat' dir='ltr'>quod</span> <span class='ocrx_word' id='word_1_134' title='bbox 944 1495 1064 1524; x_wconf 79' lang='lat' dir='ltr'>exinde</span> <span class='ocrx_word' id='word_1_135' title='bbox 1080 1495 1243 1525; x_wconf 87' lang='lat' dir='ltr'>merearis</span> 
     </span>
     <span class='ocr_line' id='line_1_22' title="bbox 227 1547 1243 1587; baseline 0.001 -11"><span class='ocrx_word' id='word_1_136' title='bbox 227 1547 390 1586; x_wconf 84' lang='lat' dir='ltr'>condigne</span> <span class='ocrx_word' id='word_1_137' title='bbox 409 1547 646 1578; x_wconf 80' lang='lat' dir='ltr'>retributionis</span> <span class='ocrx_word' id='word_1_138' title='bbox 665 1548 833 1586; x_wconf 84' lang='lat' dir='ltr'>premium</span> <span class='ocrx_word' id='word_1_139' title='bbox 853 1548 941 1587; x_wconf 85' lang='lat' dir='ltr'>apud</span> <span class='ocrx_word' id='word_1_140' title='bbox 959 1549 1067 1578; x_wconf 87' lang='lat' dir='ltr'>Deum</span> <span class='ocrx_word' id='word_1_141' title='bbox 1086 1550 1118 1578; x_wconf 89' lang='lat' dir='ltr'>et</span> <span class='ocrx_word' id='word_1_142' title='bbox 1141 1547 1243 1577; x_wconf 82' lang='lat' dir='ltr'>nichi-</span> 
     </span>
     <span class='ocr_line' id='line_1_23' title="bbox 228 1600 1243 1639; baseline 0.001 -10"><span class='ocrx_word' id='word_1_143' title='bbox 228 1600 379 1630; x_wconf 76' lang='lat' dir='ltr'>lominus</span> <span class='ocrx_word' id='word_1_144' title='bbox 392 1600 538 1630; x_wconf 86' lang='lat' dir='ltr'>humane</span> <span class='ocrx_word' id='word_1_145' title='bbox 551 1601 662 1631; x_wconf 87' lang='lat' dir='ltr'>laudis</span> <span class='ocrx_word' id='word_1_146' title='bbox 676 1602 833 1639; x_wconf 88' lang='lat' dir='ltr'>preconio</span> <span class='ocrx_word' id='word_1_147' title='bbox 847 1601 1105 1631; x_wconf 85' lang='lat' dir='ltr'>commenderis.</span> <span class='ocrx_word' id='word_1_148' title='bbox 1118 1601 1243 1631; x_wconf 85' lang='lat' dir='ltr'>Datum</span> 
     </span>
     <span class='ocr_line' id='line_1_24' title="bbox 228 1653 1240 1692; baseline -0.001 -9"><span class='ocrx_word' id='word_1_149' title='bbox 228 1653 318 1692; x_wconf 84' lang='lat' dir='ltr'>apud</span> <span class='ocrx_word' id='word_1_150' title='bbox 332 1653 620 1687; x_wconf 84' lang='lat' dir='ltr'>Urbemveterem,</span> <span class='ocrx_word' id='word_1_151' title='bbox 632 1663 677 1683; x_wconf 84' lang='lat' dir='ltr'>vn</span> <span class='ocrx_word' id='word_1_152' title='bbox 691 1653 853 1683; x_wconf 73' lang='lat' dir='ltr'>kalendas</span> <span class='ocrx_word' id='word_1_153' title='bbox 866 1653 1072 1688; x_wconf 78' lang='lat' dir='ltr'>novembris,</span> <span class='ocrx_word' id='word_1_154' title='bbox 1084 1662 1170 1683; x_wconf 86' lang='lat' dir='ltr'>anno</span> <span class='ocrx_word' id='word_1_155' title='bbox 1180 1660 1240 1682; x_wconf 85' lang='lat'>111⁰.</span> 
     </span>
    </p>

    <p class='ocr_par' dir='ltr' id='par_1_9' title="bbox 227 1706 1244 2012">
     <span class='ocr_line' id='line_1_25' title="bbox 267 1706 1241 1745; baseline 0 -9"><span class='ocrx_word' id='word_1_156' title='bbox 267 1707 305 1736; x_wconf 93' lang='lat' dir='ltr'>In</span> <span class='ocrx_word' id='word_1_157' title='bbox 321 1716 349 1736; x_wconf 91' lang='lat' dir='ltr'>e.</span> <span class='ocrx_word' id='word_1_158' title='bbox 369 1715 440 1737; x_wconf 86' lang='lat' dir='ltr'>m...</span> <span class='ocrx_word' id='word_1_159' title='bbox 455 1706 708 1745; x_wconf 78' lang='lat' dir='ltr'>archiepiscopo</span> <span class='ocrx_word' id='word_1_160' title='bbox 727 1707 928 1737; x_wconf 88' lang='lat' dir='ltr'>Turonensi.</span> <span class='ocrx_word' id='word_1_161' title='bbox 946 1707 984 1736; x_wconf 92' lang='lat' dir='ltr'>In</span> <span class='ocrx_word' id='word_1_162' title='bbox 1000 1706 1151 1736; x_wconf 86' lang='lat' dir='ltr'>humeris</span> <span class='ocrx_word' id='word_1_163' title='bbox 1167 1708 1241 1741; x_wconf 86' lang='lat' dir='ltr'>etc.‚</span> 
     </span>
     <span class='ocr_line' id='line_1_26' title="bbox 227 1760 1243 1798; baseline -0.001 -8"><span class='ocrx_word' id='word_1_164' title='bbox 227 1768 335 1798; x_wconf 89' lang='lat' dir='ltr'>usque</span> <span class='ocrx_word' id='word_1_165' title='bbox 346 1760 564 1790; x_wconf 87' lang='lat' dir='ltr'>incrementa.</span> <span class='ocrx_word' id='word_1_166' title='bbox 576 1760 750 1795; x_wconf 81' lang='lat' dir='ltr'>Quocirca,</span> <span class='ocrx_word' id='word_1_167' title='bbox 760 1760 963 1790; x_wconf 85' lang='lat' dir='ltr'>fraternitati</span> <span class='ocrx_word' id='word_1_168' title='bbox 976 1762 1030 1790; x_wconf 92' lang='lat' dir='ltr'>tue</span> <span class='ocrx_word' id='word_1_169' title='bbox 1041 1760 1243 1789; x_wconf 81' lang='lat' dir='ltr'>mandamus</span> 
     </span>
     <span class='ocr_line' id='line_1_27' title="bbox 228 1812 1242 1852; baseline -0.001 -9"><span class='ocrx_word' id='word_1_170' title='bbox 228 1814 389 1852; x_wconf 81' lang='lat' dir='ltr'>quatinus</span> <span class='ocrx_word' id='word_1_171' title='bbox 409 1813 519 1843; x_wconf 86' lang='lat' dir='ltr'>eidem</span> <span class='ocrx_word' id='word_1_172' title='bbox 540 1813 657 1847; x_wconf 76' lang='lat' dir='ltr'>electo,</span> <span class='ocrx_word' id='word_1_173' title='bbox 676 1822 752 1843; x_wconf 79' lang='lat' dir='ltr'>cum</span> <span class='ocrx_word' id='word_1_174' title='bbox 778 1812 818 1843; x_wconf 84' lang='lat' dir='ltr'>ab</span> <span class='ocrx_word' id='word_1_175' title='bbox 849 1821 886 1843; x_wconf 90' lang='lat' dir='ltr'>eo</span> <span class='ocrx_word' id='word_1_176' title='bbox 913 1813 1099 1851; x_wconf 87' lang='lat' dir='ltr'>requisitus</span> <span class='ocrx_word' id='word_1_177' title='bbox 1125 1813 1242 1848; x_wconf 88' lang='lat' dir='ltr'>fueris,</span> 
     </span>
     <span class='ocr_line' id='line_1_28' title="bbox 228 1866 1244 1904; baseline -0.001 -8"><span class='ocrx_word' id='word_1_178' title='bbox 228 1866 346 1896; x_wconf 81' lang='lat' dir='ltr'>ascitis</span> <span class='ocrx_word' id='word_1_179' title='bbox 364 1866 427 1896; x_wconf 87' lang='lat' dir='ltr'>tibi</span> <span class='ocrx_word' id='word_1_180' title='bbox 448 1866 580 1897; x_wconf 88' lang='lat' dir='ltr'>duobus</span> <span class='ocrx_word' id='word_1_181' title='bbox 596 1867 648 1896; x_wconf 74' lang='lat' dir='ltr'>vel</span> <span class='ocrx_word' id='word_1_182' title='bbox 664 1866 775 1896; x_wconf 87' lang='lat' dir='ltr'>tribus</span> <span class='ocrx_word' id='word_1_183' title='bbox 792 1866 914 1896; x_wconf 67' lang='lat' dir='ltr'>vicinis</span> <span class='ocrx_word' id='word_1_184' title='bbox 933 1866 1114 1904; x_wconf 84' lang='lat' dir='ltr'>episcopis,</span> <span class='ocrx_word' id='word_1_185' title='bbox 1133 1867 1244 1896; x_wconf 84' lang='lat' dir='ltr'>aucto-</span> 
     </span>
     <span class='ocr_line' id='line_1_29' title="bbox 228 1919 1243 1958; baseline -0.001 -9"><span class='ocrx_word' id='word_1_186' title='bbox 228 1920 328 1950; x_wconf 86' lang='lat' dir='ltr'>ritate</span> <span class='ocrx_word' id='word_1_187' title='bbox 346 1922 462 1950; x_wconf 87' lang='lat' dir='ltr'>nostra</span> <span class='ocrx_word' id='word_1_188' title='bbox 483 1928 607 1950; x_wconf 89' lang='lat' dir='ltr'>munus</span> <span class='ocrx_word' id='word_1_189' title='bbox 625 1920 891 1950; x_wconf 88' lang='lat' dir='ltr'>consecrationis</span> <span class='ocrx_word' id='word_1_190' title='bbox 908 1919 1096 1958; x_wconf 85' lang='lat' dir='ltr'>impendas.</span> <span class='ocrx_word' id='word_1_191' title='bbox 1117 1920 1243 1954; x_wconf 88' lang='lat' dir='ltr'>Datum</span> 
     </span>
     <span class='ocr_line' id='line_1_30' title="bbox 229 1973 498 2012; baseline 0.004 -10"><span class='ocrx_word' id='word_1_192' title='bbox 229 1975 265 2003; x_wconf 88' lang='lat' dir='ltr'>ut</span> <span class='ocrx_word' id='word_1_193' title='bbox 283 1974 315 2002; x_wconf 90' lang='lat' dir='ltr'>in</span> <span class='ocrx_word' id='word_1_194' title='bbox 331 1973 498 2012; x_wconf 85' lang='lat' dir='ltr'>proxima.</span> 
     </span>
    </p>

    <p class='ocr_par' dir='ltr' id='par_1_10' title="bbox 225 2026 1247 2332">
     <span class='ocr_line' id='line_1_31' title="bbox 269 2026 1244 2064; baseline -0.001 -8"><span class='ocrx_word' id='word_1_195' title='bbox 269 2027 307 2056; x_wconf 90' lang='lat' dir='ltr'>In</span> <span class='ocrx_word' id='word_1_196' title='bbox 324 2035 352 2056; x_wconf 90' lang='lat' dir='ltr'>e.</span> <span class='ocrx_word' id='word_1_197' title='bbox 367 2035 437 2057; x_wconf 86' lang='lat' dir='ltr'>m...</span> <span class='ocrx_word' id='word_1_198' title='bbox 459 2026 572 2057; x_wconf 87' lang='lat' dir='ltr'>abbati</span> <span class='ocrx_word' id='word_1_199' title='bbox 588 2026 817 2057; x_wconf 85' lang='lat' dir='ltr'>Cisterciensi.</span> <span class='ocrx_word' id='word_1_200' title='bbox 833 2027 872 2056; x_wconf 91' lang='lat' dir='ltr'>In</span> <span class='ocrx_word' id='word_1_201' title='bbox 886 2026 1038 2056; x_wconf 87' lang='lat' dir='ltr'>humeris</span> <span class='ocrx_word' id='word_1_202' title='bbox 1057 2028 1119 2056; x_wconf 84' lang='lat' dir='ltr'>etc.</span> <span class='ocrx_word' id='word_1_203' title='bbox 1136 2034 1244 2064; x_wconf 88' lang='lat' dir='ltr'>usque</span> 
     </span>
     <span class='ocr_line' id='line_1_32' title="bbox 226 2079 1246 2118; baseline -0.001 -8"><span class='ocrx_word' id='word_1_204' title='bbox 226 2079 447 2110; x_wconf 85' lang='lat' dir='ltr'>incrementa.</span> <span class='ocrx_word' id='word_1_205' title='bbox 478 2080 624 2118; x_wconf 86' lang='lat' dir='ltr'>Ideoque</span> <span class='ocrx_word' id='word_1_206' title='bbox 653 2079 884 2110; x_wconf 81' lang='lat' dir='ltr'>sinceritatem</span> <span class='ocrx_word' id='word_1_207' title='bbox 909 2081 1003 2109; x_wconf 82' lang='lat' dir='ltr'>tuam</span> <span class='ocrx_word' id='word_1_208' title='bbox 1029 2088 1188 2118; x_wconf 84' lang='lat' dir='ltr'>rogamus</span> <span class='ocrx_word' id='word_1_209' title='bbox 1215 2081 1246 2109; x_wconf 88' lang='lat' dir='ltr'>et</span> 
     </span>
     <span class='ocr_line' id='line_1_33' title="bbox 225 2132 1247 2172; baseline -0.001 -9"><span class='ocrx_word' id='word_1_210' title='bbox 225 2133 401 2164; x_wconf 86' lang='lat' dir='ltr'>hortamur</span> <span class='ocrx_word' id='word_1_211' title='bbox 436 2135 561 2164; x_wconf 88' lang='lat' dir='ltr'>attente</span> <span class='ocrx_word' id='word_1_212' title='bbox 594 2133 755 2172; x_wconf 81' lang='lat' dir='ltr'>quatinus</span> <span class='ocrx_word' id='word_1_213' title='bbox 791 2133 935 2163; x_wconf 87' lang='lat' dir='ltr'>eundem</span> <span class='ocrx_word' id='word_1_214' title='bbox 976 2133 1119 2163; x_wconf 88' lang='lat' dir='ltr'>electum</span> <span class='ocrx_word' id='word_1_215' title='bbox 1158 2132 1247 2172; x_wconf 86' lang='lat' dir='ltr'>quod</span> 
     </span>
     <span class='ocr_line' id='line_1_34' title="bbox 226 2185 1246 2226; baseline -0.001 -10"><span class='ocrx_word' id='word_1_216' title='bbox 226 2187 376 2226; x_wconf 84' lang='lat' dir='ltr'>regimen</span> <span class='ocrx_word' id='word_1_217' title='bbox 404 2187 545 2217; x_wconf 84' lang='lat' dir='ltr'>ecclesie</span> <span class='ocrx_word' id='word_1_218' title='bbox 569 2186 721 2225; x_wconf 87' lang='lat' dir='ltr'>predicte</span> <span class='ocrx_word' id='word_1_219' title='bbox 750 2186 927 2225; x_wconf 87' lang='lat' dir='ltr'>suscipiat,</span> <span class='ocrx_word' id='word_1_220' title='bbox 950 2185 1246 2216; x_wconf 80' lang='lat' dir='ltr'>exhortationibus</span> 
     </span>
     <span class='ocr_line' id='line_1_35' title="bbox 227 2239 1245 2278; baseline -0.001 -8"><span class='ocrx_word' id='word_1_221' title='bbox 227 2241 403 2278; x_wconf 89' lang='lat' dir='ltr'>oportunis</span> <span class='ocrx_word' id='word_1_222' title='bbox 427 2240 567 2270; x_wconf 85' lang='lat' dir='ltr'>inducas</span> <span class='ocrx_word' id='word_1_223' title='bbox 593 2241 626 2270; x_wconf 89' lang='lat' dir='ltr'>et</span> <span class='ocrx_word' id='word_1_224' title='bbox 653 2240 694 2270; x_wconf 88' lang='lat' dir='ltr'>ad</span> <span class='ocrx_word' id='word_1_225' title='bbox 718 2240 752 2270; x_wconf 86' lang='lat' dir='ltr'>id</span> <span class='ocrx_word' id='word_1_226' title='bbox 775 2242 843 2270; x_wconf 85' lang='lat' dir='ltr'>tani</span> <span class='ocrx_word' id='word_1_227' title='bbox 868 2241 985 2269; x_wconf 89' lang='lat' dir='ltr'>nostra</span> <span class='ocrx_word' id='word_1_228' title='bbox 1009 2248 1110 2278; x_wconf 89' lang='lat' dir='ltr'>quam</span> <span class='ocrx_word' id='word_1_229' title='bbox 1128 2241 1198 2274; x_wconf 79' lang='lat' dir='ltr'>tua,</span> <span class='ocrx_word' id='word_1_230' title='bbox 1217 2239 1245 2269; x_wconf 90' lang='lat' dir='ltr'>si</span> 
     </span>
     <span class='ocr_line' id='line_1_36' title="bbox 226 2293 1246 2332; baseline -0.001 -9"><span class='ocrx_word' id='word_1_231' title='bbox 226 2301 364 2323; x_wconf 87' lang='lat' dir='ltr'>necesse</span> <span class='ocrx_word' id='word_1_232' title='bbox 381 2293 494 2330; x_wconf 83' lang='lat' dir='ltr'>fuerit,</span> <span class='ocrx_word' id='word_1_233' title='bbox 513 2293 713 2323; x_wconf 87' lang='lat' dir='ltr'>auctoritate</span> <span class='ocrx_word' id='word_1_234' title='bbox 725 2293 924 2332; x_wconf 79' lang='lat' dir='ltr'>compellas¹</span> <span class='ocrx_word' id='word_1_235' title='bbox 937 2293 1063 2323; x_wconf 87' lang='lat' dir='ltr'>Datum</span> <span class='ocrx_word' id='word_1_236' title='bbox 1076 2295 1111 2322; x_wconf 92' lang='lat' dir='ltr'>ut</span> <span class='ocrx_word' id='word_1_237' title='bbox 1129 2301 1246 2332; x_wconf 89' lang='lat' dir='ltr'>supra.</span> 
     </span>
    </p>
   </div>
   <div class='ocr_carea' id='block_1_6' title="bbox 319 2455 1153 2498">
    <p class='ocr_par' dir='ltr' id='par_1_11' title="bbox 319 2455 1153 2498">
     <span class='ocr_line' id='line_1_37' title="bbox 319 2455 1153 2498; baseline 0.007 -12"><span class='ocrx_word' id='word_1_238' title='bbox 319 2455 392 2486; x_wconf 76' lang='grc'>425</span> <span class='ocrx_word' id='word_1_239' title='bbox 744 2464 868 2498; x_wconf 76' lang='lat' dir='ltr'>Orvieto,</span> <span class='ocrx_word' id='word_1_240' title='bbox 887 2464 921 2491; x_wconf 87' lang='lat'>15</span> <span class='ocrx_word' id='word_1_241' title='bbox 939 2465 1054 2491; x_wconf 84' lang='lat' dir='ltr'>octobre</span> <span class='ocrx_word' id='word_1_242' title='bbox 1074 2465 1153 2492; x_wconf 71' lang='lat'><strong>1263.</strong></span> 
     </span>
    </p>
   </div>
   <div class='ocr_carea' id='block_1_7' title="bbox 228 2537 1249 2670">
    <p class='ocr_par' dir='ltr' id='par_1_12' title="bbox 228 2537 1249 2670">
     <span class='ocr_line' id='line_1_38' title="bbox 263 2537 1249 2574; baseline 0.003 -11"><span class='ocrx_word' id='word_1_243' title='bbox 263 2537 483 2572; x_wconf 81' lang='lat' dir='ltr'>Archiepiscopo</span> <span class='ocrx_word' id='word_1_244' title='bbox 511 2537 726 2571; x_wconf 77' lang='lat' dir='ltr'>Terraconensi,</span> <span class='ocrx_word' id='word_1_245' title='bbox 744 2546 800 2565; x_wconf 78' lang='lat' dir='ltr'>una</span> <span class='ocrx_word' id='word_1_246' title='bbox 824 2547 889 2565; x_wconf 86' lang='lat' dir='ltr'>cum</span> <span class='ocrx_word' id='word_1_247' title='bbox 919 2539 1055 2574; x_wconf 85' lang='lat' dir='ltr'>episcopo</span> <span class='ocrx_word' id='word_1_248' title='bbox 1077 2539 1195 2566; x_wconf 85' lang='lat' dir='ltr'>Oscensi</span> <span class='ocrx_word' id='word_1_249' title='bbox 1221 2542 1249 2567; x_wconf 89' lang='lat' dir='ltr'>et</span> 
     </span>
     <span class='ocr_line' id='line_1_39' title="bbox 228 2585 1249 2621; baseline 0.003 -9"><span class='ocrx_word' id='word_1_250' title='bbox 228 2586 330 2613; x_wconf 78' lang='lat' dir='ltr'>abbate</span> <span class='ocrx_word' id='word_1_251' title='bbox 349 2585 517 2613; x_wconf 84' lang='lat' dir='ltr'>monasterii</span> <span class='ocrx_word' id='word_1_252' title='bbox 537 2587 570 2612; x_wconf 89' lang='lat' dir='ltr'>de</span> <span class='ocrx_word' id='word_1_253' title='bbox 587 2586 734 2621; x_wconf 82' lang='lat' dir='ltr'>Populeto,</span> <span class='ocrx_word' id='word_1_254' title='bbox 750 2587 890 2614; x_wconf 80' lang='lat' dir='ltr'>ecelesiae</span> <span class='ocrx_word' id='word_1_255' title='bbox 912 2588 1133 2615; x_wconf 69' lang='lat' dir='ltr'>‘terraconensis</span> <span class='ocrx_word' id='word_1_256' title='bbox 1152 2588 1249 2616; x_wconf 76' lang='lat' dir='ltr'>visita-</span> 
     </span>
     <span class='ocr_line' id='line_1_40' title="bbox 228 2635 1115 2670; baseline 0.002 -8"><span class='ocrx_word' id='word_1_257' title='bbox 228 2635 338 2662; x_wconf 81' lang='lat' dir='ltr'>tionem</span> <span class='ocrx_word' id='word_1_258' title='bbox 356 2635 525 2662; x_wconf 82' lang='lat' dir='ltr'>committit.</span> <span class='ocrx_word' id='word_1_259' title='bbox 544 2635 624 2668; x_wconf 68' lang='lat' dir='ltr'>(nso.</span> <span class='ocrx_word' id='word_1_260' title='bbox 639 2636 684 2666; x_wconf 72' lang='lat'>28,</span> <span class='ocrx_word' id='word_1_261' title='bbox 702 2635 751 2662; x_wconf 86' lang='lat' dir='ltr'>sol.</span> <span class='ocrx_word' id='word_1_262' title='bbox 768 2636 784 2663; x_wconf 85' lang='lat'><em>8</em></span> <span class='ocrx_word' id='word_1_263' title='bbox 802 2640 843 2670; x_wconf 66' lang='grc' dir='ltr'>νῦ,</span> <span class='ocrx_word' id='word_1_264' title='bbox 860 2644 929 2664; x_wconf 82' lang='lat' dir='ltr'>ann.</span> <span class='ocrx_word' id='word_1_265' title='bbox 950 2636 997 2669; x_wconf 87' lang='grc' dir='ltr'><strong>ΙΙΙ,</strong></span> <span class='ocrx_word' id='word_1_266' title='bbox 1013 2642 1043 2663; x_wconf 85' lang='lat' dir='ltr'>n⁰</span> <span class='ocrx_word' id='word_1_267' title='bbox 1059 2637 1115 2670; x_wconf 78' lang='lat'><strong>28.)</strong></span> 
     </span>
    </p>
   </div>
   <div class='ocr_carea' id='block_1_8' title="bbox 233 2740 1252 2835">
    <p class='ocr_par' dir='ltr' id='par_1_13' title="bbox 233 2740 1252 2835">
     <span class='ocr_line' id='line_1_41' title="bbox 271 2740 1251 2780; baseline 0.003 -11"><span class='ocrx_word' id='word_1_268' title='bbox 271 2751 285 2769; x_wconf 72' lang='lat'>(‹</span> <span class='ocrx_word' id='word_1_269' title='bbox 308 2764 327 2769; x_wconf 88' lang='lat'>..</span> <span class='ocrx_word' id='word_1_270' title='bbox 346 2740 578 2780; x_wconf 72' lang='lat' dir='ltr'>archiepiscopo</span> <span class='ocrx_word' id='word_1_271' title='bbox 601 2740 829 2771; x_wconf 64' lang='lat' dir='ltr'>Tarraconensi.</span> <span class='ocrx_word' id='word_1_272' title='bbox 844 2741 943 2772; x_wconf 88' lang='lat' dir='ltr'>Circa</span> <span class='ocrx_word' id='word_1_273' title='bbox 960 2750 1076 2771; x_wconf 87' lang='lat' dir='ltr'>curam</span> <span class='ocrx_word' id='word_1_274' title='bbox 1091 2750 1251 2780; x_wconf 90' lang='lat' dir='ltr'>quorum-</span> 
     </span>
     <span class='ocr_line' id='line_1_42' title="bbox 233 2793 1252 2835; baseline 0.002 -11"><span class='ocrx_word' id='word_1_275' title='bbox 233 2793 315 2824; x_wconf 89' lang='lat' dir='ltr'>libet</span> <span class='ocrx_word' id='word_1_276' title='bbox 330 2812 379 2824; x_wconf 82' lang='lat'>-.</span> <span class='ocrx_word' id='word_1_277' title='bbox 395 2795 480 2824; x_wconf 88' lang='lat' dir='ltr'>Cum</span> <span class='ocrx_word' id='word_1_278' title='bbox 498 2793 612 2833; x_wconf 86' lang='lat' dir='ltr'>itaque</span> <span class='ocrx_word' id='word_1_279' title='bbox 631 2794 665 2824; x_wconf 92' lang='lat' dir='ltr'>in</span> <span class='ocrx_word' id='word_1_280' title='bbox 696 2793 839 2824; x_wconf 86' lang='lat' dir='ltr'>ecclesia</span> <span class='ocrx_word' id='word_1_281' title='bbox 857 2794 1102 2825; x_wconf 89' lang='lat' dir='ltr'>Terraconensi</span> <span class='ocrx_word' id='word_1_282' title='bbox 1127 2796 1159 2826; x_wconf 88' lang='lat' dir='ltr'>et</span> <span class='ocrx_word' id='word_1_283' title='bbox 1178 2796 1252 2835; x_wconf 87' lang='lat' dir='ltr'>ejus</span> 
     </span>
    </p>
   </div>
   <div class='ocr_carea' id='block_1_9' title="bbox 233 2847 1282 2887">
    <p class='ocr_par' dir='ltr' id='par_1_14' title="bbox 233 2847 1282 2887">
     <span class='ocr_line' id='line_1_43' title="bbox 233 2847 1282 2887; baseline 0.002 -9"><span class='ocrx_word' id='word_1_284' title='bbox 233 2848 409 2884; x_wconf 87' lang='lat' dir='ltr'>membris,</span> <span class='ocrx_word' id='word_1_285' title='bbox 420 2848 550 2878; x_wconf 88' lang='lat' dir='ltr'>ordinis</span> <span class='ocrx_word' id='word_1_286' title='bbox 559 2857 587 2878; x_wconf 87' lang='lat' dir='ltr'>s.</span> <span class='ocrx_word' id='word_1_287' title='bbox 598 2847 795 2887; x_wconf 85' lang='lat' dir='ltr'>Augustini,</span> <span class='ocrx_word' id='word_1_288' title='bbox 809 2849 947 2887; x_wconf 89' lang='lat' dir='ltr'>propter</span> <span class='ocrx_word' id='word_1_289' title='bbox 964 2848 1130 2879; x_wconf 86' lang='lat' dir='ltr'>incuriam</span> <span class='ocrx_word' id='word_1_290' title='bbox 1139 2852 1170 2880; x_wconf 87' lang='lat' dir='ltr'>et</span> <span class='ocrx_word' id='word_1_291' title='bbox 1184 2858 1252 2880; x_wconf 87' lang='lat' dir='ltr'>ma·</span> <span class='ocrx_word' id='word_1_292' title='bbox 1281 2856 1282 2859; x_wconf 76' lang='grc'>’</span> 
     </span>
    </p>
   </div>
   <div class='ocr_carea' id='block_1_10' title="bbox 233 2900 1252 2994">
    <p class='ocr_par' dir='ltr' id='par_1_15' title="bbox 233 2900 1252 2994">
     <span class='ocr_line' id='line_1_44' title="bbox 233 2900 1251 2940; baseline 0.002 -9"><span class='ocrx_word' id='word_1_293' title='bbox 233 2901 344 2932; x_wconf 86' lang='lat' dir='ltr'>litiam</span> <span class='ocrx_word' id='word_1_294' title='bbox 358 2909 583 2940; x_wconf 86' lang='lat' dir='ltr'>personarum</span> <span class='ocrx_word' id='word_1_295' title='bbox 598 2900 792 2940; x_wconf 87' lang='lat' dir='ltr'>degentium</span> <span class='ocrx_word' id='word_1_296' title='bbox 806 2901 841 2930; x_wconf 88' lang='lat' dir='ltr'>in</span> <span class='ocrx_word' id='word_1_297' title='bbox 855 2900 996 2936; x_wconf 86' lang='lat' dir='ltr'>eisdem,</span> <span class='ocrx_word' id='word_1_298' title='bbox 1014 2901 1122 2932; x_wconf 81' lang='lat' dir='ltr'>multa</span> <span class='ocrx_word' id='word_1_299' title='bbox 1139 2910 1251 2933; x_wconf 89' lang='lat' dir='ltr'>excre-</span> 
     </span>
     <span class='ocr_line' id='line_1_45' title="bbox 234 2954 1252 2994; baseline 0.001 -10"><span class='ocrx_word' id='word_1_300' title='bbox 234 2954 345 2985; x_wconf 86' lang='lat' dir='ltr'>verint</span> <span class='ocrx_word' id='word_1_301' title='bbox 369 2963 433 2994; x_wconf 87' lang='lat' dir='ltr'>que</span> <span class='ocrx_word' id='word_1_302' title='bbox 455 2954 574 2985; x_wconf 87' lang='lat' dir='ltr'>limam</span> <span class='ocrx_word' id='word_1_303' title='bbox 592 2954 811 2985; x_wconf 86' lang='lat' dir='ltr'>correctionis</span> <span class='ocrx_word' id='word_1_304' title='bbox 829 2955 1027 2993; x_wconf 82' lang='lat' dir='ltr'>exposcunt,</span> <span class='ocrx_word' id='word_1_305' title='bbox 1045 2954 1252 2986; x_wconf 85' lang='lat' dir='ltr'>fraternitati</span> 
     </span>
    </p>
   </div>
   <div class='ocr_carea' id='block_1_11' title="bbox 1266 375 1284 2964">
    <p class='ocr_par' dir='ltr' id='par_1_16' title="bbox 1266 375 1284 2964">
     <span class='ocr_line' id='line_1_46' title="bbox 1266 375 1284 2964; baseline 0 0"><span class='ocrx_word' id='word_1_306' title='bbox 1266 375 1284 2964; x_wconf 95' lang='lat' dir='ltr'> </span> 
     </span>
    </p>
   </div>
   <div class='ocr_carea' id='block_1_12' title="bbox 2251 278 2311 308">
    <p class='ocr_par' dir='ltr' id='par_1_17' title="bbox 2251 278 2311 308">
     <span class='ocr_line' id='line_1_47' title="bbox 2251 278 2311 308; baseline 0.017 -1"><span class='ocrx_word' id='word_1_307' title='bbox 2251 278 2311 308; x_wconf 77' lang='lat'>203</span> 
     </span>
    </p>
   </div>
   <div class='ocr_carea' id='block_1_13' title="bbox 1298 357 2313 1073">
    <p class='ocr_par' dir='ltr' id='par_1_18' title="bbox 1298 357 2313 1073">
     <span class='ocr_line' id='line_1_48' title="bbox 1298 357 2310 395; baseline 0.005 -10"><span class='ocrx_word' id='word_1_308' title='bbox 1298 358 1351 386; x_wconf 88' lang='lat' dir='ltr'>tue</span> <span class='ocrx_word' id='word_1_309' title='bbox 1371 357 1570 386; x_wconf 81' lang='lat' dir='ltr'>mandamus</span> <span class='ocrx_word' id='word_1_310' title='bbox 1587 358 1757 395; x_wconf 65' lang='lat' dir='ltr'>quatinus,</span> <span class='ocrx_word' id='word_1_311' title='bbox 1783 360 1897 388; x_wconf 71' lang='lat' dir='ltr'>ascitis</span> <span class='ocrx_word' id='word_1_312' title='bbox 1920 359 1979 389; x_wconf 86' lang='lat' dir='ltr'>tibi</span> <span class='ocrx_word' id='word_1_313' title='bbox 2000 359 2182 389; x_wconf 74' lang='lat' dir='ltr'>venerabili</span> <span class='ocrx_word' id='word_1_314' title='bbox 2207 361 2310 390; x_wconf 79' lang='lat' dir='ltr'>tratre</span> 
     </span>
     <span class='ocr_line' id='line_1_49' title="bbox 1298 410 2310 448; baseline 0.007 -11"><span class='ocrx_word' id='word_1_315' title='bbox 1298 411 1452 446; x_wconf 70' lang='lat' dir='ltr'>liosil·o..‚</span> <span class='ocrx_word' id='word_1_316' title='bbox 1483 410 1639 448; x_wconf 58' lang='lat' dir='ltr'>episcopo</span> <span class='ocrx_word' id='word_1_317' title='bbox 1664 412 1817 446; x_wconf 59' lang='lat' dir='ltr'>Oscensi,</span> <span class='ocrx_word' id='word_1_318' title='bbox 1848 414 1878 442; x_wconf 72' lang='lat' dir='ltr'>ot</span> <span class='ocrx_word' id='word_1_319' title='bbox 1902 413 2023 443; x_wconf 58' lang='lat' dir='ltr'>(lilerio</span> <span class='ocrx_word' id='word_1_320' title='bbox 2052 413 2160 448; x_wconf 69' lang='lat' dir='ltr'>lilio..,</span> <span class='ocrx_word' id='word_1_321' title='bbox 2190 413 2310 444; x_wconf 72' lang='lat' dir='ltr'>abbate</span> 
     </span>
     <span class='ocr_line' id='line_1_50' title="bbox 1299 463 2312 501; baseline 0.005 -10"><span class='ocrx_word' id='word_1_322' title='bbox 1299 463 1493 492; x_wconf 75' lang='lat' dir='ltr'>monasterii</span> <span class='ocrx_word' id='word_1_323' title='bbox 1508 464 1546 492; x_wconf 63' lang='lat' dir='ltr'>dt*</span> <span class='ocrx_word' id='word_1_324' title='bbox 1565 464 1736 501; x_wconf 70' lang='lat' dir='ltr'>l‘opulcto,</span> <span class='ocrx_word' id='word_1_325' title='bbox 1756 465 1885 494; x_wconf 75' lang='lat' dir='ltr'>ordinis</span> <span class='ocrx_word' id='word_1_326' title='bbox 1904 465 2154 501; x_wconf 62' lang='lat' dir='ltr'>Cistercivnsis,</span> <span class='ocrx_word' id='word_1_327' title='bbox 2171 468 2224 495; x_wconf 72' lang='lat' dir='ltr'>tue</span> <span class='ocrx_word' id='word_1_328' title='bbox 2242 467 2312 496; x_wconf 87' lang='lat' dir='ltr'>dio-</span> 
     </span>
     <span class='ocr_line' id='line_1_51' title="bbox 1298 515 2311 557; baseline 0.006 -14"><span class='ocrx_word' id='word_1_329' title='bbox 1298 515 1396 551; x_wconf 65' lang='lat' dir='ltr'>rcsis,</span> <span class='ocrx_word' id='word_1_330' title='bbox 1423 515 1573 554; x_wconf 63' lang='lat' dir='ltr'>inquiras</span> <span class='ocrx_word' id='word_1_331' title='bbox 1594 516 1730 546; x_wconf 81' lang='lat' dir='ltr'>ibidem.</span> <span class='ocrx_word' id='word_1_332' title='bbox 1757 518 1886 553; x_wconf 75' lang='lat' dir='ltr'>visites,</span> <span class='ocrx_word' id='word_1_333' title='bbox 1913 520 2058 557; x_wconf 71' lang='lat' dir='ltr'>corrigas</span> <span class='ocrx_word' id='word_1_334' title='bbox 2086 520 2116 548; x_wconf 82' lang='lat' dir='ltr'>et</span> <span class='ocrx_word' id='word_1_335' title='bbox 2144 520 2311 549; x_wconf 73' lang='lat' dir='ltr'>1··›sor1nes</span> 
     </span>
     <span class='ocr_line' id='line_1_52' title="bbox 1299 567 2310 608; baseline 0.006 -12"><span class='ocrx_word' id='word_1_336' title='bbox 1299 567 1331 596; x_wconf 90' lang='lat' dir='ltr'>in</span> <span class='ocrx_word' id='word_1_337' title='bbox 1348 568 1584 606; x_wconf 73' lang='lat' dir='ltr'>spiritualibus</span> <span class='ocrx_word' id='word_1_338' title='bbox 1602 571 1632 598; x_wconf 65' lang='lat' dir='ltr'>vt</span> <span class='ocrx_word' id='word_1_339' title='bbox 1654 570 1907 608; x_wconf 63' lang='lat' dir='ltr'>temporalibus,</span> <span class='ocrx_word' id='word_1_340' title='bbox 1928 572 1994 600; x_wconf 86' lang='lat' dir='ltr'>tam</span> <span class='ocrx_word' id='word_1_341' title='bbox 2015 571 2214 601; x_wconf 66' lang='lat' dir='ltr'>anctoritate</span> <span class='ocrx_word' id='word_1_342' title='bbox 2233 581 2310 602; x_wconf 81' lang='lat' dir='ltr'>nos-</span> 
     </span>
     <span class='ocr_line' id='line_1_53' title="bbox 1299 622 2310 661; baseline 0.006 -12"><span class='ocrx_word' id='word_1_343' title='bbox 1299 623 1346 650; x_wconf 81' lang='lat' dir='ltr'>tra</span> <span class='ocrx_word' id='word_1_344' title='bbox 1366 630 1464 659; x_wconf 81' lang='lat' dir='ltr'>quam</span> <span class='ocrx_word' id='word_1_345' title='bbox 1485 624 1551 652; x_wconf 84' lang='lat' dir='ltr'>tua.</span> <span class='ocrx_word' id='word_1_346' title='bbox 1573 631 1635 660; x_wconf 82' lang='lat' dir='ltr'>quc</span> <span class='ocrx_word' id='word_1_347' title='bbox 1654 622 1900 661; x_wconf 69' lang='lat' dir='ltr'>inquisitionis,</span> <span class='ocrx_word' id='word_1_348' title='bbox 1918 624 2135 659; x_wconf 64' lang='lat' dir='ltr'>visitationis,</span> <span class='ocrx_word' id='word_1_349' title='bbox 2153 634 2209 654; x_wconf 82' lang='lat' dir='ltr'>coi·</span> <span class='ocrx_word' id='word_1_350' title='bbox 2228 627 2310 661; x_wconf 62' lang='lat' dir='ltr'>riec-</span> 
     </span>
     <span class='ocr_line' id='line_1_54' title="bbox 1299 673 2311 715; baseline 0.005 -13"><span class='ocrx_word' id='word_1_351' title='bbox 1299 673 1402 702; x_wconf 79' lang='lat' dir='ltr'>tionis</span> <span class='ocrx_word' id='word_1_352' title='bbox 1419 676 1448 703; x_wconf 73' lang='lat' dir='ltr'>ct</span> <span class='ocrx_word' id='word_1_353' title='bbox 1469 675 1719 705; x_wconf 60' lang='lat' dir='ltr'>reformationis</span> <span class='ocrx_word' id='word_1_354' title='bbox 1733 676 1842 705; x_wconf 68' lang='lat' dir='ltr'>ot‘tirio</span> <span class='ocrx_word' id='word_1_355' title='bbox 1863 677 1987 706; x_wconf 71' lang='lat' dir='ltr'>videris</span> <span class='ocrx_word' id='word_1_356' title='bbox 2003 677 2163 715; x_wconf 60' lang='lat' dir='ltr'>indigus-2.</span> <span class='ocrx_word' id='word_1_357' title='bbox 2184 678 2311 708; x_wconf 74' lang='lat' dir='ltr'>taciens</span> 
     </span>
     <span class='ocr_line' id='line_1_55' title="bbox 1300 726 2310 766; baseline 0.006 -11"><span class='ocrx_word' id='word_1_358' title='bbox 1300 726 1372 755; x_wconf 84' lang='lat' dir='ltr'>loco</span> <span class='ocrx_word' id='word_1_359' title='bbox 1390 736 1517 760; x_wconf 86' lang='lat' dir='ltr'>eornm,</span> <span class='ocrx_word' id='word_1_360' title='bbox 1539 728 1595 765; x_wconf 86' lang='lat' dir='ltr'>qui</span> <span class='ocrx_word' id='word_1_361' title='bbox 1615 728 1646 757; x_wconf 95' lang='lat' dir='ltr'>in</span> <span class='ocrx_word' id='word_1_362' title='bbox 1670 728 1741 766; x_wconf 73' lang='lat' dir='ltr'>ipsa</span> <span class='ocrx_word' id='word_1_363' title='bbox 1764 730 1905 758; x_wconf 73' lang='lat' dir='ltr'>ecclesia</span> <span class='ocrx_word' id='word_1_364' title='bbox 1924 730 2174 765; x_wconf 57' lang='lat' dir='ltr'>administrant,</span> <span class='ocrx_word' id='word_1_365' title='bbox 2197 731 2224 759; x_wconf 86' lang='lat' dir='ltr'>si</span> <span class='ocrx_word' id='word_1_366' title='bbox 2252 740 2310 761; x_wconf 86' lang='lat' dir='ltr'>eos</span> 
     </span>
     <span class='ocr_line' id='line_1_56' title="bbox 1300 778 2311 821; baseline 0.005 -14"><span class='ocrx_word' id='word_1_367' title='bbox 1300 778 1340 807; x_wconf 84' lang='lat' dir='ltr'>ab</span> <span class='ocrx_word' id='word_1_368' title='bbox 1358 779 1710 810; x_wconf 75' lang='lat' dir='ltr'>administrationibus</span> <span class='ocrx_word' id='word_1_369' title='bbox 1734 782 1816 816; x_wconf 64' lang='lat' dir='ltr'>suis,</span> <span class='ocrx_word' id='word_1_370' title='bbox 1844 782 2123 821; x_wconf 49' lang='lat' dir='ltr'>propriisj&#39;nlpis</span> <span class='ocrx_word' id='word_1_371' title='bbox 2150 783 2311 821; x_wconf 71' lang='lat' dir='ltr'>exigenti-</span> 
     </span>
     <span class='ocr_line' id='line_1_57' title="bbox 1299 831 2312 873; baseline 0.005 -13"><span class='ocrx_word' id='word_1_372' title='bbox 1299 831 1374 865; x_wconf 84' lang='lat' dir='ltr'>bus,</span> <span class='ocrx_word' id='word_1_373' title='bbox 1404 833 1552 862; x_wconf 70' lang='lat' dir='ltr'>anwvori</span> <span class='ocrx_word' id='word_1_374' title='bbox 1576 834 1765 871; x_wconf 41' lang='lat' dir='ltr'>condigna-it,</span> <span class='ocrx_word' id='word_1_375' title='bbox 1795 834 1880 864; x_wconf 87' lang='lat' dir='ltr'>alios</span> <span class='ocrx_word' id='word_1_376' title='bbox 1910 835 2058 873; x_wconf 62' lang='lat' dir='ltr'>ydoneos</span> <span class='ocrx_word' id='word_1_377' title='bbox 2088 844 2146 873; x_wconf 84' lang='lat' dir='ltr'>per</span> <span class='ocrx_word' id='word_1_378' title='bbox 2167 836 2244 865; x_wconf 83' lang='lat' dir='ltr'>illos</span> <span class='ocrx_word' id='word_1_379' title='bbox 2271 836 2312 865; x_wconf 85' lang='lat' dir='ltr'>ad</span> 
     </span>
     <span class='ocr_line' id='line_1_58' title="bbox 1300 884 2313 927; baseline 0.009 -17"><span class='ocrx_word' id='word_1_380' title='bbox 1300 892 1384 921; x_wconf 78' lang='lat' dir='ltr'>quos</span> <span class='ocrx_word' id='word_1_381' title='bbox 1399 884 1555 922; x_wconf 72' lang='lat' dir='ltr'>pertinet,</span> <span class='ocrx_word' id='word_1_382' title='bbox 1574 885 1761 923; x_wconf 79' lang='lat' dir='ltr'>subrogari.</span> <span class='ocrx_word' id='word_1_383' title='bbox 1786 886 2058 917; x_wconf 63' lang='lat' dir='ltr'>Contradivtores</span> <span class='ocrx_word' id='word_1_384' title='bbox 2078 891 2154 923; x_wconf 62' lang='lat' dir='ltr'>otc„</span> <span class='ocrx_word' id='word_1_385' title='bbox 2171 900 2208 917; x_wconf 62' lang='lat'>‹31›</span> <span class='ocrx_word' id='word_1_386' title='bbox 2224 889 2313 927; x_wconf 78' lang='lat' dir='ltr'>quod</span> 
     </span>
     <span class='ocr_line' id='line_1_59' title="bbox 1300 936 2312 978; baseline 0.006 -15"><span class='ocrx_word' id='word_1_387' title='bbox 1300 936 1339 964; x_wconf 85' lang='lat' dir='ltr'>de</span> <span class='ocrx_word' id='word_1_388' title='bbox 1360 937 1558 967; x_wconf 84' lang='lat' dir='ltr'>auctoritate</span> <span class='ocrx_word' id='word_1_389' title='bbox 1577 940 1690 967; x_wconf 82' lang='lat' dir='ltr'>nostra</span> <span class='ocrx_word' id='word_1_390' title='bbox 1712 939 1845 970; x_wconf 71' lang='lat' dir='ltr'>dicitur.</span> <span class='ocrx_word' id='word_1_391' title='bbox 1873 942 1946 978; x_wconf 71' lang='lat' dir='ltr'>post</span> <span class='ocrx_word' id='word_1_392' title='bbox 1967 940 2150 970; x_wconf 81' lang='lat' dir='ltr'>triennium</span> <span class='ocrx_word' id='word_1_393' title='bbox 2172 941 2312 971; x_wconf 76' lang='lat' dir='ltr'>minimo</span> 
     </span>
     <span class='ocr_line' id='line_1_60' title="bbox 1300 989 2310 1030; baseline 0.006 -13"><span class='ocrx_word' id='word_1_394' title='bbox 1300 989 1458 1020; x_wconf 89' lang='lat' dir='ltr'>valituro.</span> <span class='ocrx_word' id='word_1_395' title='bbox 1478 990 1603 1020; x_wconf 87' lang='lat' dir='ltr'>Datum</span> <span class='ocrx_word' id='word_1_396' title='bbox 1628 992 1716 1029; x_wconf 84' lang='lat' dir='ltr'>apud</span> <span class='ocrx_word' id='word_1_397' title='bbox 1742 991 2028 1028; x_wconf 64' lang='lat' dir='ltr'>Urbemvetervm,</span> <span class='ocrx_word' id='word_1_398' title='bbox 2049 993 2124 1022; x_wconf 74' lang='lat' dir='ltr'>idus</span> <span class='ocrx_word' id='word_1_399' title='bbox 2150 993 2310 1030; x_wconf 68' lang='lat' dir='ltr'>octobris,</span> 
     </span>
     <span class='ocr_line' id='line_1_61' title="bbox 1300 1044 1547 1073; baseline 0.012 -3"><span class='ocrx_word' id='word_1_400' title='bbox 1300 1050 1387 1072; x_wconf 91' lang='lat' dir='ltr'>anno</span> <span class='ocrx_word' id='word_1_401' title='bbox 1404 1044 1516 1073; x_wconf 88' lang='lat' dir='ltr'>tertio.</span> <span class='ocrx_word' id='word_1_402' title='bbox 1534 1056 1547 1070; x_wconf 90' lang='lat'>»</span> 
     </span>
    </p>
   </div>
   <div class='ocr_carea' id='block_1_14' title="bbox 1394 1229 2222 1265">
    <p class='ocr_par' dir='ltr' id='par_1_19' title="bbox 1394 1229 2222 1265">
     <span class='ocr_line' id='line_1_62' title="bbox 1394 1229 2222 1265; baseline 0.006 -7"><span class='ocrx_word' id='word_1_403' title='bbox 1394 1229 1464 1259; x_wconf 70' lang='lat'>426</span> <span class='ocrx_word' id='word_1_404' title='bbox 1822 1236 1946 1262; x_wconf 65' lang='lat' dir='ltr'>orvieto,</span> <span class='ocrx_word' id='word_1_405' title='bbox 1962 1238 1996 1263; x_wconf 72' lang='lat'>25</span> <span class='ocrx_word' id='word_1_406' title='bbox 2013 1238 2128 1263; x_wconf 83' lang='lat' dir='ltr'>octobre</span> <span class='ocrx_word' id='word_1_407' title='bbox 2145 1239 2222 1265; x_wconf 70' lang='lat'>1203.</span> 
     </span>
    </p>
   </div>
   <div class='ocr_carea' id='block_1_15' title="bbox 1302 1315 2323 2356">
    <p class='ocr_par' dir='ltr' id='par_1_20' title="bbox 1302 1315 2315 1448">
     <span class='ocr_line' id='line_1_63' title="bbox 1337 1315 2315 1350; baseline 0.004 -8"><span class='ocrx_word' id='word_1_408' title='bbox 1337 1315 1531 1350; x_wconf 83' lang='lat' dir='ltr'>Int&#39;rascriptis</span> <span class='ocrx_word' id='word_1_409' title='bbox 1545 1316 1662 1341; x_wconf 81' lang='lat' dir='ltr'>mandat</span> <span class='ocrx_word' id='word_1_410' title='bbox 1686 1317 1713 1341; x_wconf 90' lang='lat' dir='ltr'>nt</span> <span class='ocrx_word' id='word_1_411' title='bbox 1735 1316 1874 1349; x_wconf 79' lang='lat' dir='ltr'>quasdam</span> <span class='ocrx_word' id='word_1_412' title='bbox 1895 1317 2079 1350; x_wconf 75' lang='lat' dir='ltr'>pecuniarum</span> <span class='ocrx_word' id='word_1_413' title='bbox 2097 1326 2225 1345; x_wconf 81' lang='lat' dir='ltr'>summas</span> <span class='ocrx_word' id='word_1_414' title='bbox 2240 1327 2315 1346; x_wconf 87' lang='lat' dir='ltr'>non-</span> 
     </span>
     <span class='ocr_line' id='line_1_64' title="bbox 1302 1364 2314 1401; baseline 0.003 -10"><span class='ocrx_word' id='word_1_415' title='bbox 1302 1364 1389 1391; x_wconf 89' lang='lat' dir='ltr'>nullis</span> <span class='ocrx_word' id='word_1_416' title='bbox 1403 1364 1610 1391; x_wconf 83' lang='lat' dir='ltr'>mercatoribus</span> <span class='ocrx_word' id='word_1_417' title='bbox 1628 1364 1799 1391; x_wconf 69' lang='lat' dir='ltr'>senensibus</span> <span class='ocrx_word' id='word_1_418' title='bbox 1823 1374 1839 1391; x_wconf 84' lang='lat' dir='ltr'>a</span> <span class='ocrx_word' id='word_1_419' title='bbox 1864 1366 1950 1391; x_wconf 82' lang='lat' dir='ltr'>certis</span> <span class='ocrx_word' id='word_1_420' title='bbox 1969 1366 2106 1400; x_wconf 80' lang='lat' dir='ltr'>praelatis</span> <span class='ocrx_word' id='word_1_421' title='bbox 2125 1367 2249 1401; x_wconf 85' lang='lat' dir='ltr'>persolvi</span> <span class='ocrx_word' id='word_1_422' title='bbox 2277 1368 2314 1394; x_wconf 81' lang='lat' dir='ltr'>sa-</span> 
     </span>
     <span class='ocr_line' id='line_1_65' title="bbox 1302 1413 1971 1448; baseline 0.001 -8"><span class='ocrx_word' id='word_1_423' title='bbox 1302 1413 1391 1440; x_wconf 79' lang='lat' dir='ltr'>ciant.</span> <span class='ocrx_word' id='word_1_424' title='bbox 1408 1414 1487 1447; x_wconf 67' lang='lat' dir='ltr'>(linc.</span> <span class='ocrx_word' id='word_1_425' title='bbox 1505 1414 1548 1441; x_wconf 73' lang='grc'>28,</span> <span class='ocrx_word' id='word_1_426' title='bbox 1568 1413 1646 1441; x_wconf 62' lang='grc'><strong>1018</strong></span> <span class='ocrx_word' id='word_1_427' title='bbox 1664 1419 1700 1447; x_wconf 60' lang='grc' dir='ltr'>νῦ,</span> <span class='ocrx_word' id='word_1_428' title='bbox 1719 1421 1784 1440; x_wconf 87' lang='lat' dir='ltr'>aun.</span> <span class='ocrx_word' id='word_1_429' title='bbox 1808 1414 1854 1444; x_wconf 86' lang='grc' dir='ltr'><strong>ΙΙΙ,</strong></span> <span class='ocrx_word' id='word_1_430' title='bbox 1873 1420 1902 1440; x_wconf 79' lang='lat' dir='ltr'>n⁴¹</span> <span class='ocrx_word' id='word_1_431' title='bbox 1917 1416 1971 1448; x_wconf 64' lang='lat'>29).</span> 
     </span>
    </p>

    <p class='ocr_par' dir='ltr' id='par_1_21' title="bbox 1303 1518 2323 2356">
     <span class='ocr_line' id='line_1_66' title="bbox 1345 1518 2317 1557; baseline 0.007 -13"><span class='ocrx_word' id='word_1_432' title='bbox 1345 1531 1360 1545; x_wconf 69' lang='grc' dir='ltr'>«ι</span> <span class='ocrx_word' id='word_1_433' title='bbox 1393 1543 1411 1549; x_wconf 84' lang='grc'>.,</span> <span class='ocrx_word' id='word_1_434' title='bbox 1440 1518 1655 1548; x_wconf 69' lang='lat' dir='ltr'>archidiacono</span> <span class='ocrx_word' id='word_1_435' title='bbox 1684 1523 1709 1547; x_wconf 78' lang='lat' dir='ltr'>el</span> <span class='ocrx_word' id='word_1_436' title='bbox 1738 1542 1757 1548; x_wconf 86' lang='lat'>..</span> <span class='ocrx_word' id='word_1_437' title='bbox 1788 1518 1920 1557; x_wconf 78' lang='lat' dir='ltr'>officiali</span> <span class='ocrx_word' id='word_1_438' title='bbox 1952 1519 2157 1551; x_wconf 74' lang='lat' dir='ltr'>I&#39;recensihus.</span> <span class='ocrx_word' id='word_1_439' title='bbox 2192 1521 2317 1551; x_wconf 87' lang='lat' dir='ltr'>Dilecti</span> 
     </span>
     <span class='ocr_line' id='line_1_67' title="bbox 1305 1571 2316 1608; baseline 0.003 -7"><span class='ocrx_word' id='word_1_440' title='bbox 1305 1571 1613 1602; x_wconf 80' lang='lat' dir='ltr'>liliissonaventura</span> <span class='ocrx_word' id='word_1_441' title='bbox 1626 1572 1838 1605; x_wconf 80' lang='lat' dir='ltr'>Bcrnardini,</span> <span class='ocrx_word' id='word_1_442' title='bbox 1853 1573 2054 1603; x_wconf 79' lang='lat' dir='ltr'>Franciscus</span> <span class='ocrx_word' id='word_1_443' title='bbox 2071 1574 2184 1608; x_wconf 77' lang='lat' dir='ltr'>Guidi,</span> <span class='ocrx_word' id='word_1_444' title='bbox 2197 1574 2316 1604; x_wconf 80' lang='lat' dir='ltr'>Fatius</span> 
     </span>
     <span class='ocr_line' id='line_1_68' title="bbox 1303 1625 2318 1665; baseline 0.002 -10"><span class='ocrx_word' id='word_1_445' title='bbox 1303 1626 1436 1659; x_wconf 80' lang='lat' dir='ltr'>Junct-e,</span> <span class='ocrx_word' id='word_1_446' title='bbox 1462 1625 1652 1663; x_wconf 75' lang='lat' dir='ltr'>Hugolinus</span> <span class='ocrx_word' id='word_1_447' title='bbox 1676 1625 1891 1661; x_wconf 83' lang='lat' dir='ltr'>Belimontis,</span> <span class='ocrx_word' id='word_1_448' title='bbox 1917 1627 2127 1665; x_wconf 78' lang='lat' dir='ltr'>Bonsignore</span> <span class='ocrx_word' id='word_1_449' title='bbox 2153 1627 2318 1665; x_wconf 66' lang='lat' dir='ltr'>Raynerii</span> 
     </span>
     <span class='ocr_line' id='line_1_69' title="bbox 1305 1678 2319 1714; baseline 0.002 -6"><span class='ocrx_word' id='word_1_450' title='bbox 1305 1679 1337 1709; x_wconf 88' lang='lat' dir='ltr'>et</span> <span class='ocrx_word' id='word_1_451' title='bbox 1355 1678 1561 1708; x_wconf 88' lang='lat' dir='ltr'>Tholomeus</span> <span class='ocrx_word' id='word_1_452' title='bbox 1581 1678 1749 1708; x_wconf 85' lang='lat' dir='ltr'>Manentis</span> <span class='ocrx_word' id='word_1_453' title='bbox 1774 1681 1804 1708; x_wconf 89' lang='lat' dir='ltr'>et</span> <span class='ocrx_word' id='word_1_454' title='bbox 1830 1679 1888 1708; x_wconf 88' lang='lat' dir='ltr'>alii</span> <span class='ocrx_word' id='word_1_455' title='bbox 1916 1688 2032 1709; x_wconf 83' lang='lat' dir='ltr'>eorum</span> <span class='ocrx_word' id='word_1_456' title='bbox 2059 1680 2154 1714; x_wconf 86' lang='lat' dir='ltr'>socii,</span> <span class='ocrx_word' id='word_1_457' title='bbox 2175 1681 2266 1710; x_wconf 79' lang='lat' dir='ltr'>cives</span> <span class='ocrx_word' id='word_1_458' title='bbox 2286 1682 2319 1711; x_wconf 89' lang='lat' dir='ltr'>et</span> 
     </span>
     <span class='ocr_line' id='line_1_70' title="bbox 1305 1731 2318 1767; baseline 0.002 -6"><span class='ocrx_word' id='word_1_459' title='bbox 1305 1733 1510 1762; x_wconf 88' lang='lat' dir='ltr'>mercatores</span> <span class='ocrx_word' id='word_1_460' title='bbox 1528 1731 1707 1767; x_wconf 82' lang='lat' dir='ltr'>Senenses,</span> <span class='ocrx_word' id='word_1_461' title='bbox 1733 1732 1841 1762; x_wconf 84' lang='lat' dir='ltr'>nostri</span> <span class='ocrx_word' id='word_1_462' title='bbox 1864 1733 1895 1761; x_wconf 89' lang='lat' dir='ltr'>et</span> <span class='ocrx_word' id='word_1_463' title='bbox 1925 1733 2065 1762; x_wconf 80' lang='lat' dir='ltr'>ecclesie</span> <span class='ocrx_word' id='word_1_464' title='bbox 2083 1733 2235 1763; x_wconf 87' lang='lat' dir='ltr'>Romane</span> <span class='ocrx_word' id='word_1_465' title='bbox 2264 1734 2318 1764; x_wconf 88' lang='lat' dir='ltr'>de·</span> 
     </span>
     <span class='ocr_line' id='line_1_71' title="bbox 1304 1784 2321 1825; baseline 0.001 -10"><span class='ocrx_word' id='word_1_466' title='bbox 1304 1785 1384 1815; x_wconf 87' lang='lat' dir='ltr'>voti.</span> <span class='ocrx_word' id='word_1_467' title='bbox 1413 1784 1511 1814; x_wconf 89' lang='lat' dir='ltr'>nobis</span> <span class='ocrx_word' id='word_1_468' title='bbox 1544 1784 1734 1823; x_wconf 81' lang='lat' dir='ltr'>significare</span> <span class='ocrx_word' id='word_1_469' title='bbox 1765 1788 1922 1816; x_wconf 86' lang='lat' dir='ltr'>curarunt</span> <span class='ocrx_word' id='word_1_470' title='bbox 1950 1786 2050 1824; x_wconf 77' lang='lat' dir='ltr'>quod,</span> <span class='ocrx_word' id='word_1_471' title='bbox 2079 1786 2155 1816; x_wconf 80' lang='lat' dir='ltr'>licet</span> <span class='ocrx_word' id='word_1_472' title='bbox 2188 1787 2254 1825; x_wconf 87' lang='lat' dir='ltr'>ipsi</span> <span class='ocrx_word' id='word_1_473' title='bbox 2287 1788 2321 1817; x_wconf 86' lang='lat' dir='ltr'>et</span> 
     </span>
     <span class='ocr_line' id='line_1_72' title="bbox 1305 1838 2321 1876; baseline 0.003 -9"><span class='ocrx_word' id='word_1_474' title='bbox 1305 1838 1443 1876; x_wconf 86' lang='lat' dir='ltr'>quidam</span> <span class='ocrx_word' id='word_1_475' title='bbox 1460 1847 1501 1868; x_wconf 82' lang='lat' dir='ltr'>ex</span> <span class='ocrx_word' id='word_1_476' title='bbox 1523 1838 1585 1872; x_wconf 90' lang='lat' dir='ltr'>eis,</span> <span class='ocrx_word' id='word_1_477' title='bbox 1604 1846 1665 1868; x_wconf 90' lang='lat' dir='ltr'>suo</span> <span class='ocrx_word' id='word_1_478' title='bbox 1683 1840 1713 1868; x_wconf 87' lang='lat' dir='ltr'>et</span> <span class='ocrx_word' id='word_1_479' title='bbox 1734 1838 1905 1868; x_wconf 88' lang='lat' dir='ltr'>sociorum</span> <span class='ocrx_word' id='word_1_480' title='bbox 1931 1847 2070 1869; x_wconf 86' lang='lat' dir='ltr'>suorum</span> <span class='ocrx_word' id='word_1_481' title='bbox 2099 1840 2247 1874; x_wconf 83' lang='lat' dir='ltr'>nomine,</span> <span class='ocrx_word' id='word_1_482' title='bbox 2270 1848 2321 1870; x_wconf 89' lang='lat' dir='ltr'>ve-</span> 
     </span>
     <span class='ocr_line' id='line_1_73' title="bbox 1305 1891 2321 1930; baseline 0.002 -10"><span class='ocrx_word' id='word_1_483' title='bbox 1305 1891 1447 1921; x_wconf 87' lang='lat' dir='ltr'>nerabili</span> <span class='ocrx_word' id='word_1_484' title='bbox 1476 1891 1570 1921; x_wconf 79' lang='lat' dir='ltr'>fratri</span> <span class='ocrx_word' id='word_1_485' title='bbox 1601 1893 1755 1924; x_wconf 85' lang='lat' dir='ltr'>nostro..‚</span> <span class='ocrx_word' id='word_1_486' title='bbox 1782 1891 2035 1930; x_wconf 80' lang='lat' dir='ltr'>archiepiscopo</span> <span class='ocrx_word' id='word_1_487' title='bbox 2063 1893 2262 1928; x_wconf 72' lang='lat' dir='ltr'>senonensi,</span> <span class='ocrx_word' id='word_1_488' title='bbox 2288 1894 2321 1922; x_wconf 88' lang='lat' dir='ltr'>et</span> 
     </span>
     <span class='ocr_line' id='line_1_74' title="bbox 1305 1944 2321 1984; baseline 0.001 -10"><span class='ocrx_word' id='word_1_489' title='bbox 1305 1944 1480 1974; x_wconf 87' lang='lat' dir='ltr'>nonnullis</span> <span class='ocrx_word' id='word_1_490' title='bbox 1498 1944 1720 1983; x_wconf 78' lang='lat' dir='ltr'>suffraganeis</span> <span class='ocrx_word' id='word_1_491' title='bbox 1735 1944 1858 1983; x_wconf 86' lang='lat' dir='ltr'>ipsius,</span> <span class='ocrx_word' id='word_1_492' title='bbox 1875 1953 1911 1974; x_wconf 88' lang='lat' dir='ltr'>ac</span> <span class='ocrx_word' id='word_1_493' title='bbox 1927 1944 2118 1981; x_wconf 86' lang='lat' dir='ltr'>abbatibus,</span> <span class='ocrx_word' id='word_1_494' title='bbox 2135 1945 2321 1984; x_wconf 87' lang='lat' dir='ltr'>prioribus,</span> 
     </span>
     <span class='ocr_line' id='line_1_75' title="bbox 1305 1997 2322 2036; baseline 0 -8"><span class='ocrx_word' id='word_1_495' title='bbox 1305 1997 1526 2028; x_wconf 79' lang='lat' dir='ltr'>conventibus</span> <span class='ocrx_word' id='word_1_496' title='bbox 1545 1999 1577 2027; x_wconf 89' lang='lat' dir='ltr'>et</span> <span class='ocrx_word' id='word_1_497' title='bbox 1595 1997 1767 2036; x_wconf 57' lang='lat' dir='ltr'>capitulis</span> <span class='ocrx_word' id='word_1_498' title='bbox 1795 1997 1989 2032; x_wconf 82' lang='lat' dir='ltr'>comitibus,</span> <span class='ocrx_word' id='word_1_499' title='bbox 2012 1997 2210 2033; x_wconf 84' lang='lat' dir='ltr'>baronibus,</span> <span class='ocrx_word' id='word_1_500' title='bbox 2230 2007 2322 2029; x_wconf 86' lang='lat' dir='ltr'>com-</span> 
     </span>
     <span class='ocr_line' id='line_1_76' title="bbox 1306 2050 2320 2089; baseline 0 -8"><span class='ocrx_word' id='word_1_501' title='bbox 1306 2050 1529 2081; x_wconf 86' lang='lat' dir='ltr'>munitatibus</span> <span class='ocrx_word' id='word_1_502' title='bbox 1545 2059 1582 2080; x_wconf 88' lang='lat' dir='ltr'>ac</span> <span class='ocrx_word' id='word_1_503' title='bbox 1599 2050 1804 2089; x_wconf 84' lang='lat' dir='ltr'>quibusdam</span> <span class='ocrx_word' id='word_1_504' title='bbox 1823 2051 1901 2080; x_wconf 85' lang='lat' dir='ltr'>aliis</span> <span class='ocrx_word' id='word_1_505' title='bbox 1918 2051 2051 2081; x_wconf 86' lang='lat' dir='ltr'>clericis</span> <span class='ocrx_word' id='word_1_506' title='bbox 2069 2054 2100 2081; x_wconf 91' lang='lat' dir='ltr'>et</span> <span class='ocrx_word' id='word_1_507' title='bbox 2123 2051 2221 2081; x_wconf 88' lang='lat' dir='ltr'>laicis</span> <span class='ocrx_word' id='word_1_508' title='bbox 2239 2051 2320 2081; x_wconf 89' lang='lat' dir='ltr'>civi-</span> 
     </span>
     <span class='ocr_line' id='line_1_77' title="bbox 1306 2104 2322 2144; baseline -0.001 -9"><span class='ocrx_word' id='word_1_509' title='bbox 1306 2104 1387 2135; x_wconf 85' lang='lat' dir='ltr'>tatis</span> <span class='ocrx_word' id='word_1_510' title='bbox 1410 2106 1443 2134; x_wconf 88' lang='lat' dir='ltr'>et</span> <span class='ocrx_word' id='word_1_511' title='bbox 1466 2104 1613 2134; x_wconf 86' lang='lat' dir='ltr'>diocesis</span> <span class='ocrx_word' id='word_1_512' title='bbox 1645 2113 1683 2134; x_wconf 90' lang='lat' dir='ltr'>ac</span> <span class='ocrx_word' id='word_1_513' title='bbox 1708 2104 1882 2142; x_wconf 85' lang='lat' dir='ltr'>provincie</span> <span class='ocrx_word' id='word_1_514' title='bbox 1907 2104 2125 2140; x_wconf 81' lang='lat' dir='ltr'>Senonensis,</span> <span class='ocrx_word' id='word_1_515' title='bbox 2157 2105 2322 2144; x_wconf 81' lang='lat' dir='ltr'>quasdam</span> 
     </span>
     <span class='ocr_line' id='line_1_78' title="bbox 1306 2157 2322 2196; baseline 0.001 -9"><span class='ocrx_word' id='word_1_516' title='bbox 1306 2157 1527 2196; x_wconf 89' lang='lat' dir='ltr'>pecuniarum</span> <span class='ocrx_word' id='word_1_517' title='bbox 1552 2166 1704 2187; x_wconf 86' lang='lat' dir='ltr'>summas</span> <span class='ocrx_word' id='word_1_518' title='bbox 1736 2157 1934 2194; x_wconf 84' lang='lat' dir='ltr'>mutuarint,</span> <span class='ocrx_word' id='word_1_519' title='bbox 1967 2158 2069 2187; x_wconf 84' lang='lat' dir='ltr'>certis</span> <span class='ocrx_word' id='word_1_520' title='bbox 2098 2158 2148 2188; x_wconf 87' lang='lat' dir='ltr'>eis</span> <span class='ocrx_word' id='word_1_521' title='bbox 2178 2158 2262 2188; x_wconf 89' lang='lat' dir='ltr'>locis</span> <span class='ocrx_word' id='word_1_522' title='bbox 2289 2159 2322 2188; x_wconf 88' lang='lat' dir='ltr'>et</span> 
     </span>
     <span class='ocr_line' id='line_1_79' title="bbox 1307 2210 2323 2249; baseline 0 -8"><span class='ocrx_word' id='word_1_523' title='bbox 1307 2211 1463 2241; x_wconf 88' lang='lat' dir='ltr'>terminis</span> <span class='ocrx_word' id='word_1_524' title='bbox 1472 2210 1728 2249; x_wconf 82' lang='lat' dir='ltr'>persolvendas,</span> <span class='ocrx_word' id='word_1_525' title='bbox 1738 2210 2012 2240; x_wconf 87' lang='lat' dir='ltr'>renuntiantibus</span> <span class='ocrx_word' id='word_1_526' title='bbox 2022 2211 2182 2249; x_wconf 85' lang='lat' dir='ltr'>predictis</span> <span class='ocrx_word' id='word_1_527' title='bbox 2195 2211 2323 2241; x_wconf 80' lang='lat' dir='ltr'>archie-</span> 
     </span>
     <span class='ocr_line' id='line_1_80' title="bbox 1307 2263 2320 2303; baseline 0 -10"><span class='ocrx_word' id='word_1_528' title='bbox 1307 2265 1457 2303; x_wconf 81' lang='lat' dir='ltr'>piscopo,</span> <span class='ocrx_word' id='word_1_529' title='bbox 1478 2264 1713 2303; x_wconf 84' lang='lat' dir='ltr'>suffraganeis,</span> <span class='ocrx_word' id='word_1_530' title='bbox 1733 2263 1925 2299; x_wconf 75' lang='lat' dir='ltr'>abbatibus,</span> <span class='ocrx_word' id='word_1_531' title='bbox 1945 2264 2129 2302; x_wconf 84' lang='lat' dir='ltr'>prioribus,</span> <span class='ocrx_word' id='word_1_532' title='bbox 2150 2265 2320 2294; x_wconf 72' lang='lat' dir='ltr'>conventi-</span> 
     </span>
     <span class='ocr_line' id='line_1_81' title="bbox 1307 2316 2323 2356; baseline -0.001 -9"><span class='ocrx_word' id='word_1_533' title='bbox 1307 2317 1383 2352; x_wconf 89' lang='lat' dir='ltr'>bus,</span> <span class='ocrx_word' id='word_1_534' title='bbox 1411 2317 1571 2356; x_wconf 84' lang='lat' dir='ltr'>capitulis</span> <span class='ocrx_word' id='word_1_535' title='bbox 1604 2319 1635 2348; x_wconf 88' lang='lat' dir='ltr'>et</span> <span class='ocrx_word' id='word_1_536' title='bbox 1661 2317 1793 2347; x_wconf 86' lang='lat' dir='ltr'>clericis</span> <span class='ocrx_word' id='word_1_537' title='bbox 1827 2316 1990 2347; x_wconf 79' lang='lat' dir='ltr'>beneficio</span> <span class='ocrx_word' id='word_1_538' title='bbox 2025 2317 2254 2347; x_wconf 84' lang='lat' dir='ltr'>restitutionis</span> <span class='ocrx_word' id='word_1_539' title='bbox 2288 2317 2323 2346; x_wconf 90' lang='grc'>111</span> 
     </span>
    </p>
   </div>
   <div class='ocr_carea' id='block_1_16' title="bbox 1277 2369 2322 2410">
    <p class='ocr_par' dir='ltr' id='par_1_22' title="bbox 1277 2369 2322 2410">
     <span class='ocr_line' id='line_1_82' title="bbox 1277 2369 2322 2410; baseline -0.002 -9"><span class='ocrx_word' id='word_1_540' title='bbox 1277 2393 1279 2404; x_wconf 75' lang='grc'><strong>,</strong></span> <span class='ocrx_word' id='word_1_541' title='bbox 1308 2371 1478 2410; x_wconf 87' lang='lat' dir='ltr'>integrum</span> <span class='ocrx_word' id='word_1_542' title='bbox 1504 2373 1535 2401; x_wconf 89' lang='lat' dir='ltr'>et</span> <span class='ocrx_word' id='word_1_543' title='bbox 1561 2371 1751 2409; x_wconf 85' lang='lat' dir='ltr'>exceptioni</span> <span class='ocrx_word' id='word_1_544' title='bbox 1778 2370 1866 2408; x_wconf 84' lang='lat' dir='ltr'>quod</span> <span class='ocrx_word' id='word_1_545' title='bbox 1897 2369 2091 2408; x_wconf 83' lang='lat' dir='ltr'>hujusmodi</span> <span class='ocrx_word' id='word_1_546' title='bbox 2120 2370 2262 2408; x_wconf 85' lang='lat' dir='ltr'>pecunie</span> <span class='ocrx_word' id='word_1_547' title='bbox 2287 2369 2322 2399; x_wconf 89' lang='grc'>111</span> 
     </span>
    </p>
   </div>
   <div class='ocr_carea' id='block_1_17' title="bbox 1308 2423 2326 2727">
    <p class='ocr_par' dir='ltr' id='par_1_23' title="bbox 1308 2423 2326 2727">
     <span class='ocr_line' id='line_1_83' title="bbox 1308 2423 2322 2454; baseline -0.002 0"><span class='ocrx_word' id='word_1_548' title='bbox 1308 2424 1492 2454; x_wconf 86' lang='lat' dir='ltr'>utilitatem</span> <span class='ocrx_word' id='word_1_549' title='bbox 1527 2423 1745 2454; x_wconf 84' lang='lat' dir='ltr'>ecclesiarum</span> <span class='ocrx_word' id='word_1_550' title='bbox 1777 2432 1836 2453; x_wconf 88' lang='lat' dir='ltr'>seu</span> <span class='ocrx_word' id='word_1_551' title='bbox 1867 2423 2153 2453; x_wconf 85' lang='lat' dir='ltr'>monasteriorum</span> <span class='ocrx_word' id='word_1_552' title='bbox 2182 2432 2322 2453; x_wconf 85' lang='lat' dir='ltr'>suorum</span> 
     </span>
     <span class='ocr_line' id='line_1_84' title="bbox 1309 2475 2320 2512; baseline -0.002 -4"><span class='ocrx_word' id='word_1_553' title='bbox 1309 2487 1375 2508; x_wconf 91' lang='lat' dir='ltr'>non</span> <span class='ocrx_word' id='word_1_554' title='bbox 1394 2477 1461 2507; x_wconf 89' lang='lat' dir='ltr'>sint</span> <span class='ocrx_word' id='word_1_555' title='bbox 1491 2485 1663 2512; x_wconf 75' lang='lat' dir='ltr'>converse,</span> <span class='ocrx_word' id='word_1_556' title='bbox 1687 2485 1723 2505; x_wconf 88' lang='lat' dir='ltr'>ac</span> <span class='ocrx_word' id='word_1_557' title='bbox 1751 2476 1879 2506; x_wconf 87' lang='lat' dir='ltr'>eisdem</span> <span class='ocrx_word' id='word_1_558' title='bbox 1897 2475 2090 2512; x_wconf 83' lang='lat' dir='ltr'>comitibus,</span> <span class='ocrx_word' id='word_1_559' title='bbox 2122 2475 2320 2508; x_wconf 77' lang='lat' dir='ltr'>baronibus.</span> 
     </span>
     <span class='ocr_line' id='line_1_85' title="bbox 1309 2529 2324 2567; baseline -0.003 -6"><span class='ocrx_word' id='word_1_560' title='bbox 1309 2529 1612 2561; x_wconf 87' lang='lat' dir='ltr'>communitatibus</span> <span class='ocrx_word' id='word_1_561' title='bbox 1635 2531 1667 2559; x_wconf 91' lang='lat' dir='ltr'>et</span> <span class='ocrx_word' id='word_1_562' title='bbox 1686 2529 1782 2559; x_wconf 72' lang='lat' dir='ltr'>laicis</span> <span class='ocrx_word' id='word_1_563' title='bbox 1801 2529 1992 2567; x_wconf 81' lang='lat' dir='ltr'>exceptioni</span> <span class='ocrx_word' id='word_1_564' title='bbox 2013 2529 2089 2565; x_wconf 81' lang='lat' dir='ltr'>sori,</span> <span class='ocrx_word' id='word_1_565' title='bbox 2107 2538 2144 2559; x_wconf 83' lang='lat' dir='ltr'>ac</span> <span class='ocrx_word' id='word_1_566' title='bbox 2171 2537 2206 2559; x_wconf 87' lang='lat' dir='ltr'>se</span> <span class='ocrx_word' id='word_1_567' title='bbox 2233 2538 2324 2559; x_wconf 87' lang='lat' dir='ltr'>sum-</span> 
     </span>
     <span class='ocr_line' id='line_1_86' title="bbox 1310 2581 2323 2621; baseline -0.002 -7"><span class='ocrx_word' id='word_1_568' title='bbox 1310 2582 1523 2614; x_wconf 86' lang='lat' dir='ltr'>mittentibus</span> <span class='ocrx_word' id='word_1_569' title='bbox 1543 2591 1644 2621; x_wconf 83' lang='lat' dir='ltr'>super</span> <span class='ocrx_word' id='word_1_570' title='bbox 1663 2582 1724 2612; x_wconf 86' lang='lat' dir='ltr'>hoc</span> <span class='ocrx_word' id='word_1_571' title='bbox 1739 2581 1972 2621; x_wconf 87' lang='lat' dir='ltr'>jurisdictioni</span> <span class='ocrx_word' id='word_1_572' title='bbox 1994 2582 2216 2612; x_wconf 83' lang='lat' dir='ltr'>ecclesiastici</span> <span class='ocrx_word' id='word_1_573' title='bbox 2237 2581 2323 2621; x_wconf 87' lang='lat' dir='ltr'>judi-</span> 
     </span>
     <span class='ocr_line' id='line_1_87' title="bbox 1310 2634 2324 2673; baseline -0.001 -7"><span class='ocrx_word' id='word_1_574' title='bbox 1310 2637 1370 2673; x_wconf 86' lang='lat' dir='ltr'>cis,</span> <span class='ocrx_word' id='word_1_575' title='bbox 1390 2645 1519 2666; x_wconf 81' lang='lat' dir='ltr'>necnon</span> <span class='ocrx_word' id='word_1_576' title='bbox 1537 2635 1586 2666; x_wconf 86' lang='lat' dir='ltr'>eis</span> <span class='ocrx_word' id='word_1_577' title='bbox 1600 2637 1631 2665; x_wconf 86' lang='lat' dir='ltr'>et</span> <span class='ocrx_word' id='word_1_578' title='bbox 1648 2635 1725 2665; x_wconf 86' lang='lat' dir='ltr'>aliis</span> <span class='ocrx_word' id='word_1_579' title='bbox 1741 2634 1900 2665; x_wconf 87' lang='lat' dir='ltr'>omnibus</span> <span class='ocrx_word' id='word_1_580' title='bbox 1926 2635 2141 2673; x_wconf 80' lang='lat' dir='ltr'>supradictis,</span> <span class='ocrx_word' id='word_1_581' title='bbox 2161 2635 2324 2666; x_wconf 88' lang='lat' dir='ltr'>constitu-</span> 
     </span>
     <span class='ocr_line' id='line_1_88' title="bbox 1309 2687 2326 2727; baseline -0.001 -8"><span class='ocrx_word' id='word_1_582' title='bbox 1309 2690 1394 2720; x_wconf 88' lang='lat' dir='ltr'>tioni</span> <span class='ocrx_word' id='word_1_583' title='bbox 1427 2689 1466 2719; x_wconf 87' lang='lat' dir='ltr'>de</span> <span class='ocrx_word' id='word_1_584' title='bbox 1495 2687 1626 2718; x_wconf 84' lang='lat' dir='ltr'>duabus</span> <span class='ocrx_word' id='word_1_585' title='bbox 1655 2688 1757 2718; x_wconf 86' lang='lat' dir='ltr'>dietis</span> <span class='ocrx_word' id='word_1_586' title='bbox 1785 2687 1874 2717; x_wconf 81' lang='lat' dir='ltr'>edite</span> <span class='ocrx_word' id='word_1_587' title='bbox 1893 2687 1926 2717; x_wconf 88' lang='grc'>111</span> <span class='ocrx_word' id='word_1_588' title='bbox 1950 2688 2093 2718; x_wconf 88' lang='lat' dir='ltr'>concilio</span> <span class='ocrx_word' id='word_1_589' title='bbox 2111 2688 2272 2727; x_wconf 81' lang='lat' dir='ltr'>generali,</span> <span class='ocrx_word' id='word_1_590' title='bbox 2293 2690 2326 2718; x_wconf 88' lang='lat' dir='ltr'>et</span> 
     </span>
    </p>
   </div>
   <div class='ocr_carea' id='block_1_18' title="bbox 1280 2740 2325 2780">
    <p class='ocr_par' dir='ltr' id='par_1_24' title="bbox 1280 2740 2325 2780">
     <span class='ocr_line' id='line_1_89' title="bbox 1280 2740 2325 2780; baseline 0.002 -11"><span class='ocrx_word' id='word_1_591' title='bbox 1280 2766 1281 2769; x_wconf 76' lang='grc'>,</span> <span class='ocrx_word' id='word_1_592' title='bbox 1311 2741 1469 2772; x_wconf 89' lang='lat' dir='ltr'>omnibus</span> <span class='ocrx_word' id='word_1_593' title='bbox 1487 2741 1685 2780; x_wconf 85' lang='lat' dir='ltr'>apostolicis</span> <span class='ocrx_word' id='word_1_594' title='bbox 1703 2740 1928 2779; x_wconf 77' lang='lat' dir='ltr'>indulgentiis</span> <span class='ocrx_word' id='word_1_595' title='bbox 1944 2743 1977 2770; x_wconf 89' lang='lat' dir='ltr'>et</span> <span class='ocrx_word' id='word_1_596' title='bbox 1995 2740 2120 2771; x_wconf 85' lang='lat' dir='ltr'>litteris</span> <span class='ocrx_word' id='word_1_597' title='bbox 2136 2741 2325 2780; x_wconf 87' lang='lat' dir='ltr'>impetratis</span> 
     </span>
    </p>
   </div>
   <div class='ocr_carea' id='block_1_19' title="bbox 1312 2793 2326 2939">
    <p class='ocr_par' dir='ltr' id='par_1_25' title="bbox 1312 2793 2326 2939">
     <span class='ocr_line' id='line_1_90' title="bbox 1312 2793 2326 2833; baseline -0.001 -8"><span class='ocrx_word' id='word_1_598' title='bbox 1312 2804 1371 2825; x_wconf 92' lang='lat' dir='ltr'>seu</span> <span class='ocrx_word' id='word_1_599' title='bbox 1392 2795 1494 2825; x_wconf 85' lang='lat' dir='ltr'>etiam</span> <span class='ocrx_word' id='word_1_600' title='bbox 1518 2794 1755 2833; x_wconf 84' lang='lat' dir='ltr'>impetrandis,</span> <span class='ocrx_word' id='word_1_601' title='bbox 1776 2795 1877 2832; x_wconf 85' lang='lat' dir='ltr'>prout</span> <span class='ocrx_word' id='word_1_602' title='bbox 1894 2793 1929 2823; x_wconf 85' lang='lat' dir='ltr'>in</span> <span class='ocrx_word' id='word_1_603' title='bbox 1948 2794 2187 2825; x_wconf 88' lang='lat' dir='ltr'>instrumentis</span> <span class='ocrx_word' id='word_1_604' title='bbox 2204 2794 2258 2824; x_wconf 79' lang='lat' dir='ltr'>vel</span> <span class='ocrx_word' id='word_1_605' title='bbox 2275 2794 2326 2824; x_wconf 86' lang='lat' dir='ltr'>lit-</span> 
     </span>
     <span class='ocr_line' id='line_1_91' title="bbox 1312 2837 2326 2886; baseline -0.002 -8"><span class='ocrx_word' id='word_1_606' title='bbox 1312 2848 1394 2878; x_wconf 87' lang='lat' dir='ltr'>teris</span> <span class='ocrx_word' id='word_1_607' title='bbox 1415 2848 1490 2877; x_wconf 86' lang='lat' dir='ltr'>inde</span> <span class='ocrx_word' id='word_1_608' title='bbox 1507 2846 1829 2886; x_wconf 82' lang='lat' dir='ltr'>consectis‚plenius</span> <span class='ocrx_word' id='word_1_609' title='bbox 1847 2847 1880 2876; x_wconf 86' lang='lat' dir='ltr'>et</span> <span class='ocrx_word' id='word_1_610' title='bbox 1900 2855 2062 2886; x_wconf 82' lang='lat' dir='ltr'>expresse</span> <span class='ocrx_word' id='word_1_611' title='bbox 2080 2837 2204 2878; x_wconf 84' lang='lat' dir='ltr'>dicitur</span> <span class='ocrx_word' id='word_1_612' title='bbox 2221 2847 2326 2878; x_wconf 76' lang='lat' dir='ltr'>conti-</span> 
     </span>
     <span class='ocr_line' id='line_1_92' title="bbox 1313 2899 2326 2939; baseline -0.003 -7"><span class='ocrx_word' id='word_1_613' title='bbox 1313 2901 1396 2937; x_wconf 79' lang='lat' dir='ltr'>neri,</span> <span class='ocrx_word' id='word_1_614' title='bbox 1412 2900 1560 2931; x_wconf 84' lang='lat' dir='ltr'>nonduin</span> <span class='ocrx_word' id='word_1_615' title='bbox 1577 2902 1690 2930; x_wconf 88' lang='lat' dir='ltr'>tamen</span> <span class='ocrx_word' id='word_1_616' title='bbox 1708 2901 1759 2930; x_wconf 81' lang='lat' dir='ltr'>est</span> <span class='ocrx_word' id='word_1_617' title='bbox 1774 2900 1823 2929; x_wconf 85' lang='lat' dir='ltr'>eis</span> <span class='ocrx_word' id='word_1_618' title='bbox 1842 2899 1881 2930; x_wconf 84' lang='lat' dir='ltr'>de</span> <span class='ocrx_word' id='word_1_619' title='bbox 1896 2899 2091 2939; x_wconf 86' lang='lat' dir='ltr'>hujusmodi</span> <span class='ocrx_word' id='word_1_620' title='bbox 2107 2901 2326 2939; x_wconf 87' lang='lat' dir='ltr'>pecuniarum</span> 
     </span>
    </p>
   </div>
   <div class='ocr_carea' id='block_1_20' title="bbox 1282 2952 2328 2991">
    <p class='ocr_par' dir='ltr' id='par_1_26' title="bbox 1282 2952 2328 2991">
     <span class='ocr_line' id='line_1_93' title="bbox 1282 2952 2328 2991; baseline -0.003 -6"><span class='ocrx_word' id='word_1_621' title='bbox 1282 2974 1284 2985; x_wconf 89' lang='lat'>.</span> <span class='ocrx_word' id='word_1_622' title='bbox 1315 2954 1461 2985; x_wconf 88' lang='lat' dir='ltr'>summis</span> <span class='ocrx_word' id='word_1_623' title='bbox 1485 2953 1711 2988; x_wconf 79' lang='lat' dir='ltr'>satisfactum,</span> <span class='ocrx_word' id='word_1_624' title='bbox 1736 2961 1929 2991; x_wconf 85' lang='lat' dir='ltr'>quanquam</span> <span class='ocrx_word' id='word_1_625' title='bbox 1956 2952 2163 2983; x_wconf 90' lang='lat' dir='ltr'>solutionum</span> <span class='ocrx_word' id='word_1_626' title='bbox 2191 2952 2328 2988; x_wconf 82' lang='lat' dir='ltr'>termini</span> 
     </span>
    </p>
   </div>
  </div>
 </body>
</html>
