2547 3289
249 203 308 246 2240

242 299 454 330 'l'lieobaldus
489 298 527 326 de
560 295 744 331 Achenum,
778 294 956 331 burgensis
990 294 1185 329 'necans-is,
1224 297 1253 325 et
1286 300 1287 306 ¹

245 353 440 390 l'liylippus‚
463 351 553 388 prior
572 350 611 378 de
632 349 745 383 ()seio,
767 351 794 377 et
825 348 972 383 'rui-tius,
993 347 1096 377 abbas
1117 348 1254 377 Arema-

243 406 367 437 nensis,
396 406 437 432 ita
468 403 554 441 quod
584 403 609 430 si
642 402 741 440 primi
771 401 835 431 duo
863 401 980 430 nolunt
1008 401 1057 430 vel
1085 409 1149 430 non
1179 410 1254 439 pos-

241 460 317 487 sunt
352 457 518 495 predictos
549 455 700 484 redditus
726 455 899 488 estimare,
930 454 1017 483 idem
1046 454 1149 483 abbas
1178 464 1253 484 cum

240 520 354 541 eorum
380 510 484 539 altero
503 508 637 537 eosdem
664 508 829 537 extiment
854 507 1006 537 redditus
1022 507 1108 537 bona
1130 507 1203 543 tide,
1223 509 1254 537 et

239 563 398 602 quicquid
432 562 510 591 dicti
539 562 603 590 duo
634 570 708 590 cum
740 570 856 590 eorum
889 560 994 590 altero
1027 560 1251 595 extimabunt,
1285 586 1286 589 ,

240 615 379 654 predicti
399 617 530 653 emptor
552 616 583 644 et¹
602 614 756 643 venditor
776 615 886 643 ratum
904 613 1073 643 habebunt
1091 616 1253 652 perpetuo

240 671 338 707 atque
358 669 503 701 lirnium,
524 670 555 697 ot
572 667 682 696 dictus
702 666 805 695 abbas
830 667 1055 696 instrumenta
1074 667 1187 696 onmia
1215 668 1251 696 ad

240 722 362 751 dictam
382 721 519 750 domum
538 719 743 758 pertinentia
767 720 923 757 promisit
944 728 979 749 so
1001 720 1088 749 dicto
1118 719 1253 749 domino

239 880 425 919 apostolica
444 880 640 910 auctoritate
660 882 691 909 et
720 888 806 909 nunc
826 888 956 909 caluere
983 879 1135 918 ejusdem
1163 882 1253 909 nota-

242 934 324 968 rius,
345 933 423 972 quia
453 933 518 963 litis
542 932 703 971 predictis
729 933 879 978 interfui.
905 934 1042 971 rogatus
1071 933 1192 971 scripsi
1223 934 1254 963 et

241 987 424 1026 publicavi.
448 1000 461 1013 u
593 981 596 984 ’

279 1040 371 1070 Nulli
389 1049 465 1077 ergo
489 1042 601 1069 nostre
627 1039 873 1075 ratiticationis,
894 1039 1160 1078 approbationis.
1180 1049 1254 1069 con-

240 1093 454 1129 firinati-nis,
476 1093 702 1132 suppletionis
724 1095 755 1122 et
775 1093 1030 1123 constitutionis
1047 1095 1108 1123 etc.
1129 1094 1253 1123 Datum

243 1147 331 1185 apud
349 1146 636 1179 Urbemveterem,
657 1157 677 1175 ιι
695 1146 771 1176 idus
786 1146 945 1184 januarii.
968 1155 1053 1176 anno
1069 1147 1177 1177 tertio.
1201 1160 1213 1173 »

334 1329 405 1359 482
784 1327 908 1358 Urvicto,
930 1328 962 1354 12
975 1327 1087 1362 janvier
1106 1327 1183 1354 izot.

277 1411 395 1442 Quidam
414 1411 547 1445 adjicitur
565 1410 703 1437 articulus
728 1411 843 1437 statutis
866 1411 981 1437 Militiae
1000 1420 1022 1437 s.
1045 1411 1153 1437 Jacobi.
1173 1412 1254 1446 (lii-tu.

240 1463 284 1488 28.
303 1460 349 1486 tol.
368 1461 412 1491 227,
429 1468 497 1485 ann.
517 1459 561 1487 ΙΙΙ,
580 1464 610 1485 11⁰
623 1461 680 1493 85.)

283 1579 296 1593 ι(
314 1591 332 1596 ..
354 1567 500 1606 infulis-lm
518 1570 544 1595 et
562 1565 712 1604 fratribus
729 1566 839 1595 Militia
856 1576 878 1595 s.
898 1566 1016 1596 dacolu'.
1037 1566 1185 1605 Insignis
1203 1575 1253 1596 or-

240 1620 331 1650 dinis
347 1620 449 1649 vestri
468 1637 516 1649 ——.
532 1619 602 1649 Nos
618 1619 742 1657 itaque,
761 1621 796 1649 ut
812 1619 982 1649 efticacius
999 1620 1032 1649 in
1051 1621 1117 1649 tani
1138 1623 1253 1650 sancto

240 1674 425 1713 proficiatis
437 1674 623 1713 proposito,
636 1673 843 1712 profectibus
856 1674 979 1704 vestris
992 1674 1136 1704 libenter
1150 1675 1252 1704 inten-

239 1727 353 1757 dimus
367 1729 397 1757 et
415 1736 465 1761 ne,
483 1727 730 1757 dissidentibus
743 1727 838 1756 vobis
856 1728 894 1757 ad
911 1727 1068 1763 invicem,
1083 1728 1123 1758 ad
1135 1737 1253 1758 nocen-

239 1781 318 1810 dmn
332 1780 427 1810 vobis
443 1781 567 1810 ostium
587 1782 698 1818 pateat
715 1782 782 1810 tam
804 1781 942 1819 perfidis
959 1781 1124 1817 imstihus,
1144 1783 1202 1811 sed
1219 1783 1252 1812 in

239 1835 428 1863 vestrorum
447 1833 670 1863 unanimitate
691 1835 857 1863 votorum.
876 1835 1000 1864 vestris
1015 1835 1048 1864 in
1066 1843 1169 1865 unum
1188 1836 1252 1866 col-

239 1886 335 1916 lectis
357 1885 498 1922 viribus,
521 1895 580 1915 vos
610 1886 641 1916 in
664 1887 762 1916 domo
786 1887 923 1916 Domini
944 1886 1147 1924 habitantes,
1172 1897 1251 1918 una-

239 1939 348 1968 nimes
361 1939 444 1977 ipsis
456 1938 585 1968 viribus
597 1939 777 1975 resistatis,
788 1948 919 1969 oinnem
935 1940 1090 1970 intervos
1101 1942 1250 1972 scandali

240 1992 415 2021 materiam
434 1993 572 2029 paterno
589 1991 833 2021 solllcitudInis
853 1992 964 2022 studio
983 2002 1248 2023 summovemus.

240 2045 280 2074 Et
300 2045 385 2075 ideo.
399 2054 473 2074 cuin
492 2045 525 2074 in
546 2044 723 2084 privIIegio
742 2045 843 2075 vestri
864 2045 993 2075 ordinis
1011 2045 1189 2076 baberetur
1202 2048 1248 2081 ut,

239 2098 269 2127 si
290 2097 416 2136 aliquis
434 2107 474 2127 ex
492 2098 653 2127 tredecim
680 2098 843 2128 fratribus
869 2098 1019 2136 ejusdem
1041 2099 1170 2128 ordinis
1193 2100 1249 2138 qui

240 2151 414 2189 magistro,
434 2160 508 2181 cum
538 2159 622 2189 opus
649 2153 711 2186 cst,
737 2151 769 2181 in
797 2151 940 2181 consilio
967 2154 999 2182 et
1027 2152 1250 2191 dislwsitione

238 2203 360 2234 domus
379 2204 543 2234 assistunt.
558 2205 590 2234 et
604 2213 719 2234 curam
734 2204 853 2234 liabent
869 2205 1010 2234 eundem
1023 2205 1168 2244 eligendi
1184 2215 1251 2236 ma-

238 2256 394 2295 gistrum,
413 2266 453 2287 ex
471 2256 531 2286 hac
551 2257 619 2287 vita
638 2257 811 2287 transierit
829 2257 879 2287 vel
900 2266 958 2296 pro
979 2258 1077 2297 culpa
1096 2268 1154 2289 seu
1172 2269 1251 2298 qua-

239 2318 382 2347 cumque
399 2309 498 2339 suerit
513 2309 687 2339 occasione
700 2309 894 2345 mutandus,
906 2310 1078 2348 magister,
1091 2320 1165 2340 cum
1179 2320 1251 2341 con-

240 2361 320 2391 silio
339 2362 547 2400 reliquorum
567 2363 623 2392 aut
639 2362 778 2401 majoris
796 2363 913 2401 partis,
929 2363 1031 2392 alium
1052 2363 1248 2400 substituat,

239 2415 312 2444 loco
331 2415 414 2453 eJ'us,
433 2423 493 2444 nos
516 2415 729 2445 intendentes
748 2415 855 2445 eidem
875 2416 984 2445 ordini
1009 2417 1195 2454 providere,
1216 2420 1250 2449 ut

239 2467 351 2497 omnis
366 2468 397 2497 in
408 2467 503 2497 vobis
518 2477 584 2507 quo
597 2468 637 2498 ad
653 2468 713 2498 hoc
729 2468 956 2499 dissensionis
968 2469 1143 2500 tolleretur
1162 2480 1251 2501 occa-

239 2520 302 2554 sio,
319 2521 531 2550 adiciendum
551 2521 712 2551 duximus
729 2522 817 2560 quod
836 2522 925 2551 idem
946 2523 1107 2561 magister
1128 2524 1252 2554 substi—

238 2573 402 2603 tutionem
417 2574 610 2612 hujusmodi
627 2575 725 2604 faciat
737 2584 811 2604 cum
826 2575 1034 2614 reliquorum
1046 2576 1097 2605 vel
1111 2577 1250 2616 majoris

238 2626 344 2664 partis
368 2627 510 2657 consilio
533 2629 564 2657 et
585 2636 761 2657 consensu.
784 2628 941 2658 Ceterum
961 2638 1048 2665 cum,
1076 2630 1163 2660 sicut
1189 2630 1251 2661 ter-

238 2680 304 2712 tur,
324 2679 471 2718 quinque
491 2680 530 2710 de
554 2680 714 2719 predictis
732 2681 890 2711 tredecim
909 2681 997 2711 viam
1017 2682 1160 2714 fuissent
1180 2684 1251 2713 uni-

239 2740 335 2761 verse
351 2733 461 2762 carnis
479 2733 621 2771 ingressi
641 2735 672 2763 et
688 2734 840 2764 nonnulli
855 2742 896 2764 ex
914 2737 986 2764 octo
1005 2737 1250 2773 superstitibus

238 2783 314 2819 tibi,
338 2785 384 2814 tili
410 2787 582 2824 magister,
610 2785 754 2817 rebelles
779 2795 838 2816 seu
865 2787 1097 2818 inobedientes
1126 2790 1249 2821 existe·
1281 2794 1282 2797 ’

241 2839 325 2871 rent,
347 2840 381 2868 tu
402 2838 546 2869 rebelles
570 2848 627 2869 seu
649 2839 880 2869 inobedientes
899 2840 992 2878 ipsos
1011 2850 1084 2871 cum
1104 2842 1250 2881 reliquo·
1280 2856 1281 2861 ¹

240 2899 315 2921 rum
333 2892 475 2922 consilio
493 2892 674 2927 amovisse,
694 2902 729 2922 ac
749 2893 815 2922 tam
833 2893 915 2931 ipsis
933 2902 1032 2932 quam
1052 2896 1248 2926 memoratis

1008 211 1253 241 ltEGIsTltlis
1275 212 1488 242 D'L'l‘tnatx
1512 213 1568 242 iv.

1319 296 1467 334 quinque
1499 296 1667 325 defunctis
1694 296 1780 326 alios
1799 297 1923 327 diceris
1947 297 2161 337 subrogasse,
2186 309 2247 330 nos
2274 301 2336 331 ita-

1317 358 1392 386 que.
1417 349 1500 378 sit-ut
1524 349 1555 378 in
1578 349 1739 387 predictis
1759 350 1867 379 ordini
1894 353 2081 381 memorato
2106 353 2331 391 providimus,

1317 401 1365 430 sic
1385 405 1415 431 et
1445 402 1475 431 in
1497 402 1556 431 lior·
1575 402 1634 431 tibi
1661 402 1839 440 providere
1858 403 2020 438 volentes
2051 404 2130 442 quia
2154 408 2267 436 nostre
2285 407 2335 436 in—

1317 454 1478 483 tentionis
1500 455 1615 484 existit
1636 457 1667 484 ut
1693 454 1885 493 hujusmodi
1905 455 2048 493 adjectio
2067 458 2182 486 nostra
2208 466 2273 488 non
2293 459 2335 488 ad

1316 507 1487 545 preterita,
1507 508 1564 536 sed
1584 507 1797 537 solummodo
1816 508 1855 537 ad
1874 508 1984 538 futura
2005 509 2168 545 trahatur,
2187 510 2335 541 decerni-

1316 568 1392 589 mus
1414 562 1445 589 ut
1470 560 1501 589 in
1523 569 1582 589 suo
1603 563 1797 591 remaneant
1815 562 1927 591 osticio
1944 562 1995 591 illi
2015 571 2112 600 quos,
2131 564 2166 592 ut
2184 563 2334 601 predixi-

1316 622 1402 649 mus,
1423 614 1546 643 amotis
1565 616 1593 643 et
1613 614 1782 644 defunctis
1799 614 1992 653 liujnsmorssli
2012 615 2218 655 subrogasti.
2234 617 2329 647 Nulli

1315 676 1392 705 ergo
1418 670 1530 697 nostre
1559 668 1824 698 constitutionis.
1853 669 1978 699 Datum
2003 669 2092 707 apud
2113 669 2333 700 L'rbemvete-

1285 732 1286 735 ’
1316 729 1398 756 reni,
1418 731 1436 749 ιι
1459 721 1532 750 idus
1548 721 1707 759 januarii,
1725 730 1812 751 anno
1832 722 1878 752 III
1897 728 1916 752 ⁰.
1939 732 1953 750 η

241 783 324 813 pape
341 774 390 803 vel
408 773 481 812 ejus
500 773 709 812 prociu·at0ri
729 773 885 802 daturum
908 775 939 802 et
959 773 1085 811 integre
1106 773 1253 802 redditu·
1286 797 1287 818 3

240 836 325 857 rum.
355 827 394 857 Et
414 836 473 865 ego
498 828 635 860 nassas,
658 826 748 855 tilius
767 826 932 864 quondam
953 826 1078 855 domini
1100 826 1252 862 Roberti,
1286 819 1287 827 ¹

1408 908 1477 939 '183

1855 908 1982 939 Orvieto,
1998 910 2032 934 Εὖ
2047 907 2161 943 janvier
2180 909 2258 935 lztj'i.

1350 991 1527 1021 tiualterum,
1555 991 1718 1018 absolutum
1744 1002 1758 1018 a
1792 991 1904 1018 vinculo
1932 1000 1987 1026 quo
2015 992 2166 1018 afflabatur
2195 992 2333 1020 ecclcsiae

1315 1039 1485 1071 Amcliensi,
1503 1040 1633 1066 weh-<iis
1653 1040 1741 1066 unitis
1767 1041 1907 1067 l¹‹=11nensi
1929 1044 1953 1067 et
1973 1041 2103 1067 Adi-icosi
2122 1042 2150 1068 in
2164 1042 2332 1076 episcopum

1315 1088 1453 1122 praeficit.
1470 1089 1548 1117 tunm.
1565 1090 1608 1116 :8-
1626 1089 1673 1114 t'ol.
1695 1090 1738 1115 28.
1758 1097 1824 1115 ann.
1842 1089 1887 1121 ΙΙΙ,
1904 1095 1933 1114 n⁰
1949 1090 2009 1123 so.)

1355 1204 1369 1223 (t
1386 1195 1541 1227 (hennei-0,
1556 1195 1740 1224 l’mmenw‘et
1754 1195 2060 1235 :tslricnsiepiscopo.
2074 1196 2111 1226 In
2123 1196 2332 1235 Sillim-*reme

1316 1248 1453 1286 specula
1469 1266 1516 1278 —.
1540 1248 1638 1280 Sane,
1667 1248 1744 1278 licet
1769 1249 1999 1278 ministerium
2023 1251 2118 1279 tuum
2143 1249 2334 1280 Ameliensi

1316 1301 1469 1337 ecclesie,
1480 1302 1531 1331 cui
1548 1301 1765 1331 laudabiliter
1778 1302 1946 1339 prefuisti,
1956 1302 2039 1332 utile
2052 1302 2198 1332 multum
2211 1303 2335 1334 existe-

1317 1356 1376 1383 ret.
1395 1363 1455 1384 nos
1476 1358 1600 1390 tamen,
1620 1355 1659 1384 de
1676 1355 1888 1384 ordinatione
1907 1355 2333 1386 PennensisetAdriensis

1316 1407 1549 1443 eeclesiarum,
1584 1416 1647 1446 que
1684 1408 1883 1438 auctoritate
1913 1408 2004 1438 sedis
2035 1409 2220 1447 apostolice
2253 1410 2333 1440 sunt

1315 1461 1408 1490 unite
1423 1470 1459 1490 ac
1472 1461 1511 1491 ad
1527 1470 1666 1499 presens
1682 1461 1808 1491 solacio
1826 1461 1988 1491 destitute
2006 1462 2166 1500 pastoris,
2185 1462 2333 1493 sollicite

1315 1514 1512 1551 cogitantes,
1537 1523 1573 1544 ac
1592 1514 1694 1544 talem
1714 1514 1785 1543 illis
1803 1523 1939 1552 preesse
1957 1514 2151 1552 pontiticeni
2174 1516 2331 1546 affectan-

1314 1569 1378 1602 tes,
1406 1576 1506 1605 quem
1526 1567 1711 1597 laudabilia
1733 1576 1793 1597 sua
1812 1567 1932 1597 merita
1961 1568 2171 1603 redimirent,
2191 1568 2331 1607 cujusve

1314 1630 1379 1650 non
1406 1622 1496 1650 esset
1515 1620 1616 1650 dubia
1635 1621 1759 1651 caritas
1778 1629 1856 1659 erga
1875 1621 2008 1659 plebem
2026 1630 2085 1651 sue
2106 1621 2331 1652 sollicitudini

1313 1674 1627 1709 commendandam,
1650 1675 1682 1703 in
1702 1676 1745 1709 te,
1765 1674 1817 1704 cui
1838 1674 1904 1704 vite
1925 1674 2096 1708 honestas,
2116 1675 2334 1706 commenda-

1313 1727 1393 1756 bilis
1413 1727 1624 1757 conversatio
1649 1729 1679 1757 et
1697 1727 1872 1757 sut'ticiens
1891 1727 2084 1757 litterarum
2105 1728 2247 1758 scientia
2264 1727 2332 1759 suf-

1314 1781 1487 1819 fragantur
1514 1782 1639 1819 quique
1667 1780 1899 1819 spiritualium
1919 1781 2181 1819 providentiam,
2200 1784 2328 1821 tempo-

1313 1834 1435 1864 ralium
1455 1842 1587 1872 quoque
1607 1834 1945 1872 circumspectionem
1968 1842 2096 1864 necnon
2112 1836 2143 1864 et
2163 1835 2329 1865 fervidam

1313 1888 1400 1917 circa
1419 1896 1619 1926 prosperum
1637 1888 1762 1917 statum
1782 1887 1919 1917 illarum
1938 1888 2085 1925 partium
2102 1888 2276 1918 caritatem
2293 1897 2330 1918 ac

1313 1941 1479 1970 sinceram
1513 1940 1652 1978 insuper
1682 1940 1896 1970 devotionem
1926 1940 1967 1969 ad
1997 1940 2183 1978 predictam
2213 1941 2328 1971 sedem

1313 1993 1480 2029 obtinens,
1498 1992 1595 2022 nobis
1614 1995 1643 2022 et
1663 1992 1825 2022 fratribus
1839 1993 1966 2022 nostris
1986 1996 2142 2031 acceptus
2160 1994 2328 2030 redderis⁷

1312 2046 1427 2076 oculos
1438 2046 1627 2075 direximus
1648 2046 1771 2075 mentis
1790 2048 1916 2075 nostre.
1937 2046 2159 2084 Quapropter.
2175 2049 2242 2076 tam
2261 2047 2328 2077 eis-

1312 2099 1387 2128 dem
1411 2099 1577 2129 l'ennensi
1607 2100 1637 2128 et
1664 2098 1822 2128 Adriensi
1853 2098 2019 2134 ecclesiis,
2046 2108 2187 2136 quarum
2214 2100 2246 2129 in
2267 2100 2330 2130 hoc

1311 2152 1495 2182 utilitatem
1530 2151 1719 2182 evidentem
1754 2151 1948 2190 specialiter
1974 2152 2192 2189 attendimus,
2225 2162 2329 2192 quam

1311 2206 1404 2244 gregi
1423 2205 1600 2235 Dominico
1621 2208 1759 2243 paterna
1788 2204 2001 2234 intendentes
2024 2205 2200 2244 diligentia
2218 2207 2328 2245 provi-

1312 2259 1402 2293 dere,
1421 2261 1450 2289 te
1475 2268 1493 2288 a
1512 2257 1658 2288 vinculo.
1680 2266 1745 2296 quo
1765 2257 1936 2287 tenebaris
1955 2258 2114 2288 astrictus
2137 2259 2328 2290 Ameliensi

1313 2311 1453 2342 ecclesie
1478 2311 1682 2349 supradicte,
1702 2311 1741 2340 de
1763 2311 1904 2341 fratrum
1931 2311 2161 2349 predictorum
2182 2313 2328 2343 consilio

1312 2364 1523 2396 absolvimus
1554 2366 1583 2394 et
1609 2364 1648 2393 de
1678 2372 1822 2402 persona
1854 2366 1911 2394 tua
1939 2364 2068 2394 eisdem
2099 2365 2267 2396 Pennensi
2295 2368 2329 2397 et

1313 2418 1472 2449 Adriensi
1493 2417 1646 2447 ecclesiis
1673 2417 1903 2455 providemus,
1923 2419 2021 2456 teque
2044 2419 2083 2448 ad
2107 2419 2199 2457 ipsas
2217 2421 2326 2450 trans-

1315 2472 1452 2502 ferimus
1481 2472 1520 2501 de
1552 2470 1736 2509 apostolice
1768 2470 1980 2508 plenitudine
2014 2472 2204 2510 potestatis,
2238 2474 2328 2503 tran-

1313 2525 1431 2555 seundi
1460 2525 1499 2555 ad
1530 2524 1664 2554 easdem
1695 2523 1857 2553 ecclesias
1890 2523 1951 2554 tibi
1981 2524 2123 2554 liberam
2152 2525 2327 2556 licentiam

1312 2578 1532 2608 concedentes
1549 2587 1555 2606 2
1574 2578 1667 2607 tirma
1679 2577 1718 2606 de
1736 2578 1768 2606 te
1786 2579 1944 2615 concepta
1964 2577 2086 2607 tiducia
2099 2578 2189 2617 quod
2205 2582 2251 2613 tu,
2267 2578 2327 2618 qui

1312 2632 1346 2661 in
1365 2631 1547 2661 conmiisso
1570 2630 1630 2661 tibi
1661 2630 1772 2660 officio
1792 2630 1954 2660 hactenus
1975 2631 2119 2661 tideliter
2141 2640 2177 2662 ac
2197 2632 2328 2662 utiliter

1312 2684 1528 2720 ministrasti,
1555 2684 1594 2714 de
1614 2683 1740 2713 talento
1759 2682 1819 2712 tibi
1837 2683 1975 2713 credito.
1996 2684 2133 2715 talenta.
2155 2686 2328 2723 prestante

1311 2738 1469 2769 Domino,
1496 2737 1621 2767 reseres
1648 2736 1789 2775 potiora.
1816 2736 2077 2767 Fraternitatem
2102 2737 2204 2776 igitur
2231 2741 2325 2768 tuam

1312 2799 1482 2829 rogamus,
1500 2797 1678 2819 monemus
1697 2790 1726 2818 et
1744 2788 1918 2818 hortamur
1934 2790 2059 2819 attente
2072 2798 2131 2828 per
2140 2790 2323 2829 apostolica

1311 2843 1373 2874 tibi
1391 2843 1515 2882 scripta
1535 2843 1568 2872 in
1584 2842 1708 2872 virtute
1727 2841 1919 2871 obedientie
1935 2842 2088 2873 districte
2109 2843 2326 2882 precipiendo

1313 2896 1511 2927 mandantes
1523 2895 1683 2934 ‹piatinus
1696 2894 1737 2924 ad
1749 2894 1900 2933 prefatas
1909 2894 2120 2925 Pennenscm
2137 2899 2166 2926 et
2183 2896 2326 2927 Adrien—
