2547 3289
1110 292 1140 322 D
1147 292 1326 323 'URBAIN
1349 292 1406 322 IV.
2257 292 2303 321 89¹

310 377 382 408 323
766 374 889 405 Orvicto,
910 375 941 400 10
959 373 1060 400 sevrier
1080 374 1156 400 1263.

254 455 293 481 De
308 454 489 481 absolutione
504 453 695 487 impendenda
708 452 862 485 Frcdcrici,
876 453 945 479 olim
962 453 1156 478 Romanorum
1178 451 1231 478 im-

218 503 372 538 peratoris,
391 501 559 529 fautoribus.
575 502 654 534 (REG.
672 503 717 532 27,
736 501 782 528 fol.
803 503 847 532 87,
867 507 896 527 [ιο
913 501 951 535 2.)

262 606 276 622 «
295 593 512 623 Eidem.Cuin
530 601 590 631 pro
606 593 707 623 Terre
727 594 840 623 sanct-e
862 591 1016 622 subsidio
1034 591 1233 629 predicatio-

234 658 251 675 α
263 655 296 676 τι]
313 646 431 676 Crucis
447 646 481 675 in
498 646 687 680 Alamania,
704 646 842 676 Boemia
857 647 888 675 et
905 644 984 674 aliis
996 644 1092 679 locis,
1110 644 1151 673 ad
1167 652 1230 681 que

306 708 336 729 'a
362 699 568 729 Theotonica
594 707 630 728 se
658 698 821 733 extendit,
846 697 909 727 tibi
930 696 993 726 sub
1015 698 1105 726 certa
1124 696 1231 726 forma

272 762 276 763 ⁷
317 754 429 782 atteras
447 753 580 782 nostras
595 751 794 780 duxerimus
812 749 1099 784 committendam,
1118 749 1230 778 volen-

222 813 270 834 1οῡ
287 806 321 834 ut
338 805 379 834 ad
395 804 537 834 eandem
554 805 679 833 terram
692 803 887 842 juvandam,
907 802 1033 832 Christi
1058 801 1175 832 fideles
1192 810 1231 831 eo

220 856 391 887 efficacius
406 857 610 890 animentur,
625 864 690 894 quo
705 855 874 885 senserint
886 855 1008 885 exinde
1023 863 1058 884 se
1069 854 1231 892 majorem

219 909 363 949 gratiam
385 909 616 947 percepturos
637 907 842 937 fraternitati
861 909 929 942 tue,
950 907 989 937 de
1010 916 1076 945 qua
1096 907 1231 945 plenam

220 961 255 991 in
275 960 421 991 Domino
446 959 605 989 fiduciam
633 958 836 995 obtinemus,
859 959 1057 989 absolvendi
1079 958 1140 988 hac
1160 958 1231 988 vice

219 1022 280 1052 per
295 1014 328 1043 te
344 1013 398 1043 vel
414 1021 473 1051 per
493 1012 600 1042 alium
616 1021 675 1042 seu
693 1011 777 1042 alios
795 1012 1066 1051 ydoneos,juxta
1088 1011 1231 1041 formam

220 1066 375 1103 ecclesie,
394 1074 510 1096 omnes
526 1065 604 1095 illos
622 1065 662 1095 de
684 1065 846 1103 predictis
865 1064 1030 1103 partibus,
1055 1065 1113 1103 qui
1135 1063 1232 1094 adhe-

220 1119 323 1149 rendo
342 1119 512 1157 quondam
534 1118 726 1155 Frederico‚
742 1118 822 1147 olim
838 1118 1070 1149 Romanorum
1089 1118 1234 1156 impera-

219 1172 298 1208 tori,
321 1180 380 1202 seu
399 1171 599 1210 cuicumque
617 1171 687 1207 alii,
702 1172 817 1201 contra
832 1171 1022 1202 Romanam
1041 1170 1231 1206 ecclesiam,

221 1232 282 1263 ope
299 1225 353 1254 vel
379 1225 491 1262 Opere,
511 1224 652 1254 consilio
679 1223 733 1254 vel
750 1224 876 1258 favore,
894 1224 997 1254 latam
1017 1224 1155 1262 propter
1172 1223 1232 1253 hoc

218 1277 254 1307 in
280 1277 367 1307 tales
390 1277 593 1316 generaliter
618 1276 670 1306 vel
693 1277 885 1315 specialiter
904 1276 1231 1307 excommucationis

220 1330 426 1360 sententiam
446 1330 672 1364 incurrerunt,
686 1329 838 1367 exceptis
857 1329 1005 1368 regibus,
1019 1328 1232 1367 principibus

219 1384 251 1413 et
270 1383 348 1413 aliis
363 1382 559 1422 hujusmodi
575 1381 803 1421 magnatibus,
832 1382 1028 1417 dummodo,
1046 1382 1163 1412 Crucis
1182 1390 1232 1412 as-

220 1438 357 1475 sumpto
391 1436 575 1475 signaculo,
598 1437 675 1465 eant
704 1435 929 1474 personaliter
958 1435 993 1464 in
1025 1435 1110 1465 dicte
1143 1437 1231 1465 terre

220 1489 413 1519 subsidium
438 1489 491 1518 vel
519 1489 655 1518 mittant
685 1488 765 1518 illuc
791 1488 942 1526 ydoneos
958 1487 1153 1524 bellatores,
1175 1490 1231 1518 aut

220 1542 307 1572 alias
324 1543 453 1580 partem
475 1542 515 1571 de
534 1541 632 1571 bonis
650 1541 722 1571 suis
738 1550 799 1579 pro
815 1541 933 1571 eodem
954 1540 1121 1574 subsidio,
1133 1540 1231 1579 juxta

219 1596 276 1625 tue
306 1594 520 1624 discretionis
538 1594 729 1627 arbitrium,
750 1594 814 1623 tibi
838 1593 892 1624 vel
916 1593 994 1623 aliis
1022 1593 1146 1632 quibus
1170 1593 1232 1624 hoc

220 1647 360 1678 duxeris
377 1647 667 1680 committendum,
684 1646 843 1676 exhihere
860 1647 1061 1682 curaverint,
1082 1646 1231 1685 injuncto
1262 1661 1263 1671 1

220 1700 464 1730 nichilominus
484 1700 570 1738 ipsis
588 1700 676 1738 quod
694 1700 796 1729 alicui
815 1699 977 1729 adversus
998 1699 1165 1737 prefatam
1184 1708 1232 1729 ec-

220 1754 361 1784 clesiam
380 1753 519 1783 minime
538 1752 756 1788 adherebunt,
778 1753 911 1791 plenam
937 1754 969 1782 et
992 1752 1135 1782 liberam
1158 1761 1232 1782 con-

219 1807 372 1836 cedimus
387 1806 584 1836 auctoritate
602 1806 813 1844 presentium
836 1805 1041 1835 facultatem.
1061 1805 1233 1844 Quidquid

221 1861 333 1890 autem
351 1860 427 1889 inde
446 1859 626 1897 receperis,
641 1859 789 1897 deponas
809 1858 872 1887 sub
888 1858 951 1888 fide
970 1858 1150 1896 dignorum
1165 1860 1230 1888 tes-

219 1912 363 1943 timonio
377 1912 411 1942 in
422 1912 536 1950 aliquo
550 1913 622 1941 tuto
638 1911 721 1947 loco,
736 1912 965 1949 rescripturus
978 1911 1077 1940 nobis
1088 1911 1232 1942 fideliter

221 1965 303 2004 quid
320 1966 352 1995 et
375 1966 539 2003 quantum
556 1964 617 1994 hac
641 1964 681 1994 de
705 1973 806 1994 causa
826 1964 994 2002 receperis
1012 1966 1043 1993 et
1067 1963 1125 1993 ubi
1146 1964 1231 1993 iilud

223 2080 273 2101 1111
289 2071 366 2100 idus
384 2070 557 2106 februarii,
575 2078 662 2100 anno
677 2070 835 2100 secundo.
855 2081 869 2096 »

311 2248 384 2279 324
770 2245 893 2276 Orvieto,
912 2246 940 2270 Η
962 2244 1065 2271 sevrier
1082 2245 1161 2271 ¹263.

261 2330 364 2357 Eidem
389 2331 507 2358 mandat
529 2333 668 2365 quatenus
687 2339 787 2357 omnes
806 2330 894 2357 laicos
916 2333 943 2357 et
961 2329 1079 2356 clericos
1097 2329 1144 2363 qui
1163 2328 1233 2355 olim

226 2386 278 2413 pro
295 2379 396 2405 Terrae
411 2382 527 2406 sanctae
541 2379 668 2406 subsidio
684 2379 798 2414 signum
816 2379 913 2406 Crucis
928 2379 1156 2412 assumpserunt,
1175 2386 1235 2404 mo-
1263 2392 1264 2397 =

224 2430 295 2454 neat
310 2430 340 2454 ut
358 2428 434 2454 idem
453 2428 568 2462 signum
593 2430 740 2454 resumant
757 2429 783 2454 et
798 2428 833 2454 ad
848 2427 1092 2454 transfretandum
1110 2435 1139 2453 se
1154 2434 1234 2461 prae-

224 2478 337 2512 parent.
358 2476 437 2512 (Rae.
458 2477 502 2507 27,
521 2475 570 2503 sol.
587 2477 620 2503 89
637 2482 674 2509 v⁰‚
690 2481 721 2502 11ο
743 2476 778 2511 1.)

263 2576 278 2591 «
296 2563 419 2594 Eidem.
437 2564 522 2594 Cum
540 2564 643 2594 Terra
661 2565 786 2594 sancta.
800 2581 838 2585 -
850 2563 975 2594 Datum
990 2563 1079 2601 apud
1095 2562 1235 2594 Urbem-

221 2618 384 2653 veterem,
405 2626 437 2646 111
453 2616 529 2647 idus
547 2616 721 2652 februarii,
737 2625 823 2647 anno
840 2616 997 2646 secundo.
1020 2627 1034 2642 »

315 2787 387 2819 325
773 2784 898 2816 Orvieto,
918 2786 950 2811 20
965 2785 1070 2812 ffivrier
1088 2786 1164 2813 1263.

262 2865 304 2892 Ne
317 2874 333 2892 a
344 2865 517 2900 questuariis
528 2865 688 2899 ceterisque
703 2864 866 2898 praedicare
881 2863 1041 2891 volentibus
1056 2864 1235 2891 obstaculum

227 2911 343 2946 aliquod
360 2911 508 2946 ingeratur
526 2911 770 2946 praedicatoribus
794 2911 890 2938 Crucis
908 2911 943 2938 ab
966 2912 1123 2945 apostolico
1141 2912 1236 2948 legato

227 2960 409 2995 deputandis.
429 2961 507 2993 (Rsc.
524 2962 567 2990 27,
585 2959 634 2987 sol.
651 2961 684 2987 89
698 2965 734 2991 v0,
753 2965 784 2986 11ο
802 2960 840 2994 2.)

372 3005 509 3032 URBAIN
531 3004 584 3036 IV,
605 3007 626 3032 t.
648 3004 672 3032 Ι.
693 3004 767 3039 Reg.
789 3012 864 3031 cam.

1332 385 1347 400 «
1371 372 1493 402 Eidem.
1519 374 1561 404 Ut
1581 373 1800 403 commissum
1818 372 1879 402 tibi
1904 391 1951 403 —.
1978 373 2103 403 Datum
2128 373 2217 411 apud
2234 374 2295 404 Ur-

1291 425 1529 462 bemveterem,
1548 435 1570 455 x
1588 426 1750 455 kalendas
1768 426 1891 462 martii,
1912 435 1998 456 1111110
2014 426 2171 456 secundo.
2193 438 2206 453 n

1381 578 1454 608 326

1855 578 1977 608 Orvivio,
1996 579 2025 603 21
2048 586 2124 604 mars
2144 578 2222 605 1263.

1327 655 1457 681 Fratrem
1476 655 1661 681 Bertholdum
1687 655 1813 686 Alberto,
1832 657 1975 689 quondam
2004 656 2201 691 itatisponvnsi
2225 656 2296 690 epis-

1291 711 1372 737 copo,
1392 704 1427 729 ad
1443 703 1666 737 praedicandum
1682 704 1799 729 verbum
1818 704 1915 730 Crucis
1932 704 2072 739 adjungit.
2091 706 2167 731 «lieu.
2185 707 2227 735 27,
2248 705 2296 731 sol.

1292 752 1325 778 89
1340 755 1379 782 v⁰‚
1399 757 1430 777 n⁰
1448 753 1484 784 3.)

1334 844 1348 863 1(
1367 832 1474 863 Fratri
1497 831 1677 868 Bertltoldm
1697 831 1731 861 cle
1748 831 1853 861 ordine
1872 831 2032 861 ,iliam-um.
2052 831 2297 861 'l'‹;=sti1·noniun·1

1292 887 1380 916 fame
1404 885 1586 916 laudabilis
1608 894 1670 923 que
1691 886 1723 914 te
1744 884 1891 922 predicat
1911 884 2021 913 virum
2041 884 2073 913 111
2098 884 2158 913 Dei
2179 884 2298 913 timore

1292 939 1462 973 devotum,
1476 938 1562 967 dono
1575 936 1714 966 scientie
1728 946 1763 965 ac
1776 936 1860 965 alias
1871 935 2106 973 multiplicitca·
2119 935 2300 965 virtutibus

1292 991 1474 1030 preditum,
1496 990 1594 1020 nobis
1626 989 1806 1019 efficaciter
1834 988 1982 1027 suggerit
2008 990 2039 1018 et
2067 990 2154 1018 certe
2181 988 2300 1018 fiducie

1293 1046 1491 1083 argumenta
1511 1043 1683 1073 ministrat
1708 1044 1743 1072 ut
1766 1043 1936 1080 gratanter
1958 1050 2021 1079 que
2042 1041 2112 1071 Deo
2135 1041 2299 1079 placeant,

1294 1097 1485 1136 exequaris,
1515 1098 1545 1126 et
1575 1095 1744 1125 mandatis
1771 1094 1898 1125 nostris
1926 1095 2102 1132 promptus
2127 1094 2299 1130 adhereas,

1293 1150 1353 1180 illa
1376 1149 1571 1180 efficacibus
1589 1148 1712 1178 studiis
1734 1146 1978 1186 prosequendo.
2000 1146 2181 1184 Cupientes
2199 1146 2301 1185 igitur

1292 1204 1329 1233 ut
1345 1203 1464 1233 Crucis
1480 1201 1663 1241 negotium,
1691 1200 1780 1239 quod
1797 1199 1981 1230 venerabili
2001 1199 2097 1229 fratri
2115 1200 2229 1228 nostro
2246 1200 2302 1233 A„

1293 1256 1450 1294 episcopo
1466 1255 1637 1294 quondam
1648 1252 1903 1291 Ratisponensi,
1916 1253 1949 1282 in
1964 1251 2154 1286 Alamania,
2166 1251 2303 1282 Boemia

1293 1311 1325 1339 et.
1344 1309 1422 1339 aliis
1446 1309 1530 1338 locis
1558 1309 1599 1338 ad
1618 1316 1682 1346 que
1705 1307 1821 1346 lingua
1849 1305 2053 1336 Tlieotonica
2075 1314 2110 1335 se
2140 1304 2302 1340 extendit,

1292 1371 1352 1401 pro
1368 1363 1456 1392 terre
1475 1363 1589 1392 sancte
1607 1360 1741 1391 subidio
1764 1360 1923 1390 duximus
1939 1368 2000 1398 per
2018 1359 2151 1388 nostras
2171 1358 2303 1387 litteras

1293 1415 1585 1451 committendum,
1596 1414 1751 1449 feliciter,
1765 1412 1879 1442 divina
1892 1411 2070 1442 clementia
2088 1411 2299 1449 cooperante,

1294 1469 1463 1506 procedat,
1480 1477 1516 1497 ac
1528 1468 1567 1497 de
1580 1468 1638 1497 tua
1655 1465 1955 1504 circumspectione
1966 1465 2103 1503 plenam
2117 1464 2150 1493 in
2163 1463 2302 1493 Domino

1294 1521 1452 1551 fiduciam
1483 1520 1683 1554 obtinenteS,
1715 1519 1928 1548 devotionem
1957 1519 2050 1547 tuam
2082 1525 2240 1555 rogamus
2271 1516 2301 1545 et

1292 1572 1468 1603 hortamur
1496 1574 1632 1607 attente,
1666 1580 1726 1610 per
1753 1570 1938 1609 apostolica
1967 1569 2029 1600 tibi
2058 1569 2183 1607 scripta
2212 1577 2303 1598 man-

1293 1625 1411 1654 dantes
1429 1624 1589 1662 quatinus
1611 1623 1721 1653 eidem
1739 1623 1895 1661 episcopo
1920 1630 2022 1660 super
2038 1621 2099 1651 hoc
2122 1621 2302 1659 diligenter

1293 1676 1459 1707 assistens
1479 1678 1509 1706 et
1524 1677 1622 1715 Juxta
1645 1675 1754 1713 ipsius
1775 1674 1924 1712 episcopi
1947 1674 2139 1709 consilium,
2159 1673 2301 1711 pruden-

1295 1732 1343 1760 ter
1368 1729 1557 1762 intendens,
1580 1728 1751 1767 negotium
1778 1728 1889 1766 ipsum
1908 1727 1957 1756 sic
1979 1735 2121 1764 operosa
2140 1725 2301 1764 prompti-

1293 1782 1623 1819 tudine,secundu1n
1655 1781 1813 1811 traditam
1834 1780 1897 1810 tibi
1923 1789 1941 1809 a
1969 1779 2114 1809 Domino
2145 1779 2299 1817 gratiam,

1292 1836 1452 1874 prosequi
1469 1835 1618 1871 studeas,
1635 1836 1669 1864 ut
1691 1835 1867 1872 operatum
1883 1833 1992 1871 pariat
2008 1833 2041 1861 in
2059 1832 2119 1861 hac
2136 1834 2229 1869 parte
2245 1833 2303 1861 tua

1294 1888 1488 1919 sollicitudo
1509 1888 1708 1926 profectum,
1732 1889 1763 1916 et
1787 1886 1906 1916 exinde
1932 1885 2166 1915 retributionis
2189 1888 2301 1914 eterne

1293 1941 1462 1980 premium
1490 1940 1650 1978 consequi
1668 1939 1842 1969 merearis.
1866 1939 1990 1968 Datum
2013 1938 2102 1975 apud
2121 1937 2304 1967 Urbemve-

221 2018 361 2048 duxeris
390 2017 635 2056 deponendum.
667 2017 792 2047 Datum
820 2017 909 2055 apud
939 2015 1229 2054 Urbemveterem,
1263 2016 1265 2036 ³¹
1294 1996 1411 2030 terem’
1427 2003 1473 2022 XM
1491 1993 1654 2023 kalendas
1674 1992 1805 2030 apfflls’
1827 2000 1912 2021 anno
1929 1990 2087 2020 becumlo'
2108 2002 2122 2015 n

1866 2160 1990 2191 Orvieto,
2010 2161 2040 2186 10
2058 2168 2136 2186 mars
2156 2161 2232 2186 1263.

1386 2165 1457 2196 327

1328 2242 1474 2271 Universis
1486 2241 1730 2277 praedicatoribus
1745 2239 1822 2266 verbi
1834 2239 1930 2266 Crucis
1943 2239 2025 2265 venia
2038 2241 2221 2273 pcccatorum
2236 2246 2301 2265 con-

1293 2293 1414 2319 ceditur.
1432 2291 1511 2326 (Rnc.
1531 2292 1574 2321 27,
1593 2289 1641 2316 fol.
1657 2290 1700 2319 90,
1721 2294 1749 2314 11ο
1769 2290 1803 2321 t.)

1335 2387 1349 2403 «
1373 2374 1526 2405 L'niccrsis
1539 2373 1785 2414 predicatoribus
1807 2371 1889 2401 verbi
1907 2370 2014 2401 Crucis
2031 2381 2088 2410 pro
2106 2377 2186 2400 terre
2201 2376 2304 2400 sancte

1293 2428 1426 2458 subsidio
1445 2438 1478 2457 ac
1500 2426 1707 2457 executoribus
1726 2425 1839 2464 neqolii
1857 2423 1987 2463 ejusdem
2007 2423 2124 2454 Crucis,
2140 2424 2303 2454 Volentes

1294 2481 1428 2512 labores
1438 2482 1581 2516 vestros,
1591 2488 1676 2518 quos
1688 2488 1747 2517 pro
1759 2480 1846 2508 terre
1859 2478 1971 2507 sancte
1984 2476 2137 2507 subsidio
2149 2479 2306 2515 prompta

1293 2535 1467 2565 voluntate
1489 2532 1623 2566 subitis,
1644 2530 1882 2570 spiritualibus
1905 2529 2045 2568 premiis
2071 2537 2303 2567 compensare,

1294 2586 1391 2617 vobis
1407 2586 1578 2616 universis
1606 2586 1637 2615 et
1664 2584 1809 2623 singulis
1824 2584 1960 2622 propter
1978 2581 2039 2612 hoc
2056 2581 2302 2618 laborantibus,

1295 2640 1391 2671 illam
1416 2641 1607 2670 vestrorum
1634 2638 1673 2668 de
1696 2637 1820 2676 quibus
1840 2635 1974 2666 fueritis
2000 2635 2098 2666 corde
2116 2634 2252 2665 contriti
2273 2636 2306 2666 et

1295 2701 1352 2724 ore
1375 2692 1535 2728 confessi,
1548 2691 1761 2722 concedimus
1778 2689 1913 2720 veniam
1931 2690 2156 2727 peccatorum,
2176 2688 2304 2727 illoque

1295 2746 1453 2776 volumus
1480 2743 1660 2784 privilegio
1687 2751 1791 2782 eaque
1818 2741 2031 2772 immunitate
2060 2741 2217 2781 gaudere,
2241 2747 2323 2780 que‘

1296 2799 1383 2829 dicte
1406 2800 1495 2829 terre
1526 2796 1801 2827 succurrentilnis
1826 2795 1859 2824 in
1889 2794 2037 2833 generali
2063 2794 2205 2825 concilio
2227 2794 2305 2824 sunt

1297 2859 1466 2882 concessa.
1484 2850 1580 2881 Nulli
1601 2850 1676 2884 etc„
1700 2850 1812 2878 nostre
1837 2847 2064 2878 concessionis
2087 2848 2148 2877 etc.
2176 2847 2210 2877 Si
2230 2846 2307 2885 quis

1297 2905 1359 2934 etc.
1377 2905 1502 2934 Datum
1518 2902 1606 2942 apud
1621 2901 1908 2937 Urbemvetere1n,
1928 2909 1958 2930 vi
1981 2900 2056 2929 idus
2077 2899 2202 2934 martii,
2219 2906 2305 2928 anno

1299 2956 1458 2987 secundo.
1479 2967 1493 2982 n

2132 3000 2162 3027 ¹5)
