2547 3289
355 261 413 291 468

352 344 441 374 certo
458 352 569 373 coram
585 342 746 372 cardinali
764 342 1002 380 comparuistis
1020 341 1137 370 eodem
1153 350 1190 370 ac
1207 340 1360 370 volentes

351 395 473 424 vestris
498 404 630 433 parcere
648 393 820 424 lalmribns
839 395 869 422 ct
888 393 1060 431 expensis,
1078 394 1107 421 et
1127 391 1290 430 eligentes
1306 399 1360 429 po-

349 447 417 476 tius
435 456 493 485 por
520 447 606 476 viam
632 447 723 485 pacis
751 446 963 484 questionem
982 444 1174 483 hujiismodi
1200 444 1359 473 dirimere

348 508 447 537 quam
466 503 619 530 eventum
640 499 778 529 dubium
801 499 918 537 judicii
939 499 1127 537 expectare,
1154 498 1186 527 in
1204 497 1358 527 cardina-

346 551 411 581 lem
429 553 538 590 ipsum
557 554 729 591 tamquam
751 552 783 581 in
802 551 979 586 arbitrum,
999 550 1248 586 arbitratorem⁷
1269 550 1356 579 ordi-

346 606 494 635 natorem
533 606 565 635 et
603 605 815 635 amicabilem
861 605 1133 643 compositorem,
1164 604 1357 641 juramento

344 658 465 688 exinde
484 657 524 687 ab
552 659 693 696 utraque
719 660 812 696 parte
832 658 985 695 prestito,
1009 657 1283 695 cmnpromittere
1302 665 1356 686 cu-

344 710 491 744 ravistis,
526 710 677 745 arbitrio,
719 711 830 746 laudo,
856 710 1073 746 ‹‡›1·dinationi‚
1101 709 1297 740 diffinitioni
1324 711 1356 739 et

342 762 430 793 dicto
448 763 557 802 ipsius
574 764 781 802 superdicta
799 763 955 793 sacristia
972 765 1003 793 et
1022 763 1093 802 ejus
1115 762 1281 793 fructibus
1296 771 1355 792 vos

340 823 423 853 pure
444 825 480 845 ac
506 816 708 854 simpliciter
733 815 988 846 summittendo.
1006 816 1098 845 Idem
1119 817 1230 845 autem
1248 815 1354 845 cardi-

339 868 438 904 nalis
460 870 591 907 recepto
610 868 802 907 hujusmodi
821 869 1080 907 compromisso,
1100 870 1131 898 et
1149 868 1280 898 anobis
1297 867 1353 898 ob-

337 921 429 951 tenta
467 921 604 951 licentia
634 922 824 957 ordinandi,
856 922 1070 960 disponendI,
1105 921 1291 951 arbitrandi
1321 923 1352 951 et

339 974 509 1004 statuendi
528 974 615 1004 inter
638 977 764 1013 partes,
784 974 869 1004 sicut.
883 974 948 1003 sibi
969 974 1091 1004 melius
1110 974 1292 1010 videretur,
1311 975 1351 1005 de

339 1027 466 1057 nostris
485 1027 642 1057 mandato
669 1030 698 1057 et
716 1027 853 1057 licentia
872 1027 936 1057 sibi
960 1027 1048 1058 datis
1063 1036 1081 1057 a
1099 1027 1197 1057 nobis
1215 1027 1351 1058 oraculo

338 1080 413 1109 vive
436 1080 536 1117 vocis,
563 1089 691 1110 necnon
710 1081 749 1111 de
773 1080 945 1111 voluntate
964 1080 1115 1119 ipsarum
1136 1081 1283 1119 partium
1299 1090 1349 1111 co-

337 1141 409 1162 ram
425 1141 463 1163 eo
481 1133 707 1172 personaliter
724 1133 957 1170 existentium,
975 1134 1263 1170 ordinavit‚dixit‚
1285 1136 1350 1164 sta-

337 1185 401 1215 tuit
419 1187 449 1215 et
475 1185 660 1216 arbitratus
686 1186 747 1216 l'uit
772 1186 860 1224 quod
887 1187 921 1216 tu
947 1186 1133 1224 predictam
1158 1187 1348 1218 sacristiam

337 1238 495 1277 deinceps
513 1238 637 1269 habeas
655 1240 685 1269 et
704 1238 826 1269 habere
850 1238 985 1275 debeas,
1007 1247 1081 1269 cmn
1099 1239 1258 1270 omnibus
1275 1241 1349 1270 suis

332 1291 467 1330 juribus
483 1294 513 1321 et
532 1291 758 1330 pertinentiis.
777 1291 913 1330 pacitice
932 1294 961 1321 et
983 1292 1108 1330 quiete,
1128 1301 1227 1331 quam
1247 1293 1347 1323 etiam

335 1352 394 1383 per
410 1353 506 1374 suam
523 1345 770 1374 ordinationem
791 1354 849 1374 seu
868 1345 1045 1374 arbitrium
1059 1345 1119 1374 tibi
1137 1346 1346 1383 adjudicans,

334 1398 366 1427 te
384 1397 556 1427 investivit
572 1406 630 1436 por
647 1407 744 1428 suum
765 1398 902 1428 anulum
920 1398 960 1427 ‹le
978 1398 1106 1433 eadem,
1123 1399 1252 1437 prefato
1270 1400 1348 1429 ller-

334 1450 437 1480 nardo
457 1451 496 1480 dc
513 1451 697 1480 Villacerto
717 1460 817 1489 super
833 1451 988 1480 sacristia
1008 1451 1082 1489 ipsa
1097 1451 1270 1481 silentium
1288 1453 1347 1482 iin—

333 1503 498 1541 ponendo,
529 1504 563 1533 ut
581 1506 610 1532 lc
638 1503 830 1533 nullatenus
850 1503 958 1533 valeat
976 1512 1077 1542 super
1092 1504 1167 1542 ipso
1190 1505 1347 1543 imposte-

333 1565 406 1586 rum
426 1556 616 1591 molestare,
634 1558 732 1594 prout
752 1556 784 1585 in
800 1556 934 1594 publico
953 1557 1178 1587 instrumento
1196 1558 1346 1590 confecto

332 1609 453 1639 exinde
479 1618 515 1639 ac
540 1609 653 1648 sigillo
677 1609 861 1639 cardinalis
887 1609 1007 1648 prefati
1038 1610 1180 1648 signato,
1211 1611 1345 1649 plenius

331 1663 532 1693 continetur.
544 1663 613 1693 Nos
632 1663 755 1701 itaque.
774 1664 840 1693 tuis
856 1663 1164 1702 supplicationibus
1179 1664 1343 1699 inclinati,

332 1715 421 1753 quod
441 1715 481 1745 ab
505 1716 621 1746 eodem
641 1716 803 1746 cardinali
824 1724 926 1754 super
952 1717 1131 1754 premissis
1149 1726 1208 1756 pro
1230 1719 1262 1748 te
1283 1719 1344 1748 t'ac-

330 1769 402 1798 tum
435 1770 497 1804 est,
528 1770 637 1799 ratum
657 1772 688 1799 et
720 1770 852 1799 tirmum
887 1769 1058 1806 habentes,
1091 1771 1123 1800 id
1145 1771 1343 1802 auctoritate

332 1822 517 1860 apostolica
535 1822 775 1852 confirmamus
794 1824 854 1852 etc.
875 1831 982 1861 usque
1000 1824 1269 1854 communimus:

371 1875 536 1905 'senorem
563 1877 675 1905 autem
708 1876 816 1914 ipsius
851 1876 1068 1906 instrumenti
1099 1877 1139 1906 de
1171 1877 1272 1907 verbo
1303 1878 1343 1908 ad

332 1928 470 1958 verbum
487 1928 703 1967 presentibus
718 1929 858 1958 fecimus
876 1930 1042 1965 annotari,
1063 1931 1120 1968 qui
1139 1931 1218 1960 talis
1236 1933 1287 1961 est
1308 1941 1313 1959 :

372 1992 386 2009 α
408 1981 445 2011 In
475 1981 609 2011 nominc
641 1981 802 2020 [Dominil
836 1991 945 2012 amen.
967 1982 1028 2011 Ille
1058 1992 1115 2013 rex
1137 1983 1343 2014 mitissimus

330 2052 377 2062 —.
410 2034 495 2064 Sane
523 2035 608 2064 inter
628 2035 792 2064 discretos
818 2035 908 2064 viros
938 2036 1145 2065 Bernardum
1175 2037 1214 2066 de
1239 2038 1343 2067 Villa-

329 2088 430 2123 certo,
451 2087 717 2117 archidiacomm
737 2088 776 2117 dc
792 2088 885 2117 Silva
907 2088 938 2117 in
958 2089 1098 2118 ecclesia
1115 2090 1340 2126 Gerumlensb

329 2140 614 2170 Barchinonensis
628 2140 768 2170 ecclesie
789 2141 998 2176 canonifflm,
1017 2142 1144 2171 domini
1162 2151 1246 2181 pape
1266 2143 1343 2172 sub-

329 2193 507 2223 diaconum
536 2195 567 2223 et
585 2194 834 2232 c2q)pellanmn‚
857 2196 886 2224 et
910 2195 1109 2233 magistrum
1130 2195 1339 2226 Bernardmn

328 2247 367 2276 de
397 2247 531 2281 Olorda,
570 2246 842 2277 archidiaconum
875 2248 1099 2278 Benacensem
1133 2248 1166 2278 in
1198 2249 1339 2280 ecclesia

327 2299 504 2333 Ilerdensi,
535 2299 622 2330 dicte
653 2300 939 2330 Barchinonensis
974 2301 1115 2331 ecclesie
1141 2302 1338 2333 canonicum

328 2361 364 2382 ac
398 2352 549 2391 ejusdem
576 2353 704 2383 domini
732 2362 816 2392 papo
842 2354 1091 2393 cappellanum,
1122 2355 1183 2385 suit
1213 2355 1245 2385 in
1276 2357 1340 2386 Ro-

326 2414 425 2436 mana
453 2406 546 2436 curia
569 2408 641 2436 orta
671 2407 813 2437 materia
839 2407 1029 2446 questionis
1053 2416 1155 2446 super
1182 2409 1338 2439 sacristia

326 2458 454 2496 prefate
476 2458 758 2488 ltarcl‘iinonensis
777 2458 927 2490 ecclesie,
940 2468 1004 2498 que
1020 2468 1079 2498 per
1098 2460 1240 2490 mort-em
1262 2461 1337 2490 Fer-

326 2511 406 2541 rarii
427 2512 466 2541 ‹le
483 2512 592 2542 Lauro
611 2512 642 2541 in
661 2512 776 2541 eadem
795 2512 925 2542 vacavit
944 2512 1098 2548 ecclesia,
1112 2521 1212 2551 quam
1228 2513 1337 2543 dictus

325 2564 361 2594 B.
379 2564 418 2594 de
430 2564 609 2595 Yillacerto
623 2565 663 2594 ad
681 2573 715 2595 se
734 2564 865 2595 dicebat
879 2566 1030 2604 spectare
1049 2565 1089 2595 de
1105 2565 1181 2604 jure
1196 2574 1234 2596 eo
1249 2567 1337 2605 quod

324 2679 401 2710 pam
425 2671 501 2707 IIII,
534 2672 752 2702 canonicatus
781 2672 1065 2702 Barchinonensis
1092 2672 1234 2702 ecclesie
1260 2682 1334 2703 cum

324 2724 534 2762 plenitudine
551 2725 639 2764 juris
669 2725 819 2755 canonici
851 2725 914 2755 sibi
949 2725 1092 2755 collatus
1114 2726 1282 2762 extiterat,
1304 2728 1335 2757 et
1366 2735 1367 2771 }

1366 2783 1367 2794 ³
1396 2779 1565 2817 promisso
1589 2778 1792 2817 obtentaque
1808 2778 1852 2822 ab
1868 2778 1985 2808 eodem
2003 2778 2140 2808 domino
2160 2778 2295 2809 Urbano
2310 2779 2412 2810 licen-

324 2777 413 2807 idem
429 2778 587 2807 dominus
600 2787 684 2817 pape
702 2779 813 2817 ipsum
834 2779 1051 2809 investiverat
1066 2787 1238 2817 persuum
1257 2787 1335 2808 ann-

324 2829 393 2860 lum
411 2830 450 2860 de
471 2831 600 2866 eodem,
628 2833 843 2869 personatum
861 2831 1102 2862 nichilominus
1121 2831 1173 2861 vel
1191 2831 1333 2870 dignita-

322 2884 403 2917 tem,
430 2883 591 2913 decanatu
614 2886 644 2914 et
662 2885 809 2914 cantoria
827 2885 1002 2915 dumtaxat
1024 2884 1188 2923 exceptis,
1207 2893 1243 2914 ac
1262 2893 1333 2923 pre-

322 2935 465 2966 bendam
495 2945 559 2967 non
584 2938 825 2967 sacerdotalem
843 2940 871 2968 et
891 2938 1008 2968 domos
1026 2947 1061 2967 ac
1082 2938 1331 2977 preposituram

1109 255 1353 301 REGISTRES
1382 254 1596 285 D'IJRBAIN
1627 254 1685 285 IV.

1423 346 1487 377 que
1515 343 1661 374 mensam,
1685 338 1871 377 vulgariter
1887 338 2112 376 appellantun
2133 339 2242 376 primo
2267 339 2299 368 in
2318 339 2434 369 eadem

1423 391 1565 421 ecclesia
1581 393 1768 424 vacaturos,
1787 391 2008 421 conferendos
2025 391 2133 421 eidem
2148 392 2183 421 Ii.
2196 391 2235 421 de
2251 391 2434 422 Yillacerto

1421 443 1593 473 donationi
1613 444 1798 482 apostolice
1822 452 2012 479 reservans,
2034 453 2071 474 ac
2089 444 2272 474 decernens
2297 444 2432 474 irritum

1421 497 1451 526 et
1471 496 1568 526 inane
1587 497 1615 526 si
1635 505 1732 526 secus
1746 497 1785 527 de
1805 497 1902 535 ipsis,
1918 497 2103 535 apostolica
2123 497 2173 535 vel
2190 497 2310 535 quavis
2325 499 2435 527 aucto-

1420 549 1530 586 ritate,
1560 558 1577 579 a
1601 557 1769 588 quoquam
1796 549 2005 588 contingeret
2031 550 2244 587 attemptari;
2273 552 2302 579 et
2324 558 2366 579 ex
2394 557 2433 580 eo

1419 602 1519 631 etiam
1539 602 1627 641 quod
1653 602 1858 632 venerabilis
1888 604 1982 640 pater
1999 603 2049 638 B„
2076 602 2362 632 Terrachonensis
2383 611 2435 632 ar-

1418 654 1665 694 chiepiscopus,
1699 655 1764 693 ipsi
1797 655 1834 685 B.
1864 655 1903 685 de
1935 654 2118 684 Yillacerto
2145 657 2302 684 executor
2332 663 2435 693 super

1417 708 1611 746 provisione
1637 708 1787 746 predicta
1814 716 1832 737 a
1850 708 1928 738 sede
1948 708 2135 746 apostolica
2160 708 2352 746 deputatus,
2380 716 2434 738 ve-

1417 760 1560 790 nerabili
1584 761 1671 799 patri
1700 786 1719 790 ..
1747 761 1917 799 episcopo,
1938 762 1969 790 et
1996 760 2155 790 discretis
2183 761 2265 791 viris
2287 761 2432 799 capitulo

1416 813 1760 849 Barchinonensifflm,
1791 813 1864 843 suis
1893 814 2029 843 dederat
2057 813 2181 844 litteris
2200 814 2233 844 in
2262 814 2432 844 mandatis

1415 868 1451 896 ut
1468 868 1636 906 prefatum
1655 868 1692 897 B.
1711 867 1750 897 de
1767 867 1950 897 Villacerto
1967 867 2155 905 reciperent
2173 869 2262 897 certo
2282 867 2428 897 termino

1414 920 1448 950 in
1468 921 1666 950 canonicum
1684 921 1715 950 et
1732 920 1765 949 in
1783 920 1932 956 fratrem,
1948 920 1981 949 in
1998 920 2262 950 contradictores
2279 922 2309 950 et
2325 919 2432 950 rebel-

1413 973 1463 1004 les
1482 982 1518 1003 ac
1544 973 1825 1012 impedimentum
1854 975 2046 1012 prestantes
2065 973 2429 1003 excommunicationis

1413 1026 1580 1057 sententia
1603 1026 1827 1065 promulgata,
1854 1028 1885 1056 et
1911 1025 2103 1056 inhibuerat
2131 1026 2233 1056 etiam
2255 1025 2430 1064 jamdictis

1412 1080 1570 1118 episcopo
1588 1081 1618 1109 et
1639 1079 1787 1118 capitulo
1804 1079 1893 1118 quod
1914 1079 2110 1109 nullatenus
2133 1080 2359 1109 communiter
2375 1079 2429 1109 vel

1412 1132 1549 1162 divisim
1571 1132 1788 1171 procederent
1807 1132 1847 1161 ad
1863 1131 2077 1161 collationem
2097 1131 2267 1170 prebende
2291 1131 2427 1162 canoni-

1411 1186 1494 1216 calis
1514 1194 1578 1215 non
1605 1185 1838 1219 sacerdotalis,
1868 1187 2070 1223 personatus
2097 1184 2150 1214 vel
2174 1184 2351 1223 dignitatis
2369 1184 2428 1215 hu-

1407 1239 1569 1277 jusmodi,
1594 1239 1756 1268 decanatu
1779 1239 1811 1268 et
1836 1238 1985 1267 cantoria
2001 1237 2164 1276 exceptis,
2184 1246 2220 1267 ac
2247 1237 2424 1268 domorum

1411 1293 1442 1322 et
1468 1291 1680 1330 prepositure
1702 1291 1944 1329 predictarum,
1964 1290 1993 1319 si
2017 1292 2094 1320 tunc
2116 1293 2271 1321 vacarent
2300 1290 2427 1321 ibidem

1410 1345 1462 1374 vel
1492 1344 1745 1383 ‹plamprimum
1772 1352 1890 1373 vacare
1919 1344 2144 1383 contingeret,
2168 1353 2225 1373 eas
2251 1344 2426 1375 collationi

1411 1406 1469 1427 sue
1500 1405 1692 1431 reservans,
1721 1397 1825 1426 donec
1852 1397 1942 1426 idem
1970 1398 2007 1427 Β.
2026 1397 2066 1427 de
2092 1396 2306 1430 villarem-to,
2326 1397 2425 1436 juxta

1408 1451 1569 1481 traditam
1589 1450 1654 1480 sibi
1672 1450 1827 1485 formam,
1839 1451 1974 1480 duceret
1991 1450 2249 1488 providendum.
2269 1450 2428 1480 Prefatus

1409 1506 1521 1534 autem
1550 1503 1743 1534 Bernardus
1767 1503 1806 1533 de
1834 1503 1958 1534 Olorda
1977 1503 2010 1533 in
2029 1504 2234 1533 contrarium
2254 1502 2428 1534 asserebat

1409 1557 1601 1587 sacristiam
1627 1556 1767 1586 eandem
1786 1556 1826 1585 ad
1849 1555 1960 1594 ipsum
1981 1556 2079 1594 pleno
2105 1556 2180 1594 Jure
2211 1559 2363 1594 spectare
2389 1564 2428 1587 eo

1408 1610 1495 1649 quod
1519 1616 1576 1649 per
1601 1609 1876 1640 archidiaconum
1902 1609 2096 1645 Vicensem,
2121 1609 2321 1639 auctoritate
2338 1609 2428 1640 litte-

1407 1672 1522 1693 rarum
1543 1663 1652 1693 felicis
1677 1662 1922 1692 recordationis
1946 1662 2075 1692 domini
2101 1663 2155 1696 A.,
2173 1671 2258 1701 pape
2286 1663 2363 1698 1111,
2385 1662 2426 1693 de

1407 1717 1524 1747 eadem
1535 1716 1692 1746 sacristia
1709 1715 1774 1745 sibi
1789 1715 1939 1754 legitime
1951 1716 2126 1754 provisum
2138 1715 2310 1752 extiterat,
2327 1716 2426 1755 eique

1406 1770 1529 1800 collata
1555 1771 1626 1800 erat
1651 1769 1848 1799 auctoritate
1873 1768 2034 1807 predicta,
2065 1777 2101 1798 ac
2134 1769 2315 1799 investitus
2334 1771 2365 1800 et
2389 1769 2424 1800 in

1406 1824 1660 1862 possessionem
1679 1822 1836 1852 inductus
1858 1822 1966 1852 fuerat
1986 1822 2019 1851 in
2037 1822 2168 1858 eadem,
2188 1823 2220 1852 in
2238 1822 2424 1853 contradic-

1406 1879 1497 1907 tores
1526 1879 1557 1907 et
1590 1875 1735 1906 rebelles
1776 1875 2018 1905 nichilominus
2055 1876 2422 1907 excommunicationis

1406 1930 1575 1960 sententia
1608 1929 1833 1968 promulgata.
1866 1929 2106 1959 Prenominato
2141 1929 2254 1968 itaque
2285 1929 2422 1960 domino

1405 1985 1520 2013 nostro
1546 1982 1683 2014 Urbano
1714 1990 1799 2020 papa
1825 1990 1897 2017 nos,
1926 1981 2103 2015 Ubertum.
2122 1982 2227 2012 sancti
2247 1982 2420 2013 Eustachii

1404 2037 1583 2066 diaconum
1609 2035 1826 2069 cardinalem,
1846 2034 1880 2064 in
1905 2035 2083 2073 questione
2105 2043 2164 2064 seu
2187 2044 2288 2065 causa
2307 2035 2420 2074 hujus-

1404 2088 1494 2118 modi
1523 2088 1712 2117 anditorem
1740 2087 1899 2125 predictis
1918 2087 2072 2125 partibus
2102 2088 2313 2120 concedente.
2346 2097 2420 2128 pre-

1404 2141 1463 2171 fati
1484 2141 1672 2179 cappellani
1700 2141 1735 2170 lt.
1754 2141 1794 2170 de
1813 2140 1996 2170 Villacerto
2016 2143 2045 2171 et
2066 2141 2101 2170 13.
2131 2141 2170 2171 de
2189 2141 2314 2172 Olorda
2330 2150 2419 2172 com-

1402 2196 1559 2233 parentes
1589 2194 1622 2223 in
1651 2194 1779 2231 judicio
1810 2202 1921 2224 coram
1955 2194 2053 2224 nobis
2093 2204 2129 2224 ac
2163 2194 2235 2224 suis
2263 2195 2416 2226 volentes

1402 2256 1537 2286 parcere
1563 2246 1738 2277 laboribus
1768 2248 1797 2276 et
1828 2247 1988 2285 expensis
2015 2247 2186 2286 elegerunt
2217 2249 2332 2287 potius
2357 2257 2417 2288 per

1400 2301 1489 2330 viam
1519 2300 1612 2339 pacis
1645 2300 1858 2338 questionem
1890 2299 2086 2339 hujusmodi
2118 2300 2278 2331 dirimere
2311 2310 2413 2340 quam

1401 2355 1557 2383 eventum
1585 2352 1725 2383 dubium
1748 2353 1868 2391 judicii
1892 2355 2084 2392 expectare,
2099 2355 2131 2384 et
2150 2353 2285 2384 tandem
2303 2355 2336 2384 in
2352 2363 2415 2385 nos

1399 2409 1573 2445 tamquam
1592 2406 1624 2436 in
1651 2405 1828 2436 arbitrum.
1851 2405 2100 2442 arbitratorem‚
2123 2407 2364 2445 dispositorem
2383 2410 2415 2438 et

1400 2459 1612 2489 amicabilem
1628 2459 1890 2498 compositorem
1907 2459 2182 2497 compromittere
2200 2463 2414 2496 curaverunt,

1399 2512 1552 2548 arbitrio,
1580 2512 1693 2548 laudo,
1720 2512 1938 2546 ordinationi,
1959 2512 2155 2542 diffinitioni
2178 2514 2208 2543 et
2233 2513 2321 2544 dicto
2340 2521 2416 2544 nos-

1398 2566 1461 2596 tris
1487 2566 1527 2596 de
1555 2566 1629 2605 ipsa
1656 2565 1811 2596 sacristia
1838 2567 1867 2596 et
1895 2565 2046 2604 ejusdem
2077 2565 2244 2596 fructibus
2270 2575 2354 2606 pure
2377 2576 2414 2597 ac

324 2626 383 2656 per
410 2619 665 2648 sanctissimum
695 2620 825 2658 patrem
852 2619 1026 2649 dominum
1062 2619 1248 2655 Urbanum,
1280 2628 1335 2658 pa·
1367 2634 1368 2652 ;
1398 2619 1874 2658 simplicitersummittentes,
1889 2618 1975 2649 sicut
1993 2619 2262 2650 ininstrumento
2277 2619 2413 2658 publico

1398 2681 1457 2711 per
1477 2672 1731 2710 infrascriptum
1754 2671 1972 2702 tabellionem
1992 2672 2068 2702 inde
2095 2672 2258 2707 confecto,
2277 2672 2412 2712 plenius

1397 2726 1598 2756 continetur.
1617 2726 1687 2756 Nos
1703 2727 1827 2761 autem,
1841 2727 1972 2764 recepto
1988 2725 2020 2754 in
2040 2734 2101 2755 nos
2118 2725 2311 2764 hujusmodi
2325 2734 2412 2757 com-

1396 2831 1440 2861 tia
1470 2832 1661 2865 ordinandi,
1679 2831 1892 2870 disponendi,
1913 2831 2112 2861 arbitrandi.
2134 2832 2302 2862 statuendi
2322 2833 2410 2863 inter

1396 2888 1507 2923 partes
1537 2885 1705 2924 predictas
1731 2885 1815 2915 sicut
1837 2884 1934 2915 nobis
1960 2885 2083 2915 melius
2101 2885 2283 2921 videretur,
2303 2885 2342 2916 de
2362 2885 2411 2925 ip-

1396 2939 1468 2968 sius
1488 2938 1645 2968 mandato
1655 2940 1684 2968 et
1702 2937 1836 2968 licentia
1854 2937 1940 2967 datis
1956 2937 2053 2967 nobis
2063 2937 2198 2968 oraculo
2211 2938 2286 2968 vive
2302 2938 2407 2973 vocis,
