2547 3289
1076 282 1309 320 PREMIERE
1331 283 1497 320 ANNEE.
2303 297 2338 327 41

262 373 377 404 electio
393 373 566 403 celebrata.
585 373 649 403 Sed
662 373 781 412 aparte
799 373 937 403 adversa
953 372 1059 403 extitit
1075 372 1269 411 replicatum

262 426 351 466 quod
366 425 451 456 dicte
468 425 630 456 sententie
640 434 699 464 per
713 425 909 464 magistrum
925 425 1111 455 Johannem
1125 425 1164 455 de
1183 425 1272 455 Emi-

263 478 379 518 gefert,
396 478 449 508 cui
460 478 600 508 dilectus
609 478 700 508 filius
713 478 882 508 Johannes
896 478 1067 514 Manselle,
1079 478 1272 517 capellanus

264 532 386 566 nosterq
401 532 552 570 pretextu
574 531 745 569 cujusdam
763 531 1011 562 commissionis
1041 531 1123 561 facte
1142 531 1206 561 sibi
1232 531 1272 561 ab

263 583 378 615 eodem
405 584 533 614 notario
561 593 660 622 super
685 584 782 614 dictis
806 584 979 614 sententiis
1002 592 1060 623 per
1087 593 1121 614 se
1138 584 1191 613 vel
1215 592 1273 622 per

263 636 367 667 alium
382 636 585 674 relaxandis,
599 637 691 667 vices
715 646 790 668 suas
813 637 845 667 in
866 637 925 667 hac
941 638 1032 676 parte
1049 637 1270 674 commiserat,

262 689 393 719 fuerant
410 690 522 720 relate.
541 690 594 720 Ad
610 690 698 728 quod
724 699 920 729 responsum
948 690 1053 720 extitit
1077 691 1164 728 quod
1196 690 1272 719 talis

262 742 433 779 relaxatio,
453 744 564 781 utpote
583 743 623 773 ab
641 752 679 774 eo
709 743 794 773 facta
812 744 869 782 qui
888 752 988 782 super
1007 743 1068 774 1100
1086 752 1144 773 nec
1163 744 1272 781 potes-

261 796 364 826 tatem
389 796 512 835 recepit
542 805 602 826 nec
632 796 758 831 habuit,
789 805 856 826 non
885 796 1027 831 valebat,
1060 804 1135 825 cum
1164 796 1271 825 dictus

260 848 435 879 Johannes
453 849 614 879 Manselle
637 849 875 879 relaxationem
894 848 1084 886 hujusmodi
1106 848 1215 878 taliter
1231 848 1271 877 ab

260 901 375 932 eodem
388 901 515 932 notario
526 902 591 932 sibi
600 902 826 937 commissam,
836 900 893 931 alii
906 901 1093 939 nequiverit
1109 901 1269 939 delegare.

261 954 332 984 Nos
352 954 465 993 igitur,
492 954 651 984 relatione
677 954 716 984 de
740 954 807 983 hiis
824 962 882 992 per
905 953 1090 992 preliatum
1105 953 1271 983 Penestri-

262 1015 343 1036 num
362 1007 558 1045 episcopum
575 1006 671 1036 nobis
695 1007 724 1036 et
740 1006 898 1036 fratribus
917 1006 1040 1036 nostris
1056 1006 1152 1041 facta,
1169 1007 1199 1036 et
1217 1015 1270 1036 au-

262 1058 340 1088 ditis
363 1067 400 1088 ac
418 1059 595 1089 intellectis
622 1067 685 1097 que
704 1062 815 1098 partes
832 1059 903 1098 ipse
923 1059 1135 1097 postmodum
1162 1067 1273 1089 coram

261 1110 358 1141 nobis
372 1119 556 1150 proponere
572 1111 760 1146 voluerunt,
777 1111 969 1150 hujusmodi
983 1111 1130 1150 ejusdem
1145 1111 1273 1141 abbatis

265 1152 459 1194 electionem
477 1164 515 1194 de
533 1164 682 1202 ipsorum
700 1164 841 1194 fratrum
856 1164 995 1194 consilio
1008 1164 1138 1203 Justitia
1168 1173 1275 1194 cassa-

265 1217 377 1247 vimus
393 1217 747 1256 exigente.Verum,ne
762 1217 910 1256 predicta
925 1217 1065 1248 ecclesia
1079 1226 1119 1247 ex
1134 1217 1275 1256 longiori

266 1270 437 1300 vacatione
463 1271 617 1309 graviora
644 1270 678 1300 111
710 1270 942 1309 spiritualibus
977 1271 1008 1300 et
1034 1270 1276 1309 temporalibus

267 1327 464 1358 detrimenta
505 1328 645 1364 subiret,
690 1328 915 1359 venerabilem
952 1328 1087 1358 fratrem
1113 1328 1274 1364 nostrum,

266 1381 748 1417 Johannem‚wintoniensem
778 1382 982 1420 episcopum,
1009 1382 1086 1411 tunc
1118 1380 1275 1411 cancella-

267 1434 354 1464 rium
369 1434 613 1464 Eboracensem
635 1436 666 1464 et
692 1435 902 1473 capellanum
930 1435 1093 1470 nostrum,
1113 1452 1152 1455 —v
1169 1435 1202 1464 X
1222 1435 1277 1464 ka-

266 1487 381 1518 lendas
394 1487 481 1526 julii,
494 1487 601 1518 eidem
616 1487 755 1518 ecclesie
771 1488 809 1517 de
824 1488 962 1517 fratrum
979 1488 1127 1526 ipsorum
1137 1487 1275 1518 consilio

265 1541 296 1572 et
310 1540 489 1579 apostolice
506 1541 677 1579 potestatis
692 1541 898 1580 plenitudine
916 1541 949 1570 in
966 1541 1159 1580 episcopum
1171 1540 1276 1580 prefe-

266 1594 373 1624 cimus
390 1595 420 1623 et
440 1594 617 1632 pastorem,
647 1593 778 1632 sibique
806 1603 929 1624 munus
951 1594 1209 1624 consecrationis
1236 1594 1276 1624 de

268 1646 391 1677 nostris
412 1646 568 1676 manibus
590 1647 748 1677 duximus
774 1647 1034 1685 impendendum
1057 1665 1106 1676 —.
1132 1647 1276 1686 Ideoque

269 1699 481 1730 universitati
509 1700 617 1730 vestre
647 1708 705 1738 per
724 1699 904 1739 apostolica
932 1699 1055 1738 scripta
1078 1700 1278 1730 mandamus

269 1753 431 1792 quatenus
447 1753 589 1783 eundem
605 1753 798 1792 episcopum
814 1755 972 1791 tanquam
987 1754 1113 1792 patrem
1126 1754 1157 1784 et
1171 1754 1279 1792 pasto-

268 1814 339 1836 rem
354 1806 542 1836 animarum
557 1808 745 1836 vestrarum
753 1806 869 1836 devote
884 1806 1114 1845 suscipientes,
1126 1806 1280 1837 obedien-

268 1859 349 1889 tiam
380 1858 445 1888 sibi
473 1859 504 1888 et
540 1859 763 1889 reverentiam
794 1859 938 1889 debitam
968 1859 1179 1898 impendatis,
1207 1860 1279 1900 ejus

269 1911 406 1942 monitis
424 1912 454 1942 et
472 1912 639 1941 mandatis
659 1912 851 1942 salubribus
874 1912 1042 1943 humiliter
1063 1913 1278 1944 intendendo.

268 1965 429 2004 Alioquin
455 1965 653 1996 sententiam
670 1974 771 2004 quam
787 1965 875 1996 idem
893 1966 1069 2005 episeopus
1090 1967 1150 1996 rite
1170 1967 1281 1997 tulerit

230 2039 233 2042 ψ
270 2018 304 2048 111
314 2017 467 2053 rebelles,
479 2019 583 2048 ratam
599 2018 796 2048 habebimus
813 2019 843 2049 et
857 2018 1030 2054 faciemus,
1045 2020 1177 2050 auctore
1196 2020 1280 2055 Deo,

271 2078 376 2109 usque
402 2071 443 2100 ad
465 2070 726 2101 satisfactionem
755 2071 969 2110 condignam,
987 2072 1207 2110 appellatione
1233 2081 1281 2103 re-

270 2124 369 2159 mota,
394 2123 633 2154 inviolabiliter
650 2124 822 2154 observari
854 2142 904 2155 —.
926 2125 1050 2155 Datum
1079 2125 1234 2162 viterbii,
1261 2135 1282 2156 v

272 2176 348 2207 idus
362 2176 451 2215 111111,
465 2186 551 2208 anno
569 2177 677 2216 primo
694 2189 721 2207 ».

344 2337 414 2367 113
832 2337 957 2369 Viterbe,
974 2337 1114 2373 2011111101
1134 2339 1210 2365 1262,

310 2419 530 2454 Archiepiscopo
547 2421 761 2447 Tarantasiensi
780 2421 899 2448 mandat
915 2424 1054 2456 quatenus
1071 2423 1105 2449 de
1122 2425 1283 2451 controver-

274 2467 316 2494 sia
327 2470 355 2494 et
366 2468 415 2495 lite
432 2469 506 2495 111101·
520 2469 715 2496 sedunensem
734 2469 900 2504 episcopum
916 2472 945 2497 et
960 2471 1077 2498 Petrum
1092 2471 1124 2498 de
1142 2473 1284 2499 Sabaudia

274 2517 384 2549 exorta,
396 2516 549 2543 veritatem
576 2517 714 2552 inquirat,
742 2526 844 2552 eosque
872 2519 1030 2553 compellat
1056 2522 1088 2547 ut
1112 2520 1189 2547 infra
1213 2521 1283 2548 duos

277 2572 391 2592 menses
403 2573 501 2591 coram
514 2573 589 2599 papa
602 2573 630 2592 se
647 2566 808 2598 conserant,
825 2567 858 2593 de
885 2567 918 2594 iis
937 2568 1113 2595 sententiam
1128 2569 1283 2604 recepturi.

276 2614 356 2648 (Hm.
371 2615 417 2646 ⁶26,
434 2613 482 2640 sol.
496 2615 541 2647 29,
559 2619 591 2640 11ο
610 2616 681 2647 116.)

318 2704 358 2722 «..
370 2692 596 2732 archiepiscopo
609 2693 844 2724 Tarantasiensi.
853 2695 904 2726 Ad
913 2697 1117 2728 audientiam
1127 2699 1285 2734 nostram,

278 2745 568 2776 venerabilifratre
580 2747 717 2776 nostre..
729 2748 1284 2788 80110000510111500110,11111111111110,

277 2799 427 2838 pervenit
444 2798 533 2837 quod
548 2798 671 2829 nobilis
685 2799 736 2829 vir
752 2799 872 2830 Petrus
890 2801 928 2831 de
947 2801 1124 2838 sabaudia,
1142 2804 1288 2834 0110101111

278 2852 487 2890 congregato,
504 2852 649 2882 castrum
661 2852 700 2882 de
709 2852 1000 2892 Martiniacoquod
1018 2855 1066 2885 est
1081 2855 1187 2893 ipsius
1203 2857 1290 2896 epis-

277 2905 350 2944 copi
368 2906 399 2935 et
415 2904 621 2936 Sedunensis
638 2905 776 2935 ecclesie
793 2906 1098 2944 specialis‚0bsedit
1114 2910 1156 2944 et,
1178 2918 1216 2940 eo
1231 2919 1290 2949 per

280 2957 473 2989 violentiam
489 2959 657 2997 occupato,
675 2958 765 2988 aliud
782 2960 928 2989 castrum
943 2960 1090 2999 episcopi
1106 2962 1136 2992 et
1153 2962 1289 2993 ecclesie

390 3006 535 3035 Unmm
555 3006 607 3038 Iv,
624 3008 648 3033 t.
663 3005 706 3034 11.
723 3008 789 3040 Rey.
812 3008 874 3034 ord.

1329 372 1565 410 predictorum,
1582 374 1736 404 videlicet
1750 375 1788 404 dc
1808 375 1925 412 111-1510,
1943 385 2002 415 pro
2019 386 2080 407 sua
2100 378 2267 408 voluntate
2289 379 2340 409 in-

1330 425 1428 460 vasit,
1446 426 1557 464 sicque
1573 426 1680 456 dictus
1705 428 1880 466 episcopus
1902 429 2023 460 timens
2046 438 2085 460 ne
2102 431 2189 461 idem
2215 431 2339 462 110111115

1330 478 1429 508 totam
1450 479 1570 508 terram
1595 481 1775 511 eorundem
1794 482 1940 521 episcopi
1957 484 1987 513 et
2002 483 2138 514 ecclesie
2156 484 2335 524 depopula-

1331 532 1419 561 retur
1443 533 1499 561 aut
1527 541 1597 568 sue,
1627 535 1723 571 prout
1753 535 1924 566 intendere
1951 537 2134 571 videbatur,
2163 538 2339 577 subjiceret

1331 584 1449 614 ditioni
1465 586 1497 614 et
1516 586 1673 624 potentie,
1688 587 1794 625 ipsius
1810 588 1932 619 nobilis
1949 598 2013 620 non
2037 590 2152 620 valens
2171 591 2338 628 resistere,

1331 637 1416 675 quod
1437 638 1559 668 nobilis
1581 639 1651 678 ipse
1668 641 1813 678 predicta
1830 643 1947 677 castra,
1968 652 2108 681 quorum
2132 645 2272 674 alterum
2293 646 2339 675 vi-

1330 689 1447 720 delieet
1475 691 1513 721 de
1532 691 1725 723 Martiniaco
1743 695 1885 725 totaliter
1901 698 2086 735 occuparat,
2104 697 2273 736 aliudque,
2297 698 2337 728 de

1331 742 1438 773 Cristo
1454 744 1591 780 scilieet,
1609 745 1781 776 obsessum
1799 748 1939 784 tenebat,
1958 758 2085 780 necnon
2102 752 2131 780 et
2148 751 2338 781 deChamo-

1330 804 1391 825 son
1406 796 1447 825 ad
1456 797 1586 826 eosdem
1603 798 1793 838 episcopum
1807 802 1838 830 et
1851 801 2022 831 ecclesiam
2040 803 2339 841 pe1·ti11entia,tam-

1330 847 1387 877 diu
1403 848 1569 883 retineret,
1584 850 1687 880 donec
1702 852 1850 890 prefatus
1867 854 2043 893 episcopus
2063 856 2091 885 ei
2118 857 2157 886 de
2181 858 2338 896 expensis

1330 908 1413 938 quas
1431 901 1501 939 ipse
1518 903 1549 932 et
1567 903 1773 941 coadjutores
1789 906 1841 935 sui
1858 906 1891 935 in
1907 908 2055 946 captione
2072 910 2101 939 et
2118 910 2289 941 obsidione
2301 920 2337 941 ac

1330 952 1504 984 invasione
1520 956 1703 985 castrorum
1729 957 1878 996 ipsorum
1899 959 1938 989 de
1957 960 2150 993 Mai-liniaco
2167 964 2196 993 et
2213 964 2340 1002 relique

1330 1005 1415 1036 terre
1440 1007 1579 1045 predicti
1595 1009 1741 1048 episcopi
1765 1011 1920 1047 fecerant,
1947 1013 2130 1051 plenariam
2145 1017 2340 1047 satisfactio-

1332 1067 1407 1088 nem
1425 1059 1642 1098 impenderet,
1655 1063 1703 1092 est
1719 1065 1904 1095 consentire
1921 1068 2063 1103 coactus,
2078 1070 2109 1098 et
2124 1070 2256 1099 tandein
2274 1078 2343 1100 cas-

1331 1112 1380 1141 tra
1406 1113 1554 1150 predicta
1580 1123 1655 1144 cuin
1673 1115 1806 1153 juribus
1830 1118 1860 1147 01
1891 1119 2101 1157 pertinentiis
2121 1122 2192 1151 suis
2211 1131 2341 1153 necnon

1332 1164 1443 1201 villas,
1453 1166 1570 1201 terras,
1583 1169 1813 1205 possessiones
1825 1171 1935 1209 etjura
1946 1181 2007 1210 que
2019 1174 2155 1210 predicti
2165 1175 2342 1214 episcopus

1334 1219 1364 1247 et
1379 1218 1518 1249 eeclesia
1534 1219 1739 1255 obtinebant,
1751 1221 1791 1251 ab
1810 1231 1894 1260 aqua
1909 1232 1971 1262 que
1981 1225 2245 1263 Morgiadicitur,
2259 1228 2343 1258 infe-

1335 1270 1405 1300 rius
1420 1280 1525 1310 usque
1541 1272 1582 1302 ad
1600 1273 1849 1304 Lausanensem
1866 1277 1896 1306 et
1916 1276 2170 1308 Gebennonsem
2194 1281 2344 1311 civitates

1334 1332 1393 1361 pro
1418 1324 1618 1362 quibusdam
1635 1326 1738 1363 villis,
1753 1328 1862 1365 terris,
1878 1330 2148 1367 possessionibus
2160 1333 2344 1371 etjuribus‚

1334 1377 1473 1415 predicti
1498 1378 1620 1408 nobilis
1649 1380 1785 1418 capituli
1820 1382 2026 1413 Sedunensis
2051 1385 2091 1414 ad
2125 1385 2157 1415 id
2172 1386 2346 1417 accedente

1335 1438 1513 1465 consensu,
1529 1440 1605 1461 eum
1622 1433 1737 1462 eodem
1754 1434 1859 1464 nobili
1880 1438 2080 1473 permutare,
2097 1440 2195 1476 prout
2212 1439 2245 1469 in
2261 1440 2346 1469 litte-

1335 1483 1381 1513 ris
1398 1483 1474 1513 inde
1491 1484 1649 1515 confectis
1668 1486 1932 1525 diciturplenius
1948 1490 2121 1527 contineri,
2140 1493 2294 1530 quamvis
2313 1493 2346 1523 in

1335 1536 1528 1576 hujusmodi
1539 1537 1657 1568 litteris
1671 1539 1879 1570 contineatur
1890 1550 2045 1580 expresse
2058 1544 2145 1582 quod
2162 1545 2248 1575 idem
2262 1546 2348 1583 epis-

1336 1597 1438 1628 copus
1457 1589 1490 1619 id
1506 1589 1583 1620 fecit
1598 1592 1812 1629 spontaneus,
1829 1602 1893 1623 non
1911 1597 2055 1625 coactus.
2072 1597 2274 1635 Hujusmodi
2290 1608 2346 1629 au-

1336 1643 1402 1672 tem
1424 1643 1702 1680 permutationem
1719 1646 1944 1683 promiserunt
1960 1648 2038 1678 dicti
2054 1650 2231 1689 episcopus
2245 1652 2275 1681 et
2293 1661 2345 1682 ca-

1337 1695 1480 1733 pitulum
1495 1695 1672 1727 observare
1689 1706 1725 1727 ac
1740 1698 1838 1728 etiam
1856 1708 1914 1738 per
1930 1701 1960 1730 te
1976 1702 2032 1739 qui
2051 1710 2165 1732 eorum
2183 1706 2347 1743 metropo-

1336 1748 1461 1778 litanus
1478 1748 1606 1785 existis,
1626 1751 1655 1779 et
1674 1759 1733 1789 per
1750 1751 1863 1781 sedem
1882 1755 2095 1792 apostolicam
2121 1756 2207 1787 infra
2222 1760 2347 1788 certum

1338 1801 1517 1831 terminum
1535 1802 1592 1840 qui
1609 1802 1678 1841 Jam
1694 1803 1835 1839 effluxit,
1852 1805 1957 1836 facere
1973 1809 2163 1839 confirmari
2181 1810 2215 1840 in
2232 1810 2347 1850 hujus-

1339 1854 1429 1884 modi
1454 1854 1764 1886 confirmationibus
1789 1858 1900 1888 tenore
1930 1859 2115 1891 litterarum
2135 1864 2281 1901 ipsarum
2301 1865 2350 1894 in-

1340 1908 1438 1943 serto,
1459 1908 1489 1937 et
1503 1907 1743 1939 nichilominus
1760 1911 1801 1940 ad
1816 1911 2060 1950 impetrandum
2077 1916 2351 1948 confirmationes

1340 1960 1430 1999 ipsas
1455 1960 1542 1990 infra
1559 1961 1701 1991 eundem
1733 1963 1926 2000 terminum,
1943 1967 2090 2004 prefatus
2121 1969 2298 2008 episeopus
2316 1979 2351 2000 se

1340 2013 1501 2051 obligavit
1516 2013 1578 2043 sub
1603 2022 1689 2052 pena
1715 2015 1808 2046 inille
1834 2025 2019 2048 marcarum
2033 2022 2172 2059 argenti,
2191 2031 2227 2052 aa
2243 2023 2352 2052 eidem

1341 2065 1445 2096 nobili
1460 2066 1666 2097 deditcertos
1679 2067 1903 2107 fidejussores,
1921 2071 2065 2109 quimisi
2080 2074 2248 2111 predictus
2264 2076 2352 2114 epis-

1341 2119 1539 2157 copusinfra
1551 2120 1676 2150 dietum
1690 2122 1869 2152 terminum
1885 2124 2354 2166 confirmationesimpetraret

1341 2172 1486 2208 easdem,
1504 2173 1629 2203 starent
1643 2173 1676 2204 in
1693 2176 1782 2205 certo
1802 2176 1872 2206 loco
1894 2178 2053 2216 tanquam
2079 2180 2210 2211 obsides
2236 2182 2276 2212 ad
2305 2191 2355 2213 re-

1342 2224 1558 2263 quisitionem
1575 2226 1697 2256 nobilis
1713 2229 1903 2266 memorati3
1916 2231 1947 2260 et
1962 2235 2202 2264 consenserunt
2216 2236 2356 2273 predicti

1342 2277 1529 2317 episcopus,
1549 2279 1731 2318 capitulum
1745 2283 1776 2312 et
1792 2281 1867 2322 fidej
1875 2292 2006 2314 ussores
2023 2285 2057 2315 111
2073 2285 2191 2317 litteris
2207 2287 2290 2326 ipsis
2303 2298 2357 2327 ap-

1342 2331 1421 2370 poni
1441 2332 1529 2370 quod
1545 2332 1610 2371 ipsi
1624 2334 1839 2371 prestiterunt
1856 2345 1956 2375 super
1971 2338 2037 2368 11115
2053 2339 2272 2371 observandis
2289 2351 2355 2372 cor-

1342 2384 1707 2423 poraliterjuramenta.
1734 2387 1785 2417 Ad
1805 2388 1865 2418 hec
1880 2390 2019 2427 predicti
2031 2392 2205 2431 episcopus
2223 2395 2252 2423 et
2268 2395 2356 2433 capi-

1344 2436 1452 2466 tulum
1466 2438 1585 2467 turrim
1609 2447 1704 2468 suam
1724 2439 1763 2470 de
1788 2440 1999 2472 Monteordeo
2031 2452 2106 2473 cuin
2124 2445 2265 2475 edificiis
2284 2447 2356 2477 suis

1342 2489 1447 2519 nobili
1470 2490 1542 2520 viro
1561 2490 1698 2521 Giroldo
1718 2492 1757 2522 de
1774 2493 1879 2523 Turre
1901 2495 2109 2527 tradiderunt
2129 2498 2303 2529 tenendam
2327 2501 2357 2530 et

1342 2543 1593 2574 custodiendam
1611 2544 1650 2573 ab
1669 2553 1706 2574 eo
1722 2547 1757 2574 in
1781 2547 1938 2584 expensis
1963 2549 2142 2580 eorundem
2161 2552 2308 2591 episcopi
2326 2555 2357 2583 et

1344 2596 1481 2634 capituli
1504 2597 1741 2635 predictorum,
1758 2598 1816 2628 tali
1838 2600 2026 2631 conditione
2053 2602 2179 2641 adjecta
2204 2605 2303 2643 quod,
2329 2606 2358 2635 si

1344 2649 1513 2687 predictus
1536 2650 1713 2690 episcopus
1730 2651 1816 2681 infra
1833 2652 1957 2683 dictum
1976 2655 2156 2686 terminum
2183 2658 2359 2689 confirma-

1345 2701 1452 2732 tiones
1471 2702 1664 2740 hujusmodi
1680 2703 1854 2740 obtineret,
1873 2706 2041 2744 predictus
2060 2708 2220 2740 Giroldus
2238 2711 2357 2742 turrim

1347 2755 1377 2785 et
1402 2755 1534 2785 edificia
1559 2756 1740 2787 destrueret
1764 2758 1963 2796 supradicta,
1981 2762 2011 2790 et
2043 2761 2078 2791 111
2104 2763 2218 2793 eodem
2248 2766 2360 2796 monte

1349 2807 1475 2837 nullam
1493 2808 1610 2838 turrim
1628 2809 1696 2839 ullo
1715 2818 1860 2848 unquam
1875 2812 2021 2851 tempore
2049 2814 2198 2846 alterutri
2214 2817 2358 2855 partium

1349 2860 1402 2890 vel
1425 2869 1540 2890 eorum
1564 2862 1813 2893 successoribus
1838 2866 2029 2897 construere
2047 2868 2101 2898 vel
2116 2869 2266 2900 edificare
2285 2871 2361 2902 lice-

1350 2913 1412 2949 ret;
1435 2913 1463 2942 51
1482 2922 1559 2944 vero
1578 2914 1782 2954 prescriptus
1800 2917 1977 2957 episcopus
2004 2920 2274 2953 confirmationes
2291 2932 2362 2963 pre-

1352 2965 1456 2996 dictas
1484 2974 1550 2996 non
1574 2966 1764 3005 impetraret
1794 2968 1881 3000 infra
1911 2972 2091 3003 terminum
2120 2975 2360 3014 supradictum,

2205 3024 2220 3050 6
