2547 3289
1120 272 1353 310 PREMIERE
1375 274 1540 312 ANNEE.
2331 295 2370 325 ⁴5

292 359 384 389 modi
397 368 496 390 causa
511 360 649 398 liquere,
666 361 798 398 propter
811 361 899 398 quod
921 361 1009 391 idem
1024 362 1203 392 cardinalis
1221 363 1297 393 arti-

292 411 387 442 culos
402 411 493 451 ipsos
507 412 543 442 ut
559 412 727 451 recipiatis
742 413 841 443 testes
856 413 995 444 idoneos
1020 423 1120 453 super
1144 415 1223 450 illis,
1242 424 1300 446 vo-

295 463 348 494 bis
368 473 434 495 una
462 472 538 494 cum
560 465 822 504 interrogatoriiS
844 467 988 505 partium
1012 467 1073 497 sub
1100 468 1170 506 ejus
1191 468 1302 507 sigillo

293 517 487 547 transmittit
503 517 661 548 inclusos.
681 518 767 553 Quia
788 519 888 557 igitur
905 520 1058 550 nonnulli
1074 529 1115 550 ex
1129 521 1211 560 ipsis
1227 523 1302 552 arti-

294 569 380 600 culis
397 578 497 609 super
512 570 648 609 objectis
665 571 697 601 in
713 580 889 610 personam
901 572 981 602 dicti
996 573 1148 612 Hugonis
1163 575 1303 605 confecti

294 630 368 652 esse
378 623 572 657 noscuntur,
587 623 779 653 discretioni
793 625 901 654 vestre
913 633 971 663 per
987 626 1165 663 apostolica
1182 627 1303 665 scripta

293 674 495 705 mandamus
520 676 683 714 quatenus
704 685 763 706 vos
785 677 838 706 vel
860 677 924 707 duo
947 679 1107 713 vestrum,
1127 678 1300 717 decanum,

291 727 486 759 adherentes
504 730 535 759 et
548 729 795 759 Gaudemarum
807 730 964 768 prefatos,
975 731 1003 760 si
1015 731 1300 769 voluerinthujus-

291 781 382 811 modi
398 782 566 820 negotium
581 783 749 821 prosequi,
767 783 915 821 alioquin
930 783 1006 813 illos
1024 784 1186 814 velillum
1202 785 1301 815 exeis

291 834 349 873 qui
363 834 474 873 ipsum
486 836 654 874 negotium
670 837 923 874 prosequentur,
934 836 1019 865 infra
1028 836 1217 874 quindecim
1231 837 1302 867 dies

290 888 366 926 post
382 888 635 926 requisitionem
648 889 792 918 vestram
810 889 923 927 jurare
940 889 1155 927 corporaliter
1172 889 1301 919 faciatis

292 940 381 979 quod
393 940 484 979 ipsos
504 941 660 971 articulos
681 949 782 979 super
809 941 855 971 sic
874 941 1010 979 objectis
1032 950 1096 970 nvn
1113 942 1302 979 proponunt

290 999 351 1021 nec
366 992 507 1030 proponi
522 992 647 1021 faciunt
660 991 878 1026 malitiose‚et
890 992 978 1030 quod
994 992 1131 1022 credunt
1146 992 1238 1031 ipsos
1253 1001 1302 1022 ar-

289 1043 410 1074 ticulos
428 1052 500 1074 esse
514 1052 622 1079 veros,
642 1045 673 1074 et
688 1044 856 1082 recipiatis
873 1044 913 1075 ab
929 1045 1085 1074 omnibus
1097 1053 1155 1075 seu
1175 1045 1216 1075 ab
1232 1045 1301 1075 11115

293 1105 353 1127 5011
367 1096 425 1126 1110
453 1097 511 1135 qui
540 1097 710 1135 negotium
739 1098 984 1136 prosequentur
1001 1098 1197 1135 predictum,
1212 1098 1298 1128 infra

288 1149 395 1180 dictos
413 1150 603 1188 quindecim
619 1150 691 1180 dies
707 1150 915 1189 juratoriam,
935 1151 1181 1189 fidejussoriam
1199 1152 1230 1181 et
1251 1151 1298 1189 pi-

286 1203 504 1241 gnoraticiam
523 1203 710 1233 cautionem
735 1203 823 1241 qnod
846 1204 977 1233 centum
997 1203 1149 1233 marchas
1167 1204 1298 1234 sterlin-

286 1264 404 1295 gorum
413 1256 520 1286 eidem
533 1256 877 1295 Hugonipersolvent,
888 1256 917 1286 si
926 1265 990 1286 non
1003 1256 1217 1295 probaverint
1234 1266 1296 1295 que

285 1309 320 1339 in
328 1309 617 1348 ipsiuspersonam
628 1309 713 1339 obici
723 1309 952 1344 dinoscuntur,
962 1309 1029 1339 illis
1038 1310 1094 1348 qui
1104 1309 1296 1347 hujusmodi

279 1361 506 1400 juramentum
519 1362 549 1391 et
562 1362 749 1392 cautionem
766 1362 913 1400 prestare
934 1361 1114 1397 noluerint,
1125 1370 1224 1400 super
1234 1362 1294 1392 hoc

284 1415 397 1444 contra
408 1414 531 1444 dictum
544 1414 752 1452 capellanum
764 1414 954 1444 nullatenus
968 1415 1155 1445 audiendis.
1168 1415 1294 1453 Hujus-

282 1467 880 1505 modiautemjuramentoetcautione
888 1467 1293 1506 receptistestesidoneos

279 1529 364 1559 quos
370 1521 509 1559 utraque
516 1529 593 1558 pars
602 1528 702 1558 super
709 1529 728 1558 p
734 1520 867 1550 redictis
875 1520 1024 1550 articulis
1036 1521 1294 1558 produxerit‚co-

282 1581 355 1604 ram
371 1573 479 1608 vobis,
492 1573 579 1603 infra
591 1573 674 1603 duos
693 1581 825 1603 menses
836 1573 1002 1612 predictas
1014 1574 1084 1603 dies
1101 1574 1292 1604 immediate

282 1627 472 1664 sequentes,
491 1626 658 1664 recipiatis
680 1626 820 1656 fideliter
836 1627 867 1656 et
883 1626 1080 1656 examinetis
1099 1627 1195 1664 juxta
1219 1635 1290 1665 pre-

280 1679 347 1709 fata
357 1679 608 1717 interrogatoria
618 1679 793 1717 sapienter.
809 1679 850 1708 Et
864 1678 892 1708 si
906 1679 1063 1709 alterutra
1073 1679 1216 1718 partium
1227 1681 1291 1709 tes-

281 1733 331 1762 tes
344 1732 481 1762 alterius
494 1732 637 1762 voluerit
652 1732 839 1770 reprobare,
861 1733 962 1762 testes
976 1732 1033 1770 qui
1056 1741 1154 1770 super
1177 1741 1290 1770 repro-

280 1785 413 1815 batione
429 1784 621 1824 hujusmodi
636 1784 787 1823 producti
803 1785 938 1820 fuerint,
956 1793 1067 1815 coram
1084 1784 1182 1814 vobis
1205 1785 1292 1815 infra

283 1846 389 1867 unum
406 1845 568 1872 mensem,
585 1837 751 1876 predictos
775 1837 857 1867 duos
878 1846 1010 1867 menses
1035 1837 1223 1867 immediate
1240 1846 1290 1867 se-

282 1891 422 1929 quentes
445 1890 590 1929 recipere
608 1899 644 1920 ac
675 1891 866 1920 examinare
892 1891 1085 1929 diligentius
1115 1891 1287 1926 studeatis,

281 1943 371 1973 dicta
386 1943 535 1973 omnium
544 1943 768 1982 predictorum
783 1943 917 1974 testium
942 1943 1084 1973 fideliter
1097 1943 1131 1972 in
1157 1943 1289 1981 scriptis

278 1996 420 2031 redacta,
430 2005 496 2026 una
506 2005 581 2026 cum
594 1996 742 2026 articulis
752 1997 782 2026 et
798 1996 1060 2034 interrogatoriis
1076 1996 1286 2034 supradictis,

277 2049 319 2079 ad
334 2050 481 2079 nostram
498 2049 701 2087 presentiam
713 2049 943 2079 transmissuri
960 2057 996 2078 ac
1012 2048 1172 2087 prefixuri
1188 2049 1286 2087 parti-

276 2102 341 2132 bus
368 2102 450 2141 ipsis
476 2101 656 2132 terminum
677 2101 937 2140 peremptorium
953 2102 1205 2139 competentem,
1223 2110 1287 2140 quo

276 2161 335 2194 per
344 2162 379 2185 se
395 2154 449 2185 vel
464 2155 694 2193 procuratores
709 2154 846 2184 idoneos
858 2154 1038 2192 apostolico
1050 2162 1085 2183 se
1097 2154 1287 2192 conspectui

278 2208 515 2247 representent,
525 2207 665 2246 juxtam,
680 2207 743 2245 (sic)
754 2207 851 2237 dante
860 2207 1017 2242 Domino,
1031 2207 1228 2237 sententiam
1238 2216 1286 2243 re-

277 2261 422 2300 cepture.
439 2260 538 2291 Diem
554 2261 663 2290 autem
674 2260 869 2300 prefixionis
881 2260 1073 2299 hujusmodi
1085 2261 1114 2290 et
1129 2260 1288 2298 quicquid

280 2314 358 2344 inde
373 2313 529 2348 feceritis,
540 2312 636 2344 nobis
649 2322 707 2352 per
722 2314 850 2343 vestras
864 2313 1002 2351 litteras,
1020 2314 1168 2343 tenorem
1185 2313 1288 2343 conti-

278 2367 394 2397 nentes
411 2366 627 2405 presentium,
646 2366 789 2396 fideliter
805 2366 977 2397 intimetis.
1001 2366 1072 2396 Nos
1097 2366 1234 2404 insuper
1249 2365 1287 2395 il-

277 2419 327 2450 los
345 2419 415 2458 qui,
433 2420 468 2449 ut
482 2419 674 2458 predicitur,
689 2419 881 2458 hujusmodi
896 2418 1065 2458 negotium
1088 2426 1287 2457 prosequen-

276 2473 342 2507 tur,
361 2471 391 2502 si
406 2471 532 2511 objecta
554 2472 589 2502 in
609 2480 786 2511 personam
810 2472 888 2502 dicti
913 2471 1066 2511 Hugonis
1086 2481 1151 2502 non
1168 2472 1285 2511 proba-

277 2525 398 2562 verint,
417 2524 627 2555 decernimus
642 2525 737 2564 juxta
754 2525 1023 2555 constitutionem
1051 2526 1159 2556 felicis
1178 2534 1286 2556 recor-

275 2578 420 2609 dationis
447 2578 633 2608 Innocentii
659 2586 756 2617 pape,
788 2578 1032 2617 predecessoris
1052 2579 1168 2613 nostri,
1186 2587 1286 2617 super

275 2631 339 2662 hoc
361 2631 495 2667 editam,
514 2631 687 2662 beneficiis
709 2632 942 2662 ecclesiasticis
965 2632 1110 2662 triennio
1126 2632 1195 2663 fore
1213 2641 1283 2662 sus-

275 2693 410 2724 penSOS,
426 2685 458 2714 et
471 2684 500 2714 si
518 2683 604 2714 infra
623 2684 734 2723 ipsum
748 2685 880 2724 tempus
903 2685 1037 2723 propria
1051 2685 1232 2715 temeritate
1249 2694 1284 2715 se

276 2738 345 2769 illis
360 2737 572 2776 ingesserint,
585 2737 711 2768 eisdem
720 2736 892 2767 beneficiis
907 2746 979 2768 esse
997 2738 1156 2776 privatos.
1168 2738 1285 2768 Testes

274 2792 386 2822 autem
401 2791 583 2821 —.Datum
601 2790 688 2829 apud
705 2790 1042 2825 Montemssasconem,
1062 2800 1096 2820 m
1124 2790 1284 2822 kalendas

275 2843 485 2884 septembris,
504 2851 591 2874 anno
604 2843 722 2882 primo.
742 2855 757 2871 »

1436 366 1503 397 ¹27

1854 371 2083 407 Moniessnsconc,
2103 376 2117 400 5
2133 377 2198 401 nont
2218 377 2296 402 1262,

1397 443 1617 478 Provincialem,
1634 446 1742 480 priores
1760 450 1789 474 et
1808 448 1912 476 fratres
1928 451 2036 478 ordinis
2053 452 2078 479 b.
2101 453 2206 480 Mariae
2223 454 2257 480 de
2275 455 2368 482 Monte

1360 492 1485 519 Carmeli
1504 493 1531 519 in
1548 494 1745 527 patriarchatu
1763 496 2007 532 Jerosolymitano
2025 501 2059 526 ab
2074 502 2153 528 omni
2165 501 2368 537 jurisdictione

1360 539 1580 568 diocesanoruin
1603 543 1717 575 eximit,
1741 545 1882 573 dirimens
1909 549 2125 576 conventionem
2151 559 2236 584 super
2259 552 2368 588 subjec-

1359 588 1435 615 tione
1452 589 1527 616 inter
1547 598 1593 617 cos
1612 593 1639 617 ct
1659 592 1747 618 bonne
1766 595 1924 621 memoriae
1945 596 2193 632 archiepiscopum
2209 600 2365 633 Tj'rensem

1361 636 1479 664 sactum.
1497 638 1576 672 (uec.
1594 640 1639 671 20,
1657 640 1704 667 sol.
1722 643 1754 667 33
1771 651 1810 673 vv,
1826 651 1857 669 n0
1874 645 1936 677 1253,
1955 645 2089 672 romum
2108 647 2215 680 18392.)

1401 740 1439 758 α..
1453 730 1640 768 provinciali
1656 741 1691 760 ar,
1703 733 1807 762 celeris
1819 734 1976 772 prioribus
1990 741 2017 764 et
2033 737 2194 774 fratribus,
2208 738 2321 768 ordinis
2338 740 2365 770 b.

1358 781 1455 810 Marte
1470 781 1505 809 de
1517 782 1618 812 Monte
1642 784 1776 813 Carmeli
1794 786 1824 814 in
1850 786 1942 816 Terra
1956 788 2082 818 Sancta.
2102 790 2154 820 Ex
2171 792 2278 821 vestre
2295 792 2368 823 reli-

1357 833 1466 871 gionis
1484 851 1531 863 —.
1551 835 1675 865 Datum
1701 838 1788 875 apud
1816 838 2155 877 MontemtIasconem,
2189 844 2286 874 nonis
2311 853 2366 875 au-

1358 885 1458 923 gusti,
1474 895 1561 917 anno
1578 888 1727 926 primo.»

1427 1044 1497 1074 128

1835 1046 2063 1080 Montefiascone,
2080 1050 2113 1074 ‘28
2131 1052 2197 1077 aoOt
2217 1052 2293 1079 1262.

1392 1129 1484 1157 Priori
1503 1130 1631 1165 generali
1647 1131 1756 1158 ordinis
1777 1132 1802 1158 b.
1821 1133 1925 1160 Mariae
1946 1134 1979 1160 de
1995 1134 2087 1161 Monte
2105 1136 2230 1164 Carmeli
2250 1137 2367 1166 faculta-

1356 1180 1414 1204 tem
1434 1179 1564 1205 concedit
1586 1179 1751 1207 absolvendi
1773 1180 1877 1208 fratres
1902 1182 1948 1216 qni
1971 1191 2021 1216 pro
2045 1183 2199 1218 injectione
2223 1194 2363 1214 manuum

1355 1227 1383 1253 in
1400 1235 1430 1254 se
1449 1227 1523 1261 ipsos
1540 1229 1846 1256 excommunicationis
1863 1229 1996 1265 laqueum
2009 1231 2204 1260 incurrerunt.
2223 1235 2303 1266 (11110.
2318 1237 2363 1268 26,

1354 1275 1403 1302 fol.
1421 1277 1454 1302 33
1470 1284 1512 1309 vn,
1530 1285 1564 1303 no
1585 1277 1646 1311 ¹263
1667 1277 1811 1304 PorrnAsr
1831 1280 1937 1312 18397.)

1395 1379 1436 1396 τι..
1452 1366 1555 1406 priori
1573 1368 1712 1406 ycncralz'
1736 1368 1854 1398 ordinis
1874 1369 1900 1398 b.
1920 1370 2016 1400 Marie
2039 1371 2075 1400 de
2096 1372 2197 1402 Monte
2219 1372 2362 1405 Carmeli.

1353 1419 1572 1457 Exigentibus
1581 1422 1673 1450 'sacre
1683 1421 1731 1451 tui
1740 1439 1788 1451 —.
1797 1421 1920 1452 Datum
1929 1424 2016 1461 apud
2026 1424 2362 1464 Montemssasconem,

1352 1481 1371 1499 v
1384 1472 1546 1503 kalendas
1564 1473 1773 1512 septembris,
1787 1483 1874 1505 anno
1891 1475 2011 1514 primo.
2026 1488 2041 1503 »

1422 1634 1492 1665 129

1886 1636 2011 1670 Viterbe,
2035 1639 2063 1664 13
2078 1638 2192 1673 janvier
2212 1640 2287 1667 1262.

1387 1717 1523 1752 Magistro
1540 1717 1663 1744 Johanni
1681 1718 1787 1745 Mansel
1804 1719 1932 1756 indulget
1949 1722 1979 1746 ut
1993 1729 2094 1748 omnes
2112 1722 2269 1756 prebendas
2290 1731 2360 1758 quas

1351 1767 1481 1800 tempore
1500 1767 1809 1794 excommunicationis
1830 1770 1990 1796 sententiae
2007 1769 2035 1796 in
2053 1778 2082 1796 se
2102 1770 2197 1804 ipsum
2219 1772 2359 1806 prolatae,

1349 1813 1484 1846 habebat,
1499 1815 1628 1842 detinere
1644 1816 1748 1843 valeat.
1767 1817 1844 1849 (REG.
1864 1818 1908 1850 26,
1925 1817 1974 1845 sol.
1993 1819 2036 1850 34,
2052 1827 2080 1844 n.
2100 1820 2171 1855 127.)

1389 1935 1404 1951 «
1422 1923 1570 1963 Mayistro
1591 1923 1725 1952 Jolzanm'
1746 1923 1874 1959 Manscl,
1901 1925 2078 1964 cappellano
2105 1931 2219 1961 nostro,
2248 1927 2356 1957 clerico

1350 1976 1497 2006 carissimi
1511 1976 1542 2005 in
1558 1976 1677 2005 Christo
1693 1975 1755 2014 filii
1770 1976 1889 2006 nostri..
1901 1977 1979 2016 reyis
1996 1978 2108 2016 Anylz‘e
2119 1979 2259 2016 illustris,
2273 1989 2359 2010 cano-

1348 2030 1415 2059 nico
1439 2029 1588 2059 Ii‘ellensi.
1607 2029 1802 2059 Laudabilis
1820 2030 2084 2060 conversationis
2101 2032 2192 2061 et—.
2210 2032 2296 2063 Sane
2305 2043 2360 2072 pe-

1348 2083 1419 2114 titio
1435 2083 1491 2112 tua
1507 2083 1603 2113 nobis
1620 2083 1767 2113 exhibita
1783 2083 1973 2113 continebat
1988 2085 2077 2122 quod
2093 2084 2178 2115 bone
2201 2087 2359 2118 memorie

1348 2136 1478 2167 Sewalo
1504 2136 1765 2175 archiepiscopo,
1791 2137 1958 2174 quondam
1988 2137 2112 2168 decano
2141 2138 2357 2174 Eboracensi,

1348 2189 1439 2220 viam
1450 2189 1606 2219 universe
1620 2189 1729 2219 carnis
1745 2189 1908 2227 ingresso,
1918 2190 2059 2220 dilectus
2076 2190 2166 2220 filins
2182 2192 2294 2221 noster
2305 2191 2358 2228 0.,

1349 2244 1460 2273 sancte
1478 2242 1581 2272 Marie
1601 2242 1634 2272 in
1646 2242 1709 2272 Via
1732 2243 1813 2272 Lata
1830 2243 1990 2273 diaconus
2014 2244 2206 2278 cardinalis,
2226 2245 2359 2275 canoni—

1348 2298 1457 2326 catum
1474 2297 1505 2326 et
1518 2295 1719 2334 prebendam
1734 2296 1773 2326 de
1792 2296 1952 2331 Fentono,
1972 2305 2055 2335 quos
2075 2297 2160 2327 idem
2176 2298 2356 2337 archiepis-

1348 2358 1450 2388 copus
1467 2349 1501 2379 in
1518 2349 1722 2379 Eboracensi
1738 2349 1879 2379 ecclesia
1902 2351 2048 2388 tempore
2064 2358 2122 2380 sue
2138 2350 2357 2388 promotionis

1347 2403 1500 2438 habebat,
1517 2402 1636 2432 dilecto
1652 2402 1722 2432 filio
1739 2402 1918 2440 Stephano,
1937 2403 2048 2441 nepoti
2069 2403 2271 2433 venerabilis
2292 2403 2355 2434 fra-

1346 2457 1408 2487 tris
1426 2455 1556 2486 nostri..
1573 2455 1721 2494 episcopi
1742 2455 1943 2489 Penestrini,
1967 2455 2158 2486 auctoritate
2182 2455 2288 2486 felicis
2305 2465 2355 2487 re-

1348 2508 1548 2539 cordationis
1559 2507 1742 2538 Alexandri
1750 2516 1844 2546 pape,
1854 2508 2099 2546 predecessoris
2112 2509 2227 2543 nostri,
2239 2508 2303 2538 sibi
2315 2509 2356 2539 ab

1347 2562 1462 2592 eodem
1480 2561 1712 2599 predecessore
1724 2559 1758 2590 in
1770 2560 1830 2589 hac
1840 2561 1932 2598 parte
1947 2561 2137 2594 commissa,
2154 2561 2302 2592 conferre
2318 2571 2355 2592 ac

1347 2615 1516 2653 assignare
1533 2613 1661 2643 curavit
1676 2613 1707 2642 et
1719 2612 1914 2643 carissimus
1925 2613 1959 2643 in
1973 2613 2103 2644 Christo
2114 2614 2205 2644 filius
2216 2616 2351 2645 noster..

1346 2667 1489 2698 illustris
1506 2675 1564 2697 rex
1581 2665 1713 2704 Anglie,
1732 2665 1787 2703 qui
1806 2665 1992 2704 prebendas
2011 2666 2046 2696 in
2064 2667 2204 2697 ecclesia
2225 2667 2299 2706 ipsa
2315 2668 2355 2699 de

1346 2722 1483 2760 antiqua
1508 2721 1539 2751 et
1565 2720 1725 2750 hactenus
1749 2719 1885 2758 pacifice
1909 2719 2085 2750 observata
2115 2721 2354 2752 consuetudine

1346 2774 1484 2810 confert,
1495 2772 1700 2803 Eboracensi
1710 2772 1786 2802 sede
1797 2773 1946 2808 vacante,
1959 2781 2021 2811 que
2038 2773 2118 2803 tunc
2137 2773 2354 2809 vacabat‚tibi

1345 2826 1548 2867 prebendam
1564 2825 1702 2856 contulit
1719 2824 1954 2864 supradictam.
1969 2825 2034 2856 Sed
2042 2826 2264 2864 postmodum,
2276 2827 2355 2865 quia

1345 2879 1548 2921 prebendam
1564 2878 1735 2909 detinebas
1751 2878 1889 2909 eandem
1903 2878 1937 2908 in
1953 2886 2019 2917 qua
2029 2878 2086 2918 jus
2102 2880 2134 2910 te
2147 2878 2268 2910 habere
2285 2887 2350 2910 cre·

1347 2933 1460 2968 debas,
1469 2931 1673 2963 venerabilis
1683 2930 1784 2961 frater
1794 2931 1930 2962 noster..
1942 2931 2164 2962 Eboracensis
2172 2932 2351 2971 archiepis-
