2547 3289
208 247 249 276 44
1031 235 1255 266 REGISTRE
1280 228 1493 266 CAMFJRAL

212 328 283 359 rius
311 334 448 366 persone
474 324 650 358 autentice,
677 331 737 352 nos
761 321 853 351 reddi
878 319 981 350 facias
1007 319 1164 350 certiores
1189 319 1222 349 et

214 380 453 411 nichilominus
468 377 554 407 circa
566 375 801 406 inveniendum
818 375 849 404 et
865 371 1129 412 recuperandum
1142 372 1221 402 resi-

216 434 318 463 duum
336 432 497 461 bonorum
513 428 716 467 hujusmodi,
738 427 829 457 illam
845 434 941 465 opem
958 426 989 455 et
1004 433 1137 464 operam
1153 424 1220 454 effi-

212 494 321 515 cacem
344 485 373 514 et
387 483 483 522 juxta
500 482 641 512 sormam
662 480 721 510 tibi
740 488 759 510 a
777 479 872 509 nobis
892 478 1047 508 traditam
1065 477 1221 507 adbibere

214 546 279 568 non
302 544 423 572 cesses,
448 535 536 574 quod
557 533 763 572 diligentiam
785 533 874 562 tuam
897 530 1016 561 exinde
1042 529 1221 560 cumulatis

213 589 393 629 gratiarnm
416 587 602 618 actionibus
626 593 879 625 prosequamur.
903 584 1027 614 Datum
1051 582 1138 621 apud
1158 582 1220 613 Ur-

210 643 443 676 bemveterem,
462 651 495 670 ιιι
508 650 515 669 ι
527 639 687 670 kalendas
700 637 909 677 septembris,
923 645 1010 667 anno
1023 635 1179 666 secundo.
1205 647 1219 662 »

279 816 350 846 158
797 808 920 839 Orvietu,
937 808 971 833 ‘29
988 808 1054 833 aeut
1073 807 1149 833 ¹203.

247 898 401 925 Scolastico
417 895 626 923 Cenon'iancnsi
642 894 762 921 mandat
781 895 812 919 ut
828 901 913 920 omne
931 891 1110 919 obstaculum
1129 899 1222 917 remo—

210 949 274 974 veat
298 947 371 981 quod
396 945 511 972 essct-tus
541 943 774 978 praecedentium
802 942 966 969 litterarum
993 940 1146 975 impediret
1172 947 1221 966 seu

210 995 381 1023 retardaret.
398 994 478 1028 (lise.
495 993 540 1026 ⁶27,
559 992 607 1019 sol.
625 993 669 1023 38,
687 1000 719 1018 nn
738 991 775 1024 1.)

253 1088 267 1103 «
292 1074 458 1104 scolastico
477 1072 705 1103 Cenomanensi.
727 1071 817 1102 Olim
834 1069 1018 1101 venerabili
1035 1069 1127 1100 fratri
1149 1077 1222 1099 nos-

213 1131 263 1160 tro
284 1152 303 1159 ..
325 1127 570 1159 Uenomanensi
592 1126 759 1165 episcopo,
772 1124 894 1154 nostris
920 1123 982 1153 sub
1006 1124 1093 1153 certa
1115 1122 1222 1152 forma

207 1183 361 1214 dedimus
376 1181 494 1211 litteris
512 1180 545 1209 10
558 1178 724 1209 mandatis
740 1179 774 1208 ut
788 1177 885 1214 bona,
895 1178 969 1212 etc.,
979 1178 1014 1206 ut
1028 1184 1140 1214 supra,
1151 1185 1220 1205 mu-

210 1236 286 1267 tatis
307 1234 487 1269 mutandis,
510 1241 615 1271 usque
638 1232 860 1262 conservaret.
887 1230 1022 1264 Verum,
1042 1229 1119 1268 quia
1142 1238 1221 1259 non-

211 1288 307 1323 nulli,
334 1287 418 1317 sicut
443 1286 644 1324 accepimus,
670 1284 705 1314 in
730 1284 878 1314 favorem
904 1282 1104 1318 testamenti,
1134 1282 1221 1320 quod

211 1342 297 1371 idem
314 1339 523 1370 Pictavensis
536 1339 711 1377 episcopus
722 1337 911 1367 condidisse
924 1336 1045 1366 dicitur
1057 1336 1091 1365 in
1105 1335 1222 1365 ultIma

209 1394 391 1428 voluntate,
423 1392 526 1430 aliqui
552 1400 629 1421 vero
653 1390 687 1420 in
714 1390 990 1428 impedimentum
1016 1387 1221 1419 executionis

211 1446 403 1486 hujusmodi
420 1445 523 1475 nostri
540 1443 699 1478 mandati,
716 1444 781 1473 tam
795 1451 894 1481 super
909 1441 1189 1480 appellationibus
1203 1449 1222 1470 a

210 1499 423 1539 processibus
448 1498 597 1536 ejusdem
623 1495 886 1526 Cenomanensis
912 1494 1058 1533 episcopi
1086 1495 1222 1532 propter

209 1553 270 1582 1100
294 1551 416 1581 habitis
442 1559 500 1589 per
524 1559 580 1580 eos
601 1549 641 1579 ad
668 1557 727 1578 nos
753 1547 972 1586 interposit1s,
998 1555 1097 1585 quam
1121 1554 1221 1584 super

210 1605 285 1635 aliis
303 1605 403 1634 etiam
421 1612 439 1633 a
457 1603 533 1633 sede
552 1602 733 1641 apostoliea
755 1601 881 1631 litteras
898 1600 1125 1638 impetrarunt.
1149 1599 1220 1629 Nos

210 1667 306 1688 omne
329 1657 549 1691 obstaculum,
571 1664 629 1694 per
649 1655 737 1693 quod
757 1653 951 1692 hujusmodi
972 1652 1050 1682 dicti
1072 1652 1221 1682 mandati

210 1711 358 1741 executio
376 1708 526 1748 Impediri
542 1708 651 1738 valeat
669 1707 721 1737 vel
738 1706 874 1742 diss'erri,
890 1705 1032 1736 totaliter
1051 1713 1219 1736 removere

210 1764 371 1797 volentes,
389 1761 579 1792 discretioni
596 1762 649 1791 tue
668 1769 727 1799 per
747 1760 928 1799 apostolica
947 1758 1071 1797 scripta
1084 1758 1221 1788 manda-

211 1826 284 1847 mus
310 1817 473 1854 ‹platenus
498 1814 688 1854 hujusmodi
714 1813 841 1843 litteras
865 1814 898 1843 et
922 1812 1079 1851 quicquid
1107 1820 1147 1841 ex
1172 1811 1221 1841 eis

209 1871 361 1900 secutum
383 1870 432 1899 est.
452 1868 504 1898 vel
528 1868 568 1897 ob
589 1868 689 1906 ipsas
702 1866 895 1897 auctoritate
918 1866 1030 1895 nostra
1047 1873 1219 1899 revocans,

205 1923 376 1962 judicibus
396 1931 414 1951 a
432 1922 509 1951 sede
528 1920 674 1960 predicta
691 1928 806 1950 earum
828 1918 1098 1957 impetratoribus
1119 1917 1220 1956 depu-

210 1976 286 2006 tatis
305 1984 344 2006 ex
361 1976 449 2013 parte
467 1975 578 2004 nostra
592 1973 731 2002 firmiter
748 1971 896 2002 inhibere
913 1979 1080 2009 procures,
1101 1979 1154 2005 ne,
1172 1970 1220 2000 lit·

212 2031 356 2059 terarum
384 2028 530 2066 ipsarum
558 2026 761 2060 auctoritate,
787 2025 964 2063 procedere
988 2023 1221 2062 quoquomodo

212 2081 416 2120 presumant,
433 2088 468 2109 ai·
487 2079 618 2110 irritum
635 2079 666 2108 ct
684 2078 780 2108 inane
796 2078 954 2107 decernas
970 2077 1127 2115 quicquid
1145 2085 1220 2106 000-

212 2135 261 2164 tra
289 2132 479 2171 hujusmodi
508 2131 742 2161 inhibitionem
768 2131 859 2160 tuam
888 2139 946 2169 per
971 2138 1027 2160 eos
1052 2129 1152 2160 fuerit
1177 2131 1222 2159 at-

213 2187 417 2225 temptatum,
447 2186 478 2215 et
510 2184 749 2215 nichilominus
777 2186 867 2222 ipsos
895 2184 931 2213 ut
962 2183 1002 2213 ab
1029 2183 1221 2222 hujusmodi

211 2239 459 2279 presumptione
485 2238 646 2269 desistant
669 2245 727 2276 per
750 2245 925 2267 censuram
951 2236 1220 2272 ecclesiasticam,

212 2292 431 2332 appellatione
461 2292 597 2326 remota,
621 2290 812 2329 compellas.
841 2290 917 2320 Non
943 2290 1092 2320 obstante
1118 2289 1145 2319 si
1171 2307 1220 2319 —.

212 2346 335 2376 Datum
355 2345 442 2384 apud
462 2345 747 2378 Urbemvetcrem‚
766 2353 817 2372 1111
833 2343 994 2373 kalendas
1010 2342 1221 2382 septembris,

210 2406 297 2429 anno
315 2398 470 2428 secundo.
495 2409 510 2424 »

278 2595 349 2625 159
788 2592 912 2624 Orvieto,
930 2592 1053 2628 5juillet
1072 2594 1148 2621 1253.

243 2676 364 2703 Officiali
384 2677 517 2704 'l'rccensi
535 2677 653 2703 mandat
669 2679 698 2703 ut
715 2676 847 2703 abbatem
870 2677 1038 2704 monasterii
1056 2686 1079 2704 s-
1096 2678 1219 2713 Remigii

208 2724 358 2752 Remeusis
370 2726 524 2760 compellat
534 2725 569 2752 ad
580 2725 753 2752 solutionem
767 2725 846 2752 mille
857 2725 998 2752 librarum
1011 2726 1219 2754 'turonensium

207 2780 277 2806 quas
298 2781 432 2800 camerae
452 2774 625 2808 apostolicae
645 2774 754 2801 solvere
776 2774 920 2809 promisit.
941 2775 1019 2810 (lise.
1041 2776 1086 2807 27,
1104 2775 1152 2803 soi.
1174 2778 1218 2809 39,

206 2828 240 2846 no
260 2822 296 2854 l.)

250 2919 265 2934 «
298 2907 434 2947 officiali
464 2909 612 2941 Trecensi.
643 2910 852 2942 Constitutus
882 2911 962 2942 olim
991 2911 1078 2950 apud
1105 2912 1216 2943 sedem

1281 318 1495 357 apostolicam
1527 318 1666 347 dilectus
1698 316 1789 346 silius
1821 316 1927 352 Oddo,
1960 317 2063 349 abbas
2094 319 2287 350 monasterii

1281 370 1386 401 sancti
1408 371 1554 409 Remigii
1576 370 1766 405 ltemensis,
1785 378 1847 399 sua
1868 378 1958 400 mera
1978 371 2175 402 liberalitate
2196 374 2226 402 et
2248 380 2288 402 ex

1281 424 1455 454 devotione
1479 432 1577 462 quam
1595 424 1634 453 ad
1659 431 1718 453 nos
1737 424 1767 453 et
1783 423 1970 453 Romanam
1987 423 2086 454 habet
2101 425 2290 459 ecclesi-ani,

1280 476 1433 514 promisit
1452 477 1569 507 dilecto
1590 476 1659 506 filio
1677 476 1715 505 P.
1737 475 1981 511 archidiacono,
1999 477 2077 506 tunc
2092 477 2216 508 decano
2235 478 2289 508 Se-

1283 530 1435 565 00001131,
1451 530 1632 560 camerario
1651 531 1774 564 nostro,
1795 529 1867 559 vice
1886 529 1998 559 nostra
2020 531 2051 559 et
2067 530 2205 561 ecclesie
2227 531 2292 561 Ro-

1280 590 1377 612 mane
1394 589 1431 612 ac
1447 583 1556 613 nostre
1576 591 1704 612 camere
1722 582 1820 612 certis
1836 582 1907 612 loco
1923 583 1953 611 et
1969 582 2110 612 termino
2127 582 2188 612 sub
2204 585 2291 613 certa

1281 643 1366 673 pena
1391 635 1469 665 dare
1492 636 1523 665 et
1545 636 1674 666 solvere
1699 635 1788 665 mille
1813 634 1916 664 libras
1940 635 2189 665 Turonensium
2216 644 2290 665 cum

1281 687 1409 723 effectu,
1424 689 1621 718 renuntians
1638 697 1738 727 super
1753 689 1813 718 hoc
1828 688 1918 718 omni
1930 687 2018 726 juris
2032 689 2063 717 et
2075 687 2185 726 legum
2199 688 2293 718 auxi-

1282 740 1326 770 110
1343 741 1373 770 01
1388 739 1550 770 beneficio
1566 741 1787 771 restitutionis
1803 741 1835 770 in
1852 741 2017 779 integrum
2033 749 2069 770 ac
2083 740 2182 770 etiam
2199 749 2292 770 cons-

1281 793 1427 822 titutioni
1441 793 1480 823 de
1492 793 1622 823 duabus
1635 794 1733 824 dietis
1748 793 1832 824 edite
1846 793 1877 823 in
1891 793 2031 823 concilio
2047 793 2205 832 generali,
2221 801 2292 832 pro-

1281 845 1366 875 utin
1382 845 1516 884 publico
1533 845 1754 876 instrumento
1769 846 1918 876 consecto
1936 846 2056 876 exinde
2073 846 2205 885 plenius
2222 854 2295 875 con·

1281 898 1415 928 1100101.
1432 898 1594 934 Quocirca
1609 899 1807 929 mandamus
1822 901 1987 938 quatenus
2003 899 2126 928 dictum
2142 899 2295 929 abbatem

1282 951 1336 982 vel
1353 960 1578 982 successorem
1596 961 1706 986 suum,
1723 953 1751 982 si
1773 953 1907 983 interim
1925 953 1980 983 ille
2003 953 2083 982 forte
2103 953 2294 987 decesserit,

1282 1005 1370 1043 quod
1388 1005 1554 1043 predictas
1573 1005 1665 1035 mille
1682 1005 1785 1035 libras
1805 1006 2048 1036 Turonensium
2065 1006 2196 1035 dilectis
2214 1005 2294 1035 tiliis

1281 1057 1414 1087 Andree
1429 1058 1557 1093 Jacobi,
1571 1058 1754 1088 Tholomeo
1778 1058 1938 1093 Manenti,
1951 1058 2151 1097 Bonsignori
2166 1059 2298 1096 Rayne-

1282 1111 1323 1140 rii
1346 1111 1378 1141 et
1403 1111 1572 1149 Raynerio
1598 1111 1815 1146 Bonaccursi,
1839 1111 1969 1141 civibus
1996 1113 2027 1141 01
2054 1111 2296 1142 mercatoribus

1282 1164 1501 1200 Senensibus,
1528 1165 1567 1195 de
1596 1165 1750 1195 societate
1776 1165 2009 1195 Bonaventure
2038 1164 2238 1194 Bernardini
2263 1166 2294 1194 et

1283 1217 1454 1247 Francisci
1472 1217 1586 1252 Guidi,
1610 1218 1831 1247 mercatorum
1851 1218 2064 1252 Senensium,
2087 1217 2140 1247 vel
2162 1217 2220 1247 uni
2243 1225 2293 1246 eo-

1282 1279 1368 1306 rum,
1385 1271 1497 1300 nostro
1513 1272 1544 1300 et
1561 1270 1665 1309 ipsius·
1679 1279 1809 1300 camere
1822 1271 1931 1300 nostre
1944 1271 2089 1305 nomine,
2104 1270 2138 1300 in
2150 1270 2292 1300 termino

1281 1323 1428 1362 predicto
1450 1324 1539 1362 apud
1559 1323 1712 1353 Par-isius
1732 1332 1807 1353 cum
1831 1323 2016 1361 integritate
2040 1323 2216 1361 persolvat,
2235 1331 2293 1360 1er

1250 1386 1252 1396 ι
1281 1377 1311 1406 10
1332 1376 1385 1406 ’vel
1405 1385 1463 1415 per
1486 1376 1589 1406 alium
1612 1385 1670 1406 seu
1694 1376 1790 1411 alios,
1818 1376 2011 1406 auctoritate
2035 1377 2159 1410 nostra,
2186 1376 2291 1406 moni-

1282 1429 1370 1459 tione
1393 1429 1568 1468 premissa,
1592 1429 1813 1467 appellatione
1839 1431 1976 1463 remota,
1999 1429 2191 1467 compellas.
2216 1428 2292 1458 Non

1281 1482 1430 1512 obstante
1446 1498 1495 1511 -.
1513 1482 1609 1517 Quod
1626 1482 1654 1511 si
1670 1482 1752 1511 forte
1770 1482 1803 1510 in
1820 1481 1962 1511 eundem
1979 1481 2132 1511 abbatem
2149 1481 2202 1511 vel
2221 1481 2293 1520 ejus

1281 1542 1520 1568 successorem,
1537 1543 1596 1573 pro
1610 1534 1739 1564 defectu
1755 1534 1933 1564 solutionis
1947 1534 2111 1564 dictarum
2129 1534 2291 1564 librarum

1282 1588 1315 1617 in
1326 1587 1471 1626 predicto
1486 1586 1627 1616 termino
1640 1587 1801 1622 faciende,
1815 1587 2049 1625 suspensionis
2061 1586 2115 1617 vel
2129 1585 2295 1616 interdicti

1281 1642 1311 1670 et
1325 1639 1683 1670 excommunicationis
1699 1639 1882 1670 sententias
1894 1640 2100 1678 promulgari
2114 1640 2292 1678 contingat,

1280 1694 1315 1723 tu
1337 1701 1393 1723 eas
1421 1693 1563 1731 singulis
1588 1692 1706 1722 diebus
1733 1692 1910 1723 dominicis
1933 1694 1964 1722 et
1986 1692 2128 1727 festivis,
2154 1691 2296 1730 pulsatis

1281 1745 1451 1784 campanis
1464 1747 1495 1775 et
1507 1745 1657 1775 candelis
1672 1745 1831 1781 accensis,
1848 1754 1906 1784 per
1918 1745 2029 1775 onmia
2040 1745 2112 1775 loca
2125 1746 2158 1775 in
2172 1745 2295 1784 quibus

1281 1798 1436 1837 expedire
1459 1798 1595 1833 videris,
1614 1806 1721 1836 usque
1742 1798 1783 1828 ad
1801 1798 2062 1828 satisfaitionem
2082 1798 2293 1837 condignam,

1281 1851 1511 1890 sollempniter
1524 1851 1675 1880 innovari
1692 1850 1795 1881 facias
1812 1859 1954 1889 eumque
1967 1851 2176 1881 0110111011ομι
2190 1851 2295 1881 artius

1281 1904 1410 1934 evitari.
1430 1904 1598 1938 Ceterum,
1618 1904 1646 1933 si
1663 1904 1765 1934 abbas
1784 1906 1815 1934 et
1831 1912 2004 1934 successor
2020 1904 2161 1943 predicti
2178 1904 2293 1943 hujus-

1280 1957 1370 1987 modi
1397 1957 1579 1987 sententias
1606 1965 1664 1995 per
1692 1965 1796 1986 unum
1823 1965 1972 1987 mensem
1999 1957 2152 1987 indurato
2183 1957 2294 1987 animo

1281 2010 1462 2045 tolerarint,
1486 2019 1542 2040 eos
1566 2010 1797 2048 peremptorie,
1821 2010 2014 2040 auctoritate
2038 2012 2160 2045 nostra,
2185 2018 2244 2048 per
2264 2011 2294 2040 te

1281 2064 1335 2094 vel
1361 2063 1463 2093 alium
1492 2063 1592 2093 citare
1618 2071 1786 2101 procures,
1814 2065 1848 2093 ut
1875 2063 2096 2102 personaliter
2119 2072 2154 2093 se
2182 2065 2294 2093 nostro

1281 2116 1472 2155 conspectui
1489 2117 1726 2155 representent,
1745 2116 1948 2146 satisfacturi
1965 2116 2061 2146 nobis
2075 2117 2105 2145 et
2121 2116 2229 2146 eidem
2245 2124 2293 2145 ca-

1281 2178 1370 2200 mere
1390 2169 1429 2199 de
1444 2169 1602 2208 predictis
1619 2168 1715 2198 libris
1733 2169 1981 2199 Turonensium
2000 2170 2030 2199 et-
2047 2168 2130 2199 alias
2146 2169 2185 2198 de
2204 2170 2293 2198 tanta

1280 2221 1447 2260 protervia
1459 2230 1579 2261 penam
1594 2230 1652 2260 pro
1669 2221 1797 2251 meritis
1811 2221 1984 2260 recepturi.
2002 2221 2167 2259 Quicquid
2182 2223 2293 2252 autem

1281 2274 1357 2304 inde
1376 2274 1494 2304 feceris
1515 2275 1546 2305 et
1563 2273 1733 2304 inveneris
1754 2282 1790 2303 ae
1809 2274 1898 2304 diem
1916 2274 2082 2304 citationis
2101 2275 2131 2303 et
2152 2274 2292 2304 formam

1280 2327 1389 2363 nobis,
1401 2336 1460 2366 per
1471 2329 1545 2357 tuas
1556 2327 1684 2357 litteras
1697 2328 1841 2357 tenorem
1855 2327 2059 2365 presentium
2071 2327 2292 2362 continentes,

1280 2389 1446 2419 exponere
1463 2380 1605 2410 fideliter
1622 2388 1688 2410 non
1707 2380 1850 2410 omittas.
1869 2380 1991 2410 Datum
2009 2380 2097 2418 apud
2114 2380 2292 2411 [rbemve-

1280 2435 1394 2469 terem,
1414 2443 1449 2463 ιιι
1472 2442 1576 2464 nonas
1590 2433 1679 2472 julii,
1699 2441 1785 2463 anno
1803 2433 1960 2463 secundo.
1986 2445 2001 2460 »

1348 2605 1419 2636 160

1855 2603 1980 2636 Ori-icio,
1999 2606 2013 2630 ὃ
2026 2604 2123 2639 juillet
2143 2605 2218 2631 ¹263.

1313 2687 1434 2714 officiali
1447 2686 1602 2714 l‘arisiensi
1615 2686 1734 2713 mandat
1748 2689 1776 2713 ut
1789 2687 1956 2722 episcopum
1971 2687 2202 2714 wintoniensem
2215 2694 2291 2713 com-

1277 2736 1364 2771 pellat
1380 2736 1416 2763 ad
1425 2735 1597 2762 solutionem
1612 2736 1676 2762 ¹300
1692 2743 1857 2762 marcarum
1874 2736 1951 2763 abeo
1966 2744 2098 2763 camerae
2115 2735 2288 2770 apostolicae

1277 2785 1499 2820 promissarum.
1516 2785 1594 2818 (Rea.
1611 2785 1656 2817 27,
1673 2784 1723 2812 sol.
1741 2786 1785 2817 39,
1801 2792 1834 2811 no
1851 2784 1889 2819 2.)

1319 2872 1333 2887 «
1359 2858 1495 2899 Osficiali
1515 2859 1694 2889 Pa1·is1'ens1‘.
1723 2860 1808 2891 Cum
1832 2859 2035 2890 venerabilis
2057 2858 2157 2889 frater
2178 2859 2290 2889 noster

1245 2942 1247 2945 ι
1276 2914 1321 2948 J.,
1339 2912 1588 2944 Wintoniensis
1612 2912 1802 2952 episcopus,
1820 2914 1897 2943 tunc
1919 2911 2005 2951 apud
2028 2911 2140 2941 sedem
2158 2912 2288 2950 aposto-
