2547 3289
327 270 369 298 4ss
1142 255 1368 286 REGISTRE
1393 246 1608 285 CAMERAL

324 351 490 385 episcopum
500 347 683 376 Olenenscm,
698 342 835 368 moueant
846 341 877 366 ut
887 338 963 366 infra
973 336 1137 372 quindecim
1149 336 1210 362 dies
1221 336 1273 361 ‘200
1286 342 1338 361 un·
1368 342 1371 353 1

325 400 385 426 cias
405 398 467 424 auri
490 399 519 423 et
537 396 606 421 ‘2000
627 398 835 427 yperperorum
860 389 889 415 in
911 388 1013 422 quibus
1034 387 1180 413 Romanae
1199 384 1338 411 ccclesiae

325 445 538 480 tenetur‚apud
566 443 684 469 domum
708 440 832 466 fratrum
854 437 1091 464 Praedicatorum
1116 435 1149 461 de
1172 433 1338 460 Andrevilla

324 497 459 530 deponat.
477 494 554 528 (111111.
572 493 617 525 27,
634 490 682 517 fol.
704 489 733 515 13
749 496 790 515 vo,
809 495 841 513 no
859 487 895 521 1.)

369 635 383 649 «
400 621 527 652 Dilectt‘s
541 619 614 658 filiis
633 617 787 657 νηαῃὶείηὶς
798 614 989 652 B.‚cc1ntor·i‚
1009 611 1165 652 capellano
1185 613 1337 646 nostro‚et

326 674 485 706 Guillelmo
503 673 539 703 cle
558 672 646 706 Casa,
664 670 808 700 canonico
828 666 1045 699 Corinthiensi.
1064 665 1155 695 Bone
1178 662 1337 693 memorie

326 729 540 761 Guillelmus,
554 725 825 763 archiepiscopus
834 719 1191 753 Panormitmms,tunc
1210 716 1335 755 episco-

326 792 389 823 pus
407 781 596 826 Olenensis,
615 778 695 809 olim
711 776 800 816 apud
818 775 931 804 sedem
947 772 1163 812 apostolicam
1180 769 1337 800 coustitu-

326 838 392 871 tus,
409 842 537 866 camere
551 832 641 863 sedis
657 831 804 870 ejusdem
817 828 946 858 solvere
964 826 1123 856 ducentas
1136 823 1252 853 uncias
1265 822 1337 852 auri

326 888 493 928 promisit,
513 888 553 916 de
576 884 699 924 quibus
714 882 871 922 Jamdicte
894 887 1023 909 camere
1046 877 1138 907 nulla
1154 874 1338 906 satisfactio

327 943 434 973 adbuc
454 939 640 971 dinoscitur
665 935 874 976 provenisse.
897 934 1022 963 Verum
1040 930 1119 969 quia
1135 928 1340 959 venerabilis

327 997 427 1026 frater
443 995 554 1024 noster
568 1015 587 1021 ..
605 989 878 1027 archiepiscopus
895 984 1108 1016 Patracensis
1123 990 1235 1012 curam
1252 981 1340 1020 epis-

327 1050 463 1087 copatus
477 1044 656 1089 Olenensis
673 1043 706 1072 in
719 1039 954 1080 spiritualibus
967 1039 999 1067 et
1014 1034 1255 1075 temporalibus
1269 1042 1342 1063 auc-

328 1102 458 1133 toritate
491 1097 672 1138 apostolica
685 1120 692 1132 ,
727 1095 813 1124 sicut
845 1092 984 1127 dicitur,
1006 1090 1060 1120 vel
1087 1088 1222 1128 proprio
1250 1088 1341 1117 motu

328 1163 446 1194 gerens
462 1177 468 1188 ,
495 1153 534 1182 de
561 1149 725 1180 fructibus
750 1147 899 1185 ejusdem
927 1144 1155 1183 episcopatus,
1183 1139 1342 1179 expensis

329 1206 492 1240 deductis,
519 1213 585 1234 non
608 1202 775 1232 modicam
805 1198 929 1237 recepit
948 1196 1089 1235 pecunie
1108 1194 1340 1234 quantitatem,

330 1261 438 1292 felicis
450 1255 689 1289 recordationis
701 1252 887 1284 Alexander
898 1259 992 1290 papa,
1003 1249 1218 1288 predecessor
1230 1248 1343 1277 noster

328 1314 404 1349 tibi,
422 1313 470 1343 fili
487 1312 612 1344 cantor,
632 1317 690 1348 per
707 1315 785 1337 suas
802 1305 929 1335 litteras
947 1303 1009 1333 sub
1027 1303 1115 1332 certa
1129 1301 1235 1331 forma
1252 1299 1342 1329 dedit

329 1369 365 1398 in
377 1367 497 1397 virtute
508 1361 696 1395 obedientie
717 1361 751 1390 in
761 1357 926 1398 preceptis
937 1358 972 1386 ut
982 1355 1147 1395 prefatum
1161 1352 1341 1391 archiepis-

330 1428 462 1460 copum,
475 1417 564 1457 quod
581 1416 686 1446 dictas
696 1413 854 1443 ducentas
876 1410 994 1440 uncias
1005 1408 1077 1438 auri
1104 1408 1190 1437 certe
1203 1413 1343 1445 persone
1373 1426 1374 1445 ;

332 1473 466 1504 nomine
485 1470 609 1510 prefate
620 1474 749 1498 camere
777 1464 921 1494 solveret
937 1469 1090 1492 moneres
1105 1461 1137 1490 et
1153 1459 1341 1494 induceres,

332 1536 369 1558 ac
385 1533 461 1556 eum
477 1524 518 1554 ad
535 1523 569 1553 id
585 1530 642 1561 per
659 1515 1019 1550 excommunicationis
1035 1513 1236 1545 sententiam
1254 1520 1344 1541 coar—

331 1582 429 1611 tares.
450 1579 491 1608 Et
507 1577 583 1606 licet
599 1574 740 1605 dilectus
755 1571 848 1601 filius
862 1570 982 1600 Petrus
999 1567 1152 1601 clericus,
1170 1566 1254 1595 lator
1271 1573 1344 1603 pre-

332 1632 489 1666 sentium,
517 1628 667 1667 ejusdem
693 1622 943 1664 predecessoris
974 1620 1078 1650 nostri
1106 1617 1287 1648 familiaris
1315 1616 1347 1646 et

334 1684 483 1717 nuntius,
509 1689 612 1719 nepos
634 1677 745 1708 dilecti
771 1675 846 1709 tilii,
874 1672 1026 1712 magistri
1053 1671 1191 1710 Synitii,
1216 1677 1346 1699 camere

332 1739 444 1767 nostre
466 1734 591 1767 clerici,
615 1731 781 1771 predictas
808 1730 839 1758 et
859 1727 1021 1767 quasdam
1043 1725 1128 1755 alias
1145 1722 1346 1762 apo<tolicas

332 1791 459 1821 litteras
484 1796 585 1826 super
607 1784 801 1825 provisione
828 1781 937 1820 ipsius
960 1778 1112 1818 magistri
1141 1778 1175 1807 in
1204 1776 1347 1806 ecclesia

333 1842 526 1874 Pati-acensi
553 1840 714 1871 obtentas,
741 1836 800 1866 tibi
832 1833 964 1864 duxerit
988 1831 1239 1871 presentandas,
1268 1829 1346 1867 quia

332 1899 444 1928 tamen
472 1894 607 1925 interim
632 1899 746 1921 rumor
768 1890 807 1919 de
833 1887 943 1926 ipsius
967 1883 1214 1925 predecessoris
1242 1881 1344 1912 nostri

333 1950 425 1980 obitu
450 1949 485 1978 in
510 1946 663 1986 partibus
686 1943 757 1973 illis
780 1940 944 1973 insonuit,
961 1941 991 1969 et
1010 1938 1144 1976 propter
1166 1936 1226 1966 hoc
1246 1943 1347 1972 super

333 2001 508 2043 premissis
523 1999 654 2030 debitus
667 2005 733 2027 non
743 1994 869 2034 poterat
880 1991 994 2022 haberi
1011 1998 1202 2030 processus,
1222 1996 1346 2017 memo-

334 2057 425 2086 ratus
451 2052 724 2091 archiepiscopus
743 2046 924 2084 assumpsit
948 2044 1068 2074 exinde
1086 2042 1261 2073 audaciam
1287 2041 1346 2070 1111-

331 2108 477 2148 jusmodi
509 2105 675 2135 mandatis
713 2100 908 2141 apostolicis
942 2097 1119 2129 resistendi
1136 2119 1142 2131 ‚
1174 2094 1348 2125 nonnullis

335 2160 492 2192 vassallis
506 2159 578 2198 ejus
595 2158 680 2196 ipso,
697 2157 730 2185 ut
750 2154 891 2184 tirmiter
908 2151 1065 2187 creditur,
1084 2148 1276 2182 mandante,
1295 2147 1347 2177 vel

335 2215 452 2245 saltem
477 2214 584 2243 ratum
601 2210 741 2240 habente
758 2208 884 2237 dictum
903 2205 1063 2235 nuncium
1081 2203 1210 2232 ‹=isdein
1227 2200 1349 2231 litteris

335 2269 366 2298 et
385 2267 483 2297 bonis
500 2264 669 2297 omnibus,
693 2270 755 2301 que
775 2268 889 2290 secum
914 2257 1072 2291 habebat,
1099 2255 1251 2294 nequiter
1274 2262 1348 2292 spo-

334 2320 509 2352 liantibus,
531 2327 568 2348 ac
589 2318 663 2355 post
686 2317 812 2345 atroces
837 2311 979 2351 inJ'urias
1004 2309 1069 2340 sibi
1093 2318 1156 2339 non
1176 2308 1249 2337 sinc
1273 2315 1350 2336 con-

334 2374 462 2412 temptu
474 2369 655 2410 apostolice
674 2367 764 2398 sedis
784 2367 904 2400 illatas,
924 2373 986 2403 que
999 2372 1059 2393 suo
1072 2363 1143 2392 loco
1159 2364 1189 2391 et
1202 2363 1349 2399 tempore

336 2426 577 2465 exprimentur,
605 2423 638 2452 in
661 2423 785 2452 terram
810 2417 1077 2449 scismaticorum
1101 2416 1284 2446 Grecorum
1306 2413 1351 2442 sa-

337 2478 542 2510 eientibusin
553 2476 694 2507 exilium
711 2471 985 2512 deportari.Quia
999 2478 1076 2499 vero
1092 2468 1171 2499 talia
1183 2477 1247 2497 non
1258 2467 1351 2496 decet

337 2531 558 2570 equanimiter
582 2529 735 2562 tolerare,
755 2524 948 2556 discretioni
967 2524 1074 2552 vestre
1094 2530 1153 2560 per
1168 2519 1351 2559 apostoliea

337 2586 461 2624 scripta
478 2585 511 2614 in
522 2583 644 2612 virtute
655 2579 844 2611 obedientie
860 2586 897 2608 ac
911 2577 973 2607 51111
986 2585 1070 2615 pena
1085 2572 1350 2605 excommunica-

337 2638 561 2676 tionis2quam
578 2644 615 2666 eo
634 2630 945 2674 ipsoincurratis‚si
963 2629 1049 2668 quod
1061 2627 1268 2667 injunginms
1285 2633 1352 2654 non

338 2691 494 2726 feceritis,
508 2689 656 2720 districtc
669 2685 884 2727 precipiendo
899 2683 1098 2714 mandamus
1116 2681 1279 2719 quatenus
1292 2687 1353 2708 vos

339 2745 392 2776 vel
411 2745 493 2774 alter
509 2743 657 2773 vestrum
675 2740 801 2770 dictum
826 2735 1117 2775 archiepiscopum
1148 2741 1296 2765 monere,
1316 2739 1352 2760 ac

340 2798 496 2827 inducere
513 2794 743 2834 procuretisut
753 2791 920 2831 predictas
931 2789 1091 2819 ducentas
1105 2787 1223 2816 uncias
1234 2784 1306 2815 auri
1323 2785 1353 2813 et

339 2850 439 2881 etiam
455 2849 519 2879 duo
534 2847 640 2877 millia
650 2851 901 2885 yperperorum,
918 2850 982 2880 que
998 2848 1073 2870 cum
1090 2839 1168 2869 aliis
1184 2837 1351 2877 pluribus,

340 2905 407 2933 tam
425 2910 482 2941 per
497 2909 532 2931 se
547 2908 647 2939 quam
664 2908 722 2938 per
739 2898 824 2928 alios
839 2897 878 2926 de
893 2893 1111 2934 proventibus
1139 2891 1352 2930 episcopatus

342 2954 519 2986 Olenensis
534 2952 686 2993 predicti,
700 2949 851 2981 deductis
870 2947 1028 2987 expensis
1057 2939 1350 2981 necessariisjain

1376 1670 1377 1678 ¹
1407 1659 1594 1698 exponatis.

1400 334 1558 372 percepit,
1576 334 1662 373 apud
1679 334 1815 363 domum
1831 334 2028 364 dilectorum
2043 334 2190 365 filiorum
2207 359 2227 365 ..
2241 335 2366 374 prioris
2383 337 2417 366 et

1402 388 1541 418 fratrum
1558 387 1811 417 P1·‹:=dicatorum
1826 387 1866 417 de
1883 388 2081 418 Andrevilla
2103 388 2192 418 infra
2220 389 2415 427 quindecim

1368 473 1369 482 ἵ
1400 441 1472 471 dies
1487 442 1561 480 post
1579 441 1798 471 monitionem
1816 441 1975 475 vestram,
1987 441 2122 471 nomine
2155 449 2284 472 camere
2304 443 2414 472 nos-tre

1368 498 1369 539 ζ
1400 494 1639 532 deponat‚eum
1664 494 1704 523 ad
1730 493 1867 533 idjuxta
1891 493 2091 523 directarum
2112 494 2152 524 ad
2168 495 2209 529 te,
2222 494 2270 524 fili
2289 496 2415 529 cantor,

1400 547 1508 585 ipsius
1524 547 1771 585 predecessoris
1802 546 1906 576 nostri
1924 546 2089 576 dictarum
2107 547 2294 577 litterarum
2311 547 2417 577 conti-

1401 599 1895 639 nentiamcompellendoQuod
1906 599 1933 629 si
1948 600 2029 630 forte
2042 599 2129 630 idem
2143 600 2416 639 archiepiscopus

1399 653 1448 682 sic
1457 653 1663 692 compulsus,
1680 653 1769 682 infra
1785 660 1888 682 unum
1907 660 2057 682 mensem
2072 654 2145 691 post
2155 653 2260 683 dictos
2271 653 2412 691 quinde-

1400 706 1465 735 cim
1476 705 1548 735 dies
1556 706 1722 745 premissa
1731 705 1864 735 efficere
1875 714 1938 735 non
1952 705 2195 741 curaverit‚vos
2204 714 2281 735 eum
2290 707 2414 736 extunc

1399 759 1622 798 peremptorie
1644 759 1839 789 auctoritate
1858 760 1972 789 nostra
1996 759 2097 788 citare
2120 759 2255 792 curetis,
2271 759 2307 788 ut
2324 758 2414 788 infra

1401 812 1484 842 duos
1512 820 1645 842 menses
1670 820 1688 841 a
1714 812 1779 842 fine
1815 812 1954 850 predicti
1995 812 2133 842 alterius
2161 811 2414 850 computandos,

1369 874 1370 877 ¹
1401 865 1622 903 personaliter
1644 866 1833 904 compareat
1859 873 1970 895 coram
1998 865 2108 900 nobis,
2129 865 2169 895 de
2189 865 2276 895 dicto
2292 865 2417 904 episco-

1402 919 1480 956 patu
1504 919 1642 957 ejusque
1666 918 1887 956 proventibus
1917 919 2081 948 rationem
2104 918 2290 956 plenariam
2307 916 2418 948 reddi-

1402 973 1509 1006 turus,
1534 981 1570 1002 ac
1592 972 1632 1001 de
1650 972 1787 1011 injuriis
1804 972 1910 1001 illatis
1928 972 2120 1010 supradicto
2136 972 2254 1001 nuntio
2273 980 2332 1010 pro
2347 978 2414 1001 me-

1403 1025 1478 1055 ritis
1508 1026 1714 1063 recepturus.
1745 1025 1883 1055 Interim
1914 1034 2006 1061 vero,
2039 1033 2139 1064 super
2167 1033 2278 1054 annuo
2302 1023 2418 1054 valore

1402 1080 1624 1117 proventuum
1655 1079 1867 1117 episcopatus
1897 1078 2058 1115 ejusdem,
2083 1080 2114 1108 et
2137 1077 2298 1117 quamdiu
2327 1077 2417 1107 idem

1403 1130 1677 1168 archiepiscopus
1705 1139 1765 1160 seu
1794 1131 1997 1169 quicumque
2020 1130 2076 1160 alii
2103 1131 2142 1159 ab
2165 1139 2202 1161 eo
2229 1139 2247 1159 a
2268 1132 2416 1168 tempore

1403 1192 1468 1222 quo
1493 1183 1640 1221 prefatus
1668 1182 1872 1212 Guillelmus
1897 1183 2005 1213 eidem
2027 1183 2185 1213 Olenensi
2207 1181 2415 1221 episcopatui

1403 1236 1546 1266 cessisse
1562 1236 1759 1270 dinoscitur,
1777 1244 1834 1265 eos
1850 1235 1957 1274 ipsius
1973 1235 2216 1274 111-011101ιί5011ιί
2235 1235 2289 1265 vel
2304 1235 2416 1274 cujus-

1372 1286 1373 1295 *
1403 1298 1533 1328 cunque
1558 1289 1691 1319 nomine
1708 1289 1885 1325 tenuerint,
1906 1298 1965 1319 seu
1982 1289 2062 1327 1111111
2079 1290 2109 1319 et
2127 1290 2289 1327 quantum
2304 1296 2416 1327 perce-

1403 1343 1512 1383 perint
1523 1343 1562 1372 de
1579 1342 1716 1377 eisdem,
1732 1351 1860 1372 necnon
1875 1343 1914 1372 de
1928 1342 2130 1380 supradictis
2146 1341 2281 1380 injilriis
2293 1341 2416 1372 nuncio

1403 1396 1531 1435 prefato
1549 1395 1653 1425 illatis
1669 1395 1847 1433 inquiratis
1861 1404 1920 1434 per
1937 1404 1998 1425 vos
2014 1395 2064 1425 vel
2082 1395 2186 1425 alium
2203 1403 2263 1425 seu
2278 1394 2363 1425 alios
2376 1394 2417 1425 de

1404 1449 1504 1487 plano
1526 1450 1557 1478 et
1576 1448 1648 1478 sine
1670 1448 1810 1487 strepitu
1829 1449 1949 1487 Judicii
1968 1448 2162 1486 diligentius
2181 1448 2368 1484 veritatem,
2385 1449 2419 1478 et

1405 1501 1565 1540 quicquid
1596 1510 1696 1539 super
1720 1501 1786 1531 hiis
1806 1501 1954 1531 feceritis
1978 1503 2009 1531 et
2031 1501 2242 1536 inveneritis,
2268 1510 2304 1531 110
2328 1501 2420 1532 diem

1407 1553 1576 1584 citationis
1603 1555 1633 1583 et
1656 1554 1798 1583 formam
1826 1554 1914 1583 infra
1935 1554 2139 1592 prescriptos
2165 1561 2298 1584 meuses
2323 1553 2421 1584 nobis

1406 1615 1464 1645 per
1481 1608 1610 1637 vestras
1623 1607 1750 1636 litteras
1766 1607 1884 1636 harum
1911 1607 2033 1637 seriem
2045 1606 2264 1641 continentes,
2276 1606 2422 1638 fideliter

1641 1660 1766 1690 Datum
1813 1660 1901 1699 apud
1938 1660 2283 1696 Montemssasconem,
2318 1661 2420 1691 nonis

1408 1714 1553 1752 augusti,
1570 1721 1657 1743 anno
1670 1713 1790 1751 primo.
1805 1725 1820 1739 »

1475 1861 1523 1891 3ss
1909 1856 2138 1889 Montefiasroue,
2157 1857 2171 1883 6
2187 1858 2253 1883 aaut
2272 1858 2349 1884 ¹262.

1443 1917 1559 1943 Mandat
1573 1917 1714 1950 quatenus
1729 1914 1892 1949 praedictae
1909 1914 2097 1948 pecuniarum
2111 1908 2244 1941 summae
2260 1915 2296 1941 ab
2309 1914 2421 1942 archie-

1408 1965 1522 1998 piscopo
1552 1963 1716 1990 Patraccnsi
1744 1965 1771 1989 et
1796 1963 1928 1996 episcopo
1956 1963 2220 1990 Lachedcinonensi
2247 1962 2371 1995 debitae,
2398 1961 2422 1989 si

1377 2014 1378 2046 J
1408 2014 1568 2044 solvantur,
1589 2013 1732 2046 aliquibus
1754 2012 1964 2038 mercatoribus
1986 2011 2159 2038 Seuensibus
2179 2019 2228 2038 seu
2248 2011 2423 2038 Florentinis

1408 2060 1603 2095 assignentur,
1621 2059 1749 2086 deductis
1766 2067 1832 2086 vero
1851 2060 1920 2085 2000
1943 2067 2152 2094 yperperorum
2172 2067 2222 2094 pro
2234 2060 2267 2086 40
2282 2059 2423 2086 exametis

1378 2126 1379 2131 ,
1408 2109 1452 2136 vel
1474 2109 1602 2143 pluribus
1619 2108 1697 2142 prius
1715 2107 1832 2142 emptis.
1852 2108 1931 2143 (lim.
1950 2110 1993 2140 27,
2012 2108 2060 2136 sol.
2082 2109 2123 2139 ¹4,
2141 2117 2173 2135 no
2190 2110 2227 2141 1.)

1451 2208 1464 2223 «
1496 2219 1516 2225 ..
1541 2195 1647 2235 priori
1672 2193 1904 2223 Predicatorum
1935 2192 1970 2222 de
1999 2192 2179 2222 Amlrerilla
2209 2197 2237 2222 et
2269 2191 2424 2232 itiaqistris

1412 2249 1462 2280 B„
1477 2248 1606 2282 cantori,
1622 2247 1776 2287 capellano
1792 2252 1903 2282 nostro,
1914 2252 1941 2275 ct
1953 2245 2111 2276 Guillelmo
2126 2246 2162 2275 de
2181 2244 2424 2282 Casa,canonico

1413 2301 1630 2332 corinthiensi.
1652 2301 1865 2331 Prosentium
1889 2300 1985 2330 vobis
2001 2299 2197 2330 auctoritate
2222 2299 2424 2330 mandamus

1411 2357 1587 2394 quatenus,
1599 2354 1627 2384 si
1642 2354 1811 2392 contingat
1826 2353 1915 2392 quod
1926 2352 2136 2383 venerabiles
2151 2352 2268 2382 fratres
2282 2352 2386 2383 nostri
2402 2376 2422 2383 ..

1411 2408 1683 2446 archiepiscopus
1695 2406 1909 2436 Patraeensis
1927 2405 2086 2435 ducentas
2101 2405 2219 2435 uncias
2231 2405 2302 2435 auri
2313 2406 2345 2435 et
2357 2405 2424 2436 duo

1411 2461 1517 2491 millia
1537 2467 1776 2499 yperperorum
1797 2459 1827 2488 et
1845 2481 1867 2488 ..
1899 2457 2077 2497 episcopus
2095 2457 2424 2488 Lachedemonensis

1411 2515 1542 2545 eentum
1568 2521 1698 2543 marcas
1729 2511 1981 2550 sterlingorum,
2010 2511 2043 2541 iu
2067 2511 2191 2549 quibus
2209 2510 2308 2541 nohis
2324 2512 2356 2541 et
2376 2518 2425 2541 ec-

1412 2567 1512 2598 clesie
1539 2567 1690 2597 Romane
1736 2566 1915 2601 te-nentur,
1952 2564 2039 2603 apud
2070 2565 2207 2594 domum
2231 2566 2335 2599 tuam,
2374 2563 2425 2594 fili

1412 2622 1512 2660 prior,
1532 2620 1627 2659 Juxta
1651 2621 1800 2649 tenorem
1820 2617 2008 2647 litterarum
2036 2627 2119 2657 quas
2143 2617 2252 2652 vobis,
2274 2617 2322 2648 fili
2351 2624 2429 2647 can-

1412 2676 1463 2704 tor
1485 2674 1516 2703 et
1540 2671 1735 2705 Guillclme,
1767 2670 1958 2709 dirigimus,
1989 2671 2052 2700 sub
2077 2672 2165 2701 certa
2189 2671 2297 2701 forma
2327 2669 2427 2708 depo·

1413 2727 1504 2760 nant,
1531 2734 1591 2755 nos
1615 2724 1722 2754 dictas
1748 2723 1909 2754 ducentas
1932 2723 2050 2755 uncias
2065 2725 2098 2755 et
2146 2724 2279 2754 centum
2298 2729 2428 2752 mareas

1412 2778 1585 2818 aliquibus
1609 2776 1852 2807 mercatoribus
1885 2777 2095 2808 Florentinis
2134 2776 2188 2807 vel
2215 2773 2426 2807 Senensibus

1413 2833 1452 2863 de
1475 2831 1600 2870 quibus
1621 2830 1665 2860 sit
1684 2829 1818 2868 plenius
1845 2830 2094 2864 confidendum,
2112 2830 2208 2868 prout
2241 2827 2338 2858 vobis
2361 2835 2427 2858 me-

1414 2886 1480 2916 lius
1495 2883 1653 2922 expedire
1670 2883 1852 2918 videbitur,
1869 2891 1945 2913 cum
1959 2882 2087 2913 cautela
2104 2890 2170 2920 qua
2187 2880 2354 2917 convenit,
2376 2887 2426 2911 as·

1415 2938 1567 2978 signetis,
1591 2945 1650 2975 per
1669 2944 1725 2966 eos
1741 2936 1795 2966 vel
1811 2945 1869 2975 per
1895 2944 2009 2966 eorum
2030 2935 2139 2965 socios
2164 2936 2274 2964 nostre
2291 2941 2423 2966 camere
