<?xml version="1.0" encoding="UTF-8"?>
<!DOCTYPE html PUBLIC "-//W3C//DTD XHTML 1.0 Transitional//EN"
    "http://www.w3.org/TR/xhtml1/DTD/xhtml1-transitional.dtd">
<html xmlns="http://www.w3.org/1999/xhtml" xml:lang="en" lang="en">
 <head>
  <title>
</title>
<meta http-equiv="Content-Type" content="text/html;charset=utf-8" />
  <meta name='ocr-system' content='tesseract 3.04.00' />
  <meta name='ocr-capabilities' content='ocr_page ocr_carea ocr_par ocr_line ocrx_word'/>
</head>
<body>
  <div class='ocr_page' id='page_1' title='image "./lesregistresdurb12cath/lesregistresdurb12cath_0646.png"; bbox 0 0 2547 3289; ppageno 0'>
   <div class='ocr_carea' id='block_1_1' title="bbox 269 236 328 264">
    <p class='ocr_par' dir='ltr' id='par_1_1' title="bbox 269 236 328 264">
     <span class='ocr_line' id='line_1_1' title="bbox 269 236 328 264; baseline 0 0"><span class='ocrx_word' id='word_1_1' title='bbox 269 236 328 264; x_wconf 77' lang='lat'>348</span> 
     </span>
    </p>
   </div>
   <div class='ocr_carea' id='block_1_2' title="bbox 263 310 1278 1405">
    <p class='ocr_par' dir='ltr' id='par_1_2' title="bbox 263 310 1278 1405">
     <span class='ocr_line' id='line_1_2' title="bbox 269 310 1277 348; baseline -0.007 -3"><span class='ocrx_word' id='word_1_2' title='bbox 269 324 435 345; x_wconf 86' lang='lat' dir='ltr'>summam</span> <span class='ocrx_word' id='word_1_3' title='bbox 469 314 581 343; x_wconf 88' lang='lat' dir='ltr'>decem</span> <span class='ocrx_word' id='word_1_4' title='bbox 625 313 757 343; x_wconf 90' lang='lat' dir='ltr'>milium</span> <span class='ocrx_word' id='word_1_5' title='bbox 788 311 998 342; x_wconf 85' lang='lat' dir='ltr'>marcharum</span> <span class='ocrx_word' id='word_1_6' title='bbox 1025 310 1277 348; x_wconf 72' lang='lat' dir='ltr'>sterlingorum,</span> 
     </span>
     <span class='ocr_line' id='line_1_3' title="bbox 267 363 1278 406; baseline -0.007 -8"><span class='ocrx_word' id='word_1_7' title='bbox 267 368 417 406; x_wconf 87' lang='lat' dir='ltr'>ipsorum</span> <span class='ocrx_word' id='word_1_8' title='bbox 439 367 593 403; x_wconf 64' lang='lat' dir='ltr'>exigente</span> <span class='ocrx_word' id='word_1_9' title='bbox 617 365 768 404; x_wconf 74' lang='lat' dir='ltr'>pertidia,</span> <span class='ocrx_word' id='word_1_10' title='bbox 793 364 996 403; x_wconf 82' lang='lat' dir='ltr'>publicanda</span> <span class='ocrx_word' id='word_1_11' title='bbox 1017 363 1190 397; x_wconf 85' lang='lat' dir='ltr'>duximus,</span> <span class='ocrx_word' id='word_1_12' title='bbox 1213 363 1278 391; x_wconf 91' lang='lat' dir='ltr'>duo</span> 
     </span>
     <span class='ocr_line' id='line_1_4' title="bbox 268 415 1277 455; baseline -0.006 -5"><span class='ocrx_word' id='word_1_13' title='bbox 268 421 363 450; x_wconf 89' lang='lat' dir='ltr'>milia</span> <span class='ocrx_word' id='word_1_14' title='bbox 384 420 592 449; x_wconf 65' lang='lat' dir='ltr'>mam-barum</span> <span class='ocrx_word' id='word_1_15' title='bbox 610 418 737 447; x_wconf 76' lang='lat' dir='ltr'>eisdem</span> <span class='ocrx_word' id='word_1_16' title='bbox 758 417 925 453; x_wconf 70' lang='lat' dir='ltr'>fidelibus,</span> <span class='ocrx_word' id='word_1_17' title='bbox 946 426 1005 455; x_wconf 90' lang='lat' dir='ltr'>pro</span> <span class='ocrx_word' id='word_1_18' title='bbox 1022 425 1160 445; x_wconf 89' lang='lat' dir='ltr'>suorum</span> <span class='ocrx_word' id='word_1_19' title='bbox 1180 415 1277 445; x_wconf 80' lang='lat' dir='ltr'>satis-</span> 
     </span>
     <span class='ocr_line' id='line_1_5' title="bbox 268 468 1277 509; baseline -0.006 -6"><span class='ocrx_word' id='word_1_20' title='bbox 268 472 410 503; x_wconf 75' lang='lat' dir='ltr'>factione</span> <span class='ocrx_word' id='word_1_21' title='bbox 435 473 668 509; x_wconf 80' lang='lat' dir='ltr'>dampnorum,</span> <span class='ocrx_word' id='word_1_22' title='bbox 690 471 729 500; x_wconf 85' lang='lat' dir='ltr'>de</span> <span class='ocrx_word' id='word_1_23' title='bbox 755 470 897 499; x_wconf 77' lang='lat' dir='ltr'>fratrum</span> <span class='ocrx_word' id='word_1_24' title='bbox 922 472 1114 499; x_wconf 83' lang='lat' dir='ltr'>nostrorum</span> <span class='ocrx_word' id='word_1_25' title='bbox 1135 468 1277 498; x_wconf 85' lang='lat' dir='ltr'>consilio</span> 
     </span>
     <span class='ocr_line' id='line_1_6' title="bbox 268 522 1276 561; baseline -0.003 -7"><span class='ocrx_word' id='word_1_26' title='bbox 268 525 478 554; x_wconf 62' lang='lat' dir='ltr'>decrevimus</span> <span class='ocrx_word' id='word_1_27' title='bbox 489 524 702 561; x_wconf 77' lang='lat' dir='ltr'>assignanda.</span> <span class='ocrx_word' id='word_1_28' title='bbox 716 524 798 553; x_wconf 88' lang='lat' dir='ltr'>Cum</span> <span class='ocrx_word' id='word_1_29' title='bbox 817 523 919 561; x_wconf 73' lang='lat' dir='ltr'>igitur</span> <span class='ocrx_word' id='word_1_30' title='bbox 931 531 1033 560; x_wconf 86' lang='lat' dir='ltr'>super</span> <span class='ocrx_word' id='word_1_31' title='bbox 1046 522 1276 560; x_wconf 76' lang='lat' dir='ltr'>assignatione</span> 
     </span>
     <span class='ocr_line' id='line_1_7' title="bbox 266 575 1276 614; baseline -0.005 -7"><span class='ocrx_word' id='word_1_32' title='bbox 266 576 458 614; x_wconf 75' lang='lat' dir='ltr'>hujusmodi</span> <span class='ocrx_word' id='word_1_33' title='bbox 477 576 560 605; x_wconf 87' lang='lat' dir='ltr'>alias</span> <span class='ocrx_word' id='word_1_34' title='bbox 580 578 714 606; x_wconf 81' lang='lat' dir='ltr'>nostras</span> <span class='ocrx_word' id='word_1_35' title='bbox 735 575 795 605; x_wconf 90' lang='lat' dir='ltr'>tibi</span> <span class='ocrx_word' id='word_1_36' title='bbox 818 575 951 605; x_wconf 83' lang='lat' dir='ltr'>litteras</span> <span class='ocrx_word' id='word_1_37' title='bbox 975 575 1197 607; x_wconf 73' lang='lat' dir='ltr'>destinemus,</span> <span class='ocrx_word' id='word_1_38' title='bbox 1222 583 1276 603; x_wconf 91' lang='lat' dir='ltr'>vo-</span> 
     </span>
     <span class='ocr_line' id='line_1_8' title="bbox 267 627 1275 667; baseline -0.002 -8"><span class='ocrx_word' id='word_1_39' title='bbox 267 631 380 660; x_wconf 87' lang='lat' dir='ltr'>lumus</span> <span class='ocrx_word' id='word_1_40' title='bbox 408 631 439 659; x_wconf 88' lang='lat' dir='ltr'>et</span> <span class='ocrx_word' id='word_1_41' title='bbox 469 629 676 667; x_wconf 78' lang='lat' dir='ltr'>presentium</span> <span class='ocrx_word' id='word_1_42' title='bbox 710 628 773 658; x_wconf 85' lang='lat' dir='ltr'>tibi</span> <span class='ocrx_word' id='word_1_43' title='bbox 801 628 1010 661; x_wconf 83' lang='lat' dir='ltr'>auctoritate,</span> <span class='ocrx_word' id='word_1_44' title='bbox 1043 627 1106 657; x_wconf 77' lang='lat' dir='ltr'>sul&gt;</span> <span class='ocrx_word' id='word_1_45' title='bbox 1138 627 1275 657; x_wconf 87' lang='lat' dir='ltr'>obtentu</span> 
     </span>
     <span class='ocr_line' id='line_1_9' title="bbox 266 681 1276 721; baseline -0.002 -9"><span class='ocrx_word' id='word_1_46' title='bbox 266 683 371 721; x_wconf 84' lang='lat' dir='ltr'>gratie</span> <span class='ocrx_word' id='word_1_47' title='bbox 382 683 507 717; x_wconf 76' lang='lat' dir='ltr'>nostre,</span> <span class='ocrx_word' id='word_1_48' title='bbox 518 682 670 711; x_wconf 77' lang='lat' dir='ltr'>districte</span> <span class='ocrx_word' id='word_1_49' title='bbox 681 681 897 720; x_wconf 77' lang='lat' dir='ltr'>precipiendo</span> <span class='ocrx_word' id='word_1_50' title='bbox 906 681 1276 719; x_wconf 64' lang='lat' dir='ltr'>mandarnusspiatinus</span> 
     </span>
     <span class='ocr_line' id='line_1_10' title="bbox 265 734 1275 774; baseline -0.002 -9"><span class='ocrx_word' id='word_1_51' title='bbox 265 735 305 765; x_wconf 88' lang='lat' dir='ltr'>de</span> <span class='ocrx_word' id='word_1_52' title='bbox 317 735 469 774; x_wconf 86' lang='lat' dir='ltr'>pecunia,</span> <span class='ocrx_word' id='word_1_53' title='bbox 486 744 549 773; x_wconf 84' lang='lat' dir='ltr'>que</span> <span class='ocrx_word' id='word_1_54' title='bbox 565 735 604 764; x_wconf 90' lang='lat' dir='ltr'>de</span> <span class='ocrx_word' id='word_1_55' title='bbox 619 744 753 764; x_wconf 85' lang='lat' dir='ltr'>summa</span> <span class='ocrx_word' id='word_1_56' title='bbox 766 734 993 772; x_wconf 83' lang='lat' dir='ltr'>predictorum</span> <span class='ocrx_word' id='word_1_57' title='bbox 1008 734 1121 763; x_wconf 87' lang='lat' dir='ltr'>decem</span> <span class='ocrx_word' id='word_1_58' title='bbox 1142 734 1275 763; x_wconf 88' lang='lat' dir='ltr'>milium</span> 
     </span>
     <span class='ocr_line' id='line_1_11' title="bbox 266 787 1275 826; baseline -0.002 -8"><span class='ocrx_word' id='word_1_59' title='bbox 266 787 478 818; x_wconf 87' lang='lat' dir='ltr'>marcharum</span> <span class='ocrx_word' id='word_1_60' title='bbox 495 788 532 817; x_wconf 90' lang='lat' dir='ltr'>ad</span> <span class='ocrx_word' id='word_1_61' title='bbox 552 796 671 818; x_wconf 82' lang='lat' dir='ltr'>manus</span> <span class='ocrx_word' id='word_1_62' title='bbox 684 790 759 817; x_wconf 86' lang='lat' dir='ltr'>tuas</span> <span class='ocrx_word' id='word_1_63' title='bbox 772 787 936 826; x_wconf 76' lang='lat' dir='ltr'>pervenit,</span> <span class='ocrx_word' id='word_1_64' title='bbox 956 787 1005 816; x_wconf 75' lang='lat' dir='ltr'>vel</span> <span class='ocrx_word' id='word_1_65' title='bbox 1023 787 1275 825; x_wconf 81' lang='lat' dir='ltr'>quamprimum</span> 
     </span>
     <span class='ocr_line' id='line_1_12' title="bbox 266 840 1275 879; baseline -0.001 -9"><span class='ocrx_word' id='word_1_66' title='bbox 266 840 441 879; x_wconf 86' lang='lat' dir='ltr'>pervenire</span> <span class='ocrx_word' id='word_1_67' title='bbox 476 840 656 879; x_wconf 82' lang='lat' dir='ltr'>contingat,</span> <span class='ocrx_word' id='word_1_68' title='bbox 691 840 841 878; x_wconf 88' lang='lat' dir='ltr'>predicta</span> <span class='ocrx_word' id='word_1_69' title='bbox 868 840 933 870; x_wconf 86' lang='lat' dir='ltr'>duo</span> <span class='ocrx_word' id='word_1_70' title='bbox 961 840 1057 869; x_wconf 86' lang='lat' dir='ltr'>milia</span> <span class='ocrx_word' id='word_1_71' title='bbox 1086 849 1275 870; x_wconf 84' lang='lat' dir='ltr'>marcarum</span> 
     </span>
     <span class='ocr_line' id='line_1_13' title="bbox 265 893 1276 932; baseline 0 -9"><span class='ocrx_word' id='word_1_72' title='bbox 265 894 473 932; x_wconf 74' lang='lat' dir='ltr'>procuratori</span> <span class='ocrx_word' id='word_1_73' title='bbox 493 894 687 924; x_wconf 86' lang='lat' dir='ltr'>eorumdem</span> <span class='ocrx_word' id='word_1_74' title='bbox 712 894 863 923; x_wconf 80' lang='lat' dir='ltr'>fidelium</span> <span class='ocrx_word' id='word_1_75' title='bbox 884 902 942 923; x_wconf 86' lang='lat' dir='ltr'>seu</span> <span class='ocrx_word' id='word_1_76' title='bbox 967 893 1158 923; x_wconf 82' lang='lat' dir='ltr'>communis</span> <span class='ocrx_word' id='word_1_77' title='bbox 1176 893 1276 923; x_wconf 76' lang='lat' dir='ltr'>Radi-</span> 
     </span>
     <span class='ocr_line' id='line_1_14' title="bbox 266 945 1276 984; baseline 0 -8"><span class='ocrx_word' id='word_1_78' title='bbox 266 947 385 982; x_wconf 76' lang='lat' dir='ltr'>cofant,</span> <span class='ocrx_word' id='word_1_79' title='bbox 411 946 441 976; x_wconf 91' lang='lat' dir='ltr'>in</span> <span class='ocrx_word' id='word_1_80' title='bbox 464 946 633 984; x_wconf 79' lang='lat' dir='ltr'>presentia</span> <span class='ocrx_word' id='word_1_81' title='bbox 650 947 682 976; x_wconf 88' lang='lat' dir='ltr'>et</span> <span class='ocrx_word' id='word_1_82' title='bbox 700 945 763 975; x_wconf 84' lang='lat' dir='ltr'>sul)</span> <span class='ocrx_word' id='word_1_83' title='bbox 780 946 977 976; x_wconf 88' lang='lat' dir='ltr'>testimonio</span> <span class='ocrx_word' id='word_1_84' title='bbox 1005 954 1228 984; x_wconf 88' lang='lat' dir='ltr'>personarum</span> <span class='ocrx_word' id='word_1_85' title='bbox 1245 948 1276 976; x_wconf 85' lang='lat' dir='ltr'>et</span> 
     </span>
     <span class='ocr_line' id='line_1_15' title="bbox 265 998 1275 1038; baseline -0.001 -9"><span class='ocrx_word' id='word_1_86' title='bbox 265 999 395 1030; x_wconf 85' lang='lat' dir='ltr'>cautela</span> <span class='ocrx_word' id='word_1_87' title='bbox 421 1008 484 1038; x_wconf 82' lang='lat' dir='ltr'>quc</span> <span class='ocrx_word' id='word_1_88' title='bbox 509 999 541 1029; x_wconf 92' lang='lat' dir='ltr'>in</span> <span class='ocrx_word' id='word_1_89' title='bbox 566 999 727 1038; x_wconf 74' lang='lat' dir='ltr'>predictis</span> <span class='ocrx_word' id='word_1_90' title='bbox 749 999 874 1029; x_wconf 84' lang='lat' dir='ltr'>litteris</span> <span class='ocrx_word' id='word_1_91' title='bbox 897 1007 980 1037; x_wconf 86' lang='lat' dir='ltr'>quas</span> <span class='ocrx_word' id='word_1_92' title='bbox 1008 1007 1112 1037; x_wconf 92' lang='lat' dir='ltr'>super</span> <span class='ocrx_word' id='word_1_93' title='bbox 1135 998 1195 1029; x_wconf 89' lang='lat' dir='ltr'>hoc</span> <span class='ocrx_word' id='word_1_94' title='bbox 1213 998 1275 1029; x_wconf 82' lang='lat' dir='ltr'>tibi</span> 
     </span>
     <span class='ocr_line' id='line_1_16' title="bbox 265 1052 1275 1092; baseline 0 -10"><span class='ocrx_word' id='word_1_95' title='bbox 265 1052 444 1092; x_wconf 71' lang='lat' dir='ltr'>dirigimus</span> <span class='ocrx_word' id='word_1_96' title='bbox 468 1053 693 1088; x_wconf 87' lang='lat' dir='ltr'>continentur,</span> <span class='ocrx_word' id='word_1_97' title='bbox 719 1052 791 1082; x_wconf 82' lang='lat' dir='ltr'>sine</span> <span class='ocrx_word' id='word_1_98' title='bbox 815 1052 1014 1082; x_wconf 82' lang='lat' dir='ltr'>difficultate</span> <span class='ocrx_word' id='word_1_99' title='bbox 1042 1052 1191 1091; x_wconf 83' lang='lat' dir='ltr'>qualibet</span> <span class='ocrx_word' id='word_1_100' title='bbox 1208 1054 1275 1082; x_wconf 87' lang='lat' dir='ltr'>stu-</span> 
     </span>
     <span class='ocr_line' id='line_1_17' title="bbox 263 1105 1275 1143; baseline 0 -8"><span class='ocrx_word' id='word_1_101' title='bbox 263 1106 342 1135; x_wconf 82' lang='lat' dir='ltr'>deas</span> <span class='ocrx_word' id='word_1_102' title='bbox 360 1106 544 1143; x_wconf 75' lang='lat' dir='ltr'>assignare.</span> <span class='ocrx_word' id='word_1_103' title='bbox 564 1106 638 1136; x_wconf 90' lang='lat' dir='ltr'>Non</span> <span class='ocrx_word' id='word_1_104' title='bbox 657 1105 872 1135; x_wconf 69' lang='lat' dir='ltr'>obstantibus</span> <span class='ocrx_word' id='word_1_105' title='bbox 889 1105 1011 1135; x_wconf 81' lang='lat' dir='ltr'>litteris</span> <span class='ocrx_word' id='word_1_106' title='bbox 1031 1114 1116 1143; x_wconf 81' lang='lat' dir='ltr'>quas</span> <span class='ocrx_word' id='word_1_107' title='bbox 1132 1114 1192 1143; x_wconf 90' lang='lat' dir='ltr'>pro</span> <span class='ocrx_word' id='word_1_108' title='bbox 1211 1105 1275 1135; x_wconf 92' lang='lat' dir='ltr'>Lu-</span> 
     </span>
     <span class='ocr_line' id='line_1_18' title="bbox 264 1157 1276 1197; baseline 0 -9"><span class='ocrx_word' id='word_1_109' title='bbox 264 1159 357 1188; x_wconf 84' lang='lat' dir='ltr'>canis</span> <span class='ocrx_word' id='word_1_110' title='bbox 387 1167 488 1197; x_wconf 81' lang='lat' dir='ltr'>super</span> <span class='ocrx_word' id='word_1_111' title='bbox 513 1166 573 1188; x_wconf 85' lang='lat' dir='ltr'>sex</span> <span class='ocrx_word' id='word_1_112' title='bbox 595 1158 734 1188; x_wconf 88' lang='lat' dir='ltr'>milibus</span> <span class='ocrx_word' id='word_1_113' title='bbox 760 1158 970 1188; x_wconf 86' lang='lat' dir='ltr'>marcharum</span> <span class='ocrx_word' id='word_1_114' title='bbox 996 1157 1060 1187; x_wconf 90' lang='lat' dir='ltr'>sibi</span> <span class='ocrx_word' id='word_1_115' title='bbox 1082 1158 1122 1188; x_wconf 88' lang='lat' dir='ltr'>de</span> <span class='ocrx_word' id='word_1_116' title='bbox 1143 1167 1276 1188; x_wconf 84' lang='lat' dir='ltr'>sumnia</span> 
     </span>
     <span class='ocr_line' id='line_1_19' title="bbox 264 1211 1275 1250; baseline 0 -9"><span class='ocrx_word' id='word_1_117' title='bbox 264 1212 415 1250; x_wconf 87' lang='lat' dir='ltr'>predicte</span> <span class='ocrx_word' id='word_1_118' title='bbox 443 1212 583 1250; x_wconf 76' lang='lat' dir='ltr'>pecunie</span> <span class='ocrx_word' id='word_1_119' title='bbox 612 1211 839 1249; x_wconf 75' lang='lat' dir='ltr'>assignandis,</span> <span class='ocrx_word' id='word_1_120' title='bbox 869 1212 926 1241; x_wconf 90' lang='lat' dir='ltr'>aut</span> <span class='ocrx_word' id='word_1_121' title='bbox 952 1211 1029 1241; x_wconf 90' lang='lat' dir='ltr'>aliis</span> <span class='ocrx_word' id='word_1_122' title='bbox 1052 1211 1080 1240; x_wconf 83' lang='lat' dir='ltr'>si</span> <span class='ocrx_word' id='word_1_123' title='bbox 1108 1220 1192 1249; x_wconf 83' lang='lat' dir='ltr'>quas</span> <span class='ocrx_word' id='word_1_124' title='bbox 1215 1211 1275 1241; x_wconf 87' lang='lat' dir='ltr'>tibi</span> 
     </span>
     <span class='ocr_line' id='line_1_20' title="bbox 264 1264 1274 1302; baseline -0.001 -8"><span class='ocrx_word' id='word_1_125' title='bbox 264 1265 452 1294; x_wconf 72' lang='lat' dir='ltr'>direximus</span> <span class='ocrx_word' id='word_1_126' title='bbox 476 1265 515 1294; x_wconf 88' lang='lat' dir='ltr'>de</span> <span class='ocrx_word' id='word_1_127' title='bbox 538 1265 725 1302; x_wconf 77' lang='lat' dir='ltr'>quantitate</span> <span class='ocrx_word' id='word_1_128' title='bbox 749 1264 815 1293; x_wconf 90' lang='lat' dir='ltr'>alia</span> <span class='ocrx_word' id='word_1_129' title='bbox 840 1264 991 1302; x_wconf 84' lang='lat' dir='ltr'>ejusdem</span> <span class='ocrx_word' id='word_1_130' title='bbox 1010 1265 1151 1302; x_wconf 85' lang='lat' dir='ltr'>pecunie</span> <span class='ocrx_word' id='word_1_131' title='bbox 1174 1264 1274 1294; x_wconf 88' lang='lat' dir='ltr'>alicui</span> 
     </span>
     <span class='ocr_line' id='line_1_21' title="bbox 263 1317 1276 1356; baseline 0.002 -10"><span class='ocrx_word' id='word_1_132' title='bbox 263 1318 315 1347; x_wconf 83' lang='lat' dir='ltr'>vel</span> <span class='ocrx_word' id='word_1_133' title='bbox 333 1317 504 1356; x_wconf 75' lang='lat' dir='ltr'>aliquibus</span> <span class='ocrx_word' id='word_1_134' title='bbox 533 1317 610 1347; x_wconf 85' lang='lat' dir='ltr'>aliis</span> <span class='ocrx_word' id='word_1_135' title='bbox 632 1317 830 1347; x_wconf 79' lang='lat' dir='ltr'>exbibenda.</span> <span class='ocrx_word' id='word_1_136' title='bbox 847 1318 971 1347; x_wconf 90' lang='lat' dir='ltr'>Datum</span> <span class='ocrx_word' id='word_1_137' title='bbox 990 1318 1076 1355; x_wconf 89' lang='lat' dir='ltr'>apud</span> <span class='ocrx_word' id='word_1_138' title='bbox 1095 1317 1276 1348; x_wconf 81' lang='lat' dir='ltr'>Urbemve-</span> 
     </span>
     <span class='ocr_line' id='line_1_22' title="bbox 263 1370 1016 1405; baseline -0.003 -5"><span class='ocrx_word' id='word_1_139' title='bbox 263 1371 379 1405; x_wconf 83' lang='lat' dir='ltr'>terem,</span> <span class='ocrx_word' id='word_1_140' title='bbox 403 1380 423 1399; x_wconf 94' lang='grc' dir='ltr'>ιι</span> <span class='ocrx_word' id='word_1_141' title='bbox 447 1371 523 1400; x_wconf 82' lang='lat' dir='ltr'>idus</span> <span class='ocrx_word' id='word_1_142' title='bbox 543 1370 747 1404; x_wconf 80' lang='lat' dir='ltr'>novembris,</span> <span class='ocrx_word' id='word_1_143' title='bbox 766 1379 852 1399; x_wconf 88' lang='lat' dir='ltr'>anno</span> <span class='ocrx_word' id='word_1_144' title='bbox 870 1370 979 1400; x_wconf 79' lang='lat' dir='ltr'>tertio.</span> <span class='ocrx_word' id='word_1_145' title='bbox 1002 1380 1016 1399; x_wconf 85' lang='lat'>»</span> 
     </span>
    </p>
   </div>
   <div class='ocr_carea' id='block_1_3' title="bbox 759 1515 1202 1558">
    <p class='ocr_par' dir='ltr' id='par_1_3' title="bbox 759 1515 1202 1558">
     <span class='ocr_line' id='line_1_23' title="bbox 759 1515 1202 1558; baseline 0 -7"><span class='ocrx_word' id='word_1_146' title='bbox 759 1515 883 1558; x_wconf 58' lang='lat' dir='ltr'>Orneus,</span> <span class='ocrx_word' id='word_1_147' title='bbox 904 1526 932 1552; x_wconf 90' lang='lat' dir='ltr'>ll</span> <span class='ocrx_word' id='word_1_148' title='bbox 951 1526 1106 1552; x_wconf 79' lang='lat' dir='ltr'>novembre</span> <span class='ocrx_word' id='word_1_149' title='bbox 1128 1526 1202 1553; x_wconf 69' lang='lat'>1203.</span> 
     </span>
    </p>
   </div>
   <div class='ocr_carea' id='block_1_4' title="bbox 352 1526 424 1558">
    <p class='ocr_par' dir='ltr' id='par_1_4' title="bbox 352 1526 424 1558">
     <span class='ocr_line' id='line_1_24' title="bbox 352 1526 424 1558; baseline 0 -1"><span class='ocrx_word' id='word_1_150' title='bbox 352 1526 424 1558; x_wconf 89' lang='grc'>730</span> 
     </span>
    </p>
   </div>
   <div class='ocr_carea' id='block_1_5' title="bbox 261 1609 1275 1837">
    <p class='ocr_par' dir='ltr' id='par_1_5' title="bbox 261 1609 1275 1837">
     <span class='ocr_line' id='line_1_25' title="bbox 299 1609 1274 1644; baseline 0.003 -10"><span class='ocrx_word' id='word_1_151' title='bbox 299 1609 490 1636; x_wconf 78' lang='lat' dir='ltr'>Bononienses</span> <span class='ocrx_word' id='word_1_152' title='bbox 508 1609 638 1636; x_wconf 86' lang='lat' dir='ltr'>bortatur</span> <span class='ocrx_word' id='word_1_153' title='bbox 654 1612 680 1635; x_wconf 89' lang='lat' dir='ltr'>ut</span> <span class='ocrx_word' id='word_1_154' title='bbox 702 1617 802 1635; x_wconf 73' lang='lat' dir='ltr'>omnes</span> <span class='ocrx_word' id='word_1_155' title='bbox 819 1618 884 1636; x_wconf 79' lang='lat' dir='ltr'>suos</span> <span class='ocrx_word' id='word_1_156' title='bbox 900 1609 1042 1639; x_wconf 70' lang='lat' dir='ltr'>concives,</span> <span class='ocrx_word' id='word_1_157' title='bbox 1060 1610 1106 1644; x_wconf 77' lang='lat' dir='ltr'>qui</span> <span class='ocrx_word' id='word_1_158' title='bbox 1124 1610 1274 1642; x_wconf 64' lang='lat' dir='ltr'>rectorias,</span> 
     </span>
     <span class='ocr_line' id='line_1_26' title="bbox 262 1657 1275 1692; baseline 0.003 -9"><span class='ocrx_word' id='word_1_159' title='bbox 262 1660 420 1692; x_wconf 66' lang='lat' dir='ltr'>potestates</span> <span class='ocrx_word' id='word_1_160' title='bbox 443 1660 487 1684; x_wconf 84' lang='lat' dir='ltr'>aut</span> <span class='ocrx_word' id='word_1_161' title='bbox 514 1657 673 1692; x_wconf 82' lang='lat' dir='ltr'>capitanias</span> <span class='ocrx_word' id='word_1_162' title='bbox 695 1658 721 1684; x_wconf 90' lang='lat' dir='ltr'>in</span> <span class='ocrx_word' id='word_1_163' title='bbox 748 1659 833 1684; x_wconf 80' lang='lat' dir='ltr'>terris</span> <span class='ocrx_word' id='word_1_164' title='bbox 854 1659 991 1685; x_wconf 69' lang='lat' dir='ltr'>ecclcsiae</span> <span class='ocrx_word' id='word_1_165' title='bbox 1015 1659 1159 1685; x_wconf 57' lang='lat' dir='ltr'>ltomauai¹</span> <span class='ocrx_word' id='word_1_166' title='bbox 1185 1659 1275 1686; x_wconf 68' lang='lat' dir='ltr'>rebel·</span> 
     </span>
     <span class='ocr_line' id='line_1_27' title="bbox 262 1706 1274 1742; baseline 0.002 -10"><span class='ocrx_word' id='word_1_167' title='bbox 262 1706 335 1733; x_wconf 83' lang='lat' dir='ltr'>libus</span> <span class='ocrx_word' id='word_1_168' title='bbox 353 1709 381 1733; x_wconf 74' lang='lat' dir='ltr'>et</span> <span class='ocrx_word' id='word_1_169' title='bbox 404 1707 570 1741; x_wconf 74' lang='lat' dir='ltr'>specialiter</span> <span class='ocrx_word' id='word_1_170' title='bbox 589 1706 615 1733; x_wconf 87' lang='lat' dir='ltr'>iu</span> <span class='ocrx_word' id='word_1_171' title='bbox 634 1707 812 1733; x_wconf 71' lang='lat' dir='ltr'>Anconitann</span> <span class='ocrx_word' id='word_1_172' title='bbox 829 1707 953 1734; x_wconf 81' lang='lat' dir='ltr'>Marchia</span> <span class='ocrx_word' id='word_1_173' title='bbox 970 1711 1150 1741; x_wconf 81' lang='lat' dir='ltr'>receperunt,</span> <span class='ocrx_word' id='word_1_174' title='bbox 1168 1709 1203 1734; x_wconf 89' lang='lat' dir='ltr'>ab</span> <span class='ocrx_word' id='word_1_175' title='bbox 1219 1708 1274 1742; x_wconf 85' lang='lat' dir='ltr'>eis,</span> 
     </span>
     <span class='ocr_line' id='line_1_28' title="bbox 262 1755 1273 1789; baseline 0.001 -8"><span class='ocrx_word' id='word_1_176' title='bbox 262 1755 323 1782; x_wconf 83' lang='lat' dir='ltr'>sine</span> <span class='ocrx_word' id='word_1_177' title='bbox 347 1755 485 1782; x_wconf 85' lang='lat' dir='ltr'>dilatione</span> <span class='ocrx_word' id='word_1_178' title='bbox 510 1755 648 1789; x_wconf 82' lang='lat' dir='ltr'>qualibet,</span> <span class='ocrx_word' id='word_1_179' title='bbox 673 1757 913 1785; x_wconf 65' lang='lat' dir='ltr'>1·twoccnt.(ltno.</span> <span class='ocrx_word' id='word_1_180' title='bbox 930 1756 974 1787; x_wconf 70' lang='lat'>28,</span> <span class='ocrx_word' id='word_1_181' title='bbox 992 1755 1042 1787; x_wconf 80' lang='lat' dir='ltr'>fol,</span> <span class='ocrx_word' id='word_1_182' title='bbox 1064 1757 1108 1787; x_wconf 67' lang='lat'>84,</span> <span class='ocrx_word' id='word_1_183' title='bbox 1125 1764 1184 1783; x_wconf 85' lang='lat' dir='ltr'>cur.</span> <span class='ocrx_word' id='word_1_184' title='bbox 1205 1765 1273 1783; x_wconf 87' lang='lat' dir='ltr'>ann.</span> 
     </span>
     <span class='ocr_line' id='line_1_29' title="bbox 261 1804 720 1837; baseline -0.002 -7"><span class='ocrx_word' id='word_1_185' title='bbox 261 1804 308 1837; x_wconf 85' lang='lat'>111,</span> <span class='ocrx_word' id='word_1_186' title='bbox 326 1810 356 1830; x_wconf 87' lang='lat' dir='ltr'>n⁰</span> <span class='ocrx_word' id='word_1_187' title='bbox 378 1805 427 1836; x_wconf 65' lang='lat'>103</span> <span class='ocrx_word' id='word_1_188' title='bbox 446 1805 593 1830; x_wconf 44' lang='lat' dir='ltr'>l’o&#39;rriii-tsr</span> <span class='ocrx_word' id='word_1_189' title='bbox 612 1804 720 1837; x_wconf 74' lang='lat'>18710.)</span> 
     </span>
    </p>
   </div>
   <div class='ocr_carea' id='block_1_6' title="bbox 256 1905 1274 2954">
    <p class='ocr_par' dir='ltr' id='par_1_6' title="bbox 256 1905 1274 2954">
     <span class='ocr_line' id='line_1_30' title="bbox 302 1905 1274 1946; baseline 0.002 -11"><span class='ocrx_word' id='word_1_190' title='bbox 302 1916 317 1935; x_wconf 78' lang='grc' dir='ltr'>(ι</span> <span class='ocrx_word' id='word_1_191' title='bbox 336 1930 343 1937; x_wconf 93' lang='grc'><strong>.</strong></span> <span class='ocrx_word' id='word_1_192' title='bbox 363 1931 369 1937; x_wconf 84' lang='grc'><em>.</em></span> <span class='ocrx_word' id='word_1_193' title='bbox 388 1906 544 1946; x_wconf 75' lang='lat' dir='ltr'>potestati,</span> <span class='ocrx_word' id='word_1_194' title='bbox 577 1905 703 1935; x_wconf 80' lang='lat' dir='ltr'>consilio</span> <span class='ocrx_word' id='word_1_195' title='bbox 728 1911 754 1935; x_wconf 80' lang='lat' dir='ltr'>ct</span> <span class='ocrx_word' id='word_1_196' title='bbox 784 1907 934 1936; x_wconf 76' lang='lat' dir='ltr'>communi</span> <span class='ocrx_word' id='word_1_197' title='bbox 963 1907 1214 1937; x_wconf 75' lang='lat' dir='ltr'>Bonomensz&#39;bus.</span> <span class='ocrx_word' id='word_1_198' title='bbox 1240 1908 1274 1937; x_wconf 88' lang='lat' dir='ltr'>In</span> 
     </span>
     <span class='ocr_line' id='line_1_31' title="bbox 263 1959 1274 1998; baseline 0.001 -9"><span class='ocrx_word' id='word_1_199' title='bbox 263 1959 381 1989; x_wconf 88' lang='lat' dir='ltr'>decore</span> <span class='ocrx_word' id='word_1_200' title='bbox 406 1959 483 1988; x_wconf 89' lang='lat' dir='ltr'>fidei</span> <span class='ocrx_word' id='word_1_201' title='bbox 502 1960 534 1989; x_wconf 86' lang='lat' dir='ltr'>et</span> <span class='ocrx_word' id='word_1_202' title='bbox 555 1959 684 1989; x_wconf 84' lang='lat' dir='ltr'>fervore</span> <span class='ocrx_word' id='word_1_203' title='bbox 709 1959 899 1989; x_wconf 83' lang='lat' dir='ltr'>devotionis</span> <span class='ocrx_word' id='word_1_204' title='bbox 918 1968 996 1998; x_wconf 81' lang='lat' dir='ltr'>erga</span> <span class='ocrx_word' id='word_1_205' title='bbox 1015 1961 1202 1990; x_wconf 75' lang='lat' dir='ltr'>Romanam</span> <span class='ocrx_word' id='word_1_206' title='bbox 1223 1969 1274 1990; x_wconf 87' lang='lat' dir='ltr'>ec-</span> 
     </span>
     <span class='ocr_line' id='line_1_32' title="bbox 262 2012 1274 2051; baseline 0.001 -10"><span class='ocrx_word' id='word_1_207' title='bbox 262 2012 413 2048; x_wconf 82' lang='lat' dir='ltr'>clesiam,</span> <span class='ocrx_word' id='word_1_208' title='bbox 429 2013 570 2042; x_wconf 85' lang='lat' dir='ltr'>matrem</span> <span class='ocrx_word' id='word_1_209' title='bbox 585 2014 743 2047; x_wconf 87' lang='lat' dir='ltr'>vestram,</span> <span class='ocrx_word' id='word_1_210' title='bbox 756 2022 773 2042; x_wconf 93' lang='lat' dir='ltr'>a</span> <span class='ocrx_word' id='word_1_211' title='bbox 786 2012 905 2042; x_wconf 85' lang='lat' dir='ltr'>diebus</span> <span class='ocrx_word' id='word_1_212' title='bbox 921 2013 1274 2051; x_wconf 76' lang='lat' dir='ltr'>antiquisconstanter</span> 
     </span>
     <span class='ocr_line' id='line_1_33' title="bbox 263 2065 1273 2104; baseline 0.001 -9"><span class='ocrx_word' id='word_1_213' title='bbox 263 2066 295 2095; x_wconf 85' lang='lat' dir='ltr'>et</span> <span class='ocrx_word' id='word_1_214' title='bbox 320 2065 475 2100; x_wconf 69' lang='lat' dir='ltr'>fideliter,</span> <span class='ocrx_word' id='word_1_215' title='bbox 504 2065 595 2095; x_wconf 81' lang='lat' dir='ltr'>velut</span> <span class='ocrx_word' id='word_1_216' title='bbox 625 2066 844 2103; x_wconf 75' lang='lat' dir='ltr'>gratitudinis</span> <span class='ocrx_word' id='word_1_217' title='bbox 875 2066 947 2101; x_wconf 87' lang='lat' dir='ltr'>tilii,</span> <span class='ocrx_word' id='word_1_218' title='bbox 974 2066 1187 2104; x_wconf 82' lang='lat' dir='ltr'>prestitistis,</span> <span class='ocrx_word' id='word_1_219' title='bbox 1215 2075 1273 2096; x_wconf 87' lang='lat' dir='ltr'>nec</span> 
     </span>
     <span class='ocr_line' id='line_1_34' title="bbox 262 2118 1273 2157; baseline 0.001 -10"><span class='ocrx_word' id='word_1_220' title='bbox 262 2127 435 2156; x_wconf 82' lang='lat' dir='ltr'>umquam,</span> <span class='ocrx_word' id='word_1_221' title='bbox 455 2118 626 2156; x_wconf 87' lang='lat' dir='ltr'>preteritis</span> <span class='ocrx_word' id='word_1_222' title='bbox 645 2118 868 2156; x_wconf 87' lang='lat' dir='ltr'>temporibus,</span> <span class='ocrx_word' id='word_1_223' title='bbox 892 2118 932 2147; x_wconf 89' lang='lat' dir='ltr'>ab</span> <span class='ocrx_word' id='word_1_224' title='bbox 960 2119 1153 2157; x_wconf 75' lang='lat' dir='ltr'>hujusmodi</span> <span class='ocrx_word' id='word_1_225' title='bbox 1179 2128 1273 2149; x_wconf 86' lang='lat' dir='ltr'>cons-</span> 
     </span>
     <span class='ocr_line' id='line_1_35' title="bbox 262 2171 1273 2210; baseline 0.001 -10"><span class='ocrx_word' id='word_1_226' title='bbox 262 2171 367 2201; x_wconf 86' lang='lat' dir='ltr'>tantia</span> <span class='ocrx_word' id='word_1_227' title='bbox 394 2172 425 2200; x_wconf 89' lang='lat' dir='ltr'>et</span> <span class='ocrx_word' id='word_1_228' title='bbox 450 2171 611 2201; x_wconf 72' lang='lat' dir='ltr'>fidelitate</span> <span class='ocrx_word' id='word_1_229' title='bbox 641 2171 814 2207; x_wconf 74' lang='lat' dir='ltr'>cessastis,</span> <span class='ocrx_word' id='word_1_230' title='bbox 843 2174 1151 2210; x_wconf 71' lang='lat' dir='ltr'>quantumcunn{ue</span> <span class='ocrx_word' id='word_1_231' title='bbox 1177 2172 1273 2202; x_wconf 79' lang='lat' dir='ltr'>vobis</span> 
     </span>
     <span class='ocr_line' id='line_1_36' title="bbox 261 2224 1274 2263; baseline 0.002 -10"><span class='ocrx_word' id='word_1_232' title='bbox 261 2232 373 2253; x_wconf 83' lang='lat' dir='ltr'>reruni</span> <span class='ocrx_word' id='word_1_233' title='bbox 405 2224 619 2254; x_wconf 75' lang='lat' dir='ltr'>imminerent</span> <span class='ocrx_word' id='word_1_234' title='bbox 644 2224 823 2262; x_wconf 87' lang='lat' dir='ltr'>dispendia</span> <span class='ocrx_word' id='word_1_235' title='bbox 849 2225 901 2254; x_wconf 86' lang='lat' dir='ltr'>vel</span> <span class='ocrx_word' id='word_1_236' title='bbox 934 2225 1084 2262; x_wconf 86' lang='lat' dir='ltr'>pericula</span> <span class='ocrx_word' id='word_1_237' title='bbox 1117 2234 1274 2263; x_wconf 83' lang='lat' dir='ltr'>persona-</span> 
     </span>
     <span class='ocr_line' id='line_1_37' title="bbox 261 2277 1272 2316; baseline 0.003 -10"><span class='ocrx_word' id='word_1_238' title='bbox 261 2285 352 2307; x_wconf 84' lang='lat' dir='ltr'>rum:</span> <span class='ocrx_word' id='word_1_239' title='bbox 370 2278 401 2306; x_wconf 89' lang='lat' dir='ltr'>et</span> <span class='ocrx_word' id='word_1_240' title='bbox 421 2277 495 2306; x_wconf 81' lang='lat' dir='ltr'>ideo</span> <span class='ocrx_word' id='word_1_241' title='bbox 512 2277 552 2313; x_wconf 83' lang='lat' dir='ltr'>si,</span> <span class='ocrx_word' id='word_1_242' title='bbox 570 2277 656 2316; x_wconf 83' lang='lat' dir='ltr'>quod</span> <span class='ocrx_word' id='word_1_243' title='bbox 675 2277 773 2313; x_wconf 90' lang='lat' dir='ltr'>absit,</span> <span class='ocrx_word' id='word_1_244' title='bbox 787 2286 845 2307; x_wconf 87' lang='lat' dir='ltr'>vos</span> <span class='ocrx_word' id='word_1_245' title='bbox 860 2277 911 2308; x_wconf 89' lang='lat' dir='ltr'>vel</span> <span class='ocrx_word' id='word_1_246' title='bbox 930 2278 1036 2316; x_wconf 84' lang='lat' dir='ltr'>aliqui</span> <span class='ocrx_word' id='word_1_247' title='bbox 1052 2280 1200 2309; x_wconf 90' lang='lat' dir='ltr'>vestrum</span> <span class='ocrx_word' id='word_1_248' title='bbox 1220 2279 1272 2309; x_wconf 86' lang='lat' dir='ltr'>de-</span> 
     </span>
     <span class='ocr_line' id='line_1_38' title="bbox 259 2329 1271 2365; baseline 0.004 -6"><span class='ocrx_word' id='word_1_249' title='bbox 259 2329 422 2359; x_wconf 84' lang='lat' dir='ltr'>clinarent</span> <span class='ocrx_word' id='word_1_250' title='bbox 457 2330 489 2359; x_wconf 82' lang='lat' dir='ltr'>ln</span> <span class='ocrx_word' id='word_1_251' title='bbox 521 2330 668 2365; x_wconf 81' lang='lat' dir='ltr'>devium,</span> <span class='ocrx_word' id='word_1_252' title='bbox 701 2332 793 2360; x_wconf 74' lang='lat' dir='ltr'>tanto</span> <span class='ocrx_word' id='word_1_253' title='bbox 827 2330 1019 2360; x_wconf 83' lang='lat' dir='ltr'>doleremus</span> <span class='ocrx_word' id='word_1_254' title='bbox 1052 2331 1206 2361; x_wconf 83' lang='lat' dir='ltr'>acerbius</span> <span class='ocrx_word' id='word_1_255' title='bbox 1240 2333 1271 2363; x_wconf 86' lang='lat' dir='ltr'>et</span> 
     </span>
     <span class='ocr_line' id='line_1_39' title="bbox 258 2382 1271 2423; baseline 0.003 -11"><span class='ocrx_word' id='word_1_256' title='bbox 258 2383 395 2421; x_wconf 87' lang='lat' dir='ltr'>gravius</span> <span class='ocrx_word' id='word_1_257' title='bbox 413 2382 636 2418; x_wconf 77' lang='lat' dir='ltr'>turbaremur,</span> <span class='ocrx_word' id='word_1_258' title='bbox 655 2384 779 2422; x_wconf 68' lang='lat' dir='ltr'>(planto</span> <span class='ocrx_word' id='word_1_259' title='bbox 793 2392 852 2413; x_wconf 90' lang='lat' dir='ltr'>vos</span> <span class='ocrx_word' id='word_1_260' title='bbox 862 2384 974 2414; x_wconf 85' lang='lat' dir='ltr'>carius</span> <span class='ocrx_word' id='word_1_261' title='bbox 991 2384 1142 2423; x_wconf 85' lang='lat' dir='ltr'>gerimus</span> <span class='ocrx_word' id='word_1_262' title='bbox 1157 2385 1188 2414; x_wconf 92' lang='lat' dir='ltr'>in</span> <span class='ocrx_word' id='word_1_263' title='bbox 1206 2386 1271 2415; x_wconf 85' lang='lat' dir='ltr'>vis-</span> 
     </span>
     <span class='ocr_line' id='line_1_40' title="bbox 258 2435 1269 2474; baseline 0.002 -9"><span class='ocrx_word' id='word_1_264' title='bbox 258 2435 391 2466; x_wconf 81' lang='lat' dir='ltr'>ceribus</span> <span class='ocrx_word' id='word_1_265' title='bbox 417 2435 581 2471; x_wconf 84' lang='lat' dir='ltr'>caritatis,</span> <span class='ocrx_word' id='word_1_266' title='bbox 602 2437 634 2465; x_wconf 88' lang='lat' dir='ltr'>ct</span> <span class='ocrx_word' id='word_1_267' title='bbox 660 2436 798 2474; x_wconf 81' lang='lat' dir='ltr'>majoris</span> <span class='ocrx_word' id='word_1_268' title='bbox 822 2436 1016 2466; x_wconf 83' lang='lat' dir='ltr'>dilectionis</span> <span class='ocrx_word' id='word_1_269' title='bbox 1038 2437 1185 2467; x_wconf 70' lang='lat' dir='ltr'>brachiis</span> <span class='ocrx_word' id='word_1_270' title='bbox 1201 2447 1269 2467; x_wconf 78' lang='lat' dir='ltr'>am-</span> 
     </span>
     <span class='ocr_line' id='line_1_41' title="bbox 257 2489 1268 2527; baseline 0.003 -9"><span class='ocrx_word' id='word_1_271' title='bbox 257 2489 446 2527; x_wconf 87' lang='lat' dir='ltr'>plexamur.</span> <span class='ocrx_word' id='word_1_272' title='bbox 458 2489 596 2525; x_wconf 83' lang='lat' dir='ltr'>Verum,</span> <span class='ocrx_word' id='word_1_273' title='bbox 610 2498 715 2527; x_wconf 87' lang='lat' dir='ltr'>nuper</span> <span class='ocrx_word' id='word_1_274' title='bbox 728 2489 934 2525; x_wconf 83' lang='lat' dir='ltr'>audivimus,</span> <span class='ocrx_word' id='word_1_275' title='bbox 951 2491 983 2520; x_wconf 91' lang='lat' dir='ltr'>et</span> <span class='ocrx_word' id='word_1_276' title='bbox 998 2499 1039 2519; x_wconf 83' lang='lat' dir='ltr'>ex</span> <span class='ocrx_word' id='word_1_277' title='bbox 1057 2490 1117 2520; x_wconf 83' lang='lat' dir='ltr'>hoc</span> <span class='ocrx_word' id='word_1_278' title='bbox 1135 2499 1193 2521; x_wconf 91' lang='lat' dir='ltr'>nec</span> <span class='ocrx_word' id='word_1_279' title='bbox 1210 2491 1268 2521; x_wconf 93' lang='lat' dir='ltr'>mi-</span> 
     </span>
     <span class='ocr_line' id='line_1_42' title="bbox 257 2541 1267 2582; baseline 0.002 -10"><span class='ocrx_word' id='word_1_280' title='bbox 257 2550 331 2572; x_wconf 84' lang='lat' dir='ltr'>rum</span> <span class='ocrx_word' id='word_1_281' title='bbox 348 2551 448 2571; x_wconf 75' lang='lat' dir='ltr'>‹aiusa</span> <span class='ocrx_word' id='word_1_282' title='bbox 468 2541 564 2571; x_wconf 83' lang='lat' dir='ltr'>nobis</span> <span class='ocrx_word' id='word_1_283' title='bbox 582 2542 785 2572; x_wconf 81' lang='lat' dir='ltr'>turbationis</span> <span class='ocrx_word' id='word_1_284' title='bbox 803 2543 978 2581; x_wconf 78' lang='lat' dir='ltr'>ingeritur,</span> <span class='ocrx_word' id='word_1_285' title='bbox 1004 2544 1092 2582; x_wconf 82' lang='lat' dir='ltr'>quod</span> <span class='ocrx_word' id='word_1_286' title='bbox 1115 2545 1267 2574; x_wconf 90' lang='lat' dir='ltr'>nonnulli</span> 
     </span>
     <span class='ocr_line' id='line_1_43' title="bbox 257 2595 1267 2635; baseline 0.003 -11"><span class='ocrx_word' id='word_1_287' title='bbox 257 2595 348 2625; x_wconf 84' lang='lat' dir='ltr'>cives</span> <span class='ocrx_word' id='word_1_288' title='bbox 366 2595 480 2629; x_wconf 66' lang='lat' dir='ltr'>vestri,</span> <span class='ocrx_word' id='word_1_289' title='bbox 501 2595 553 2624; x_wconf 90' lang='lat' dir='ltr'>sui</span> <span class='ocrx_word' id='word_1_290' title='bbox 574 2595 763 2625; x_wconf 82' lang='lat' dir='ltr'>communis</span> <span class='ocrx_word' id='word_1_291' title='bbox 782 2596 925 2634; x_wconf 76' lang='lat' dir='ltr'>vestigia</span> <span class='ocrx_word' id='word_1_292' title='bbox 942 2605 1006 2626; x_wconf 91' lang='lat' dir='ltr'>non</span> <span class='ocrx_word' id='word_1_293' title='bbox 1024 2599 1215 2635; x_wconf 50' lang='lat' dir='ltr'>sequente&amp;</span> <span class='ocrx_word' id='word_1_294' title='bbox 1234 2598 1267 2627; x_wconf 92' lang='lat' dir='ltr'>in</span> 
     </span>
     <span class='ocr_line' id='line_1_44' title="bbox 257 2648 1268 2688; baseline 0.003 -10"><span class='ocrx_word' id='word_1_295' title='bbox 257 2648 397 2678; x_wconf 71' lang='lat' dir='ltr'>ecclesie</span> <span class='ocrx_word' id='word_1_296' title='bbox 428 2648 574 2685; x_wconf 71' lang='lat' dir='ltr'>predicte</span> <span class='ocrx_word' id='word_1_297' title='bbox 607 2649 719 2683; x_wconf 58' lang='lat' dir='ltr'>terris</span> <span class='ocrx_word' id='word_1_298' title='bbox 752 2648 937 2679; x_wconf 70' lang='lat' dir='ltr'>rebellibus</span> <span class='ocrx_word' id='word_1_299' title='bbox 967 2650 1032 2688; x_wconf 87' lang='lat' dir='ltr'>ipsi</span> <span class='ocrx_word' id='word_1_300' title='bbox 1063 2651 1215 2687; x_wconf 68' lang='lat' dir='ltr'>ecclesie,</span> <span class='ocrx_word' id='word_1_301' title='bbox 1236 2653 1268 2681; x_wconf 88' lang='lat' dir='ltr'>et</span> 
     </span>
     <span class='ocr_line' id='line_1_45' title="bbox 257 2701 1266 2741; baseline 0.004 -11"><span class='ocrx_word' id='word_1_302' title='bbox 257 2701 451 2740; x_wconf 77' lang='lat' dir='ltr'>specialiter</span> <span class='ocrx_word' id='word_1_303' title='bbox 464 2701 496 2730; x_wconf 91' lang='lat' dir='ltr'>in</span> <span class='ocrx_word' id='word_1_304' title='bbox 508 2701 741 2731; x_wconf 71' lang='lat' dir='ltr'>Ancbonitana</span> <span class='ocrx_word' id='word_1_305' title='bbox 756 2702 915 2736; x_wconf 83' lang='lat' dir='ltr'>Marcbia,</span> <span class='ocrx_word' id='word_1_306' title='bbox 928 2703 1093 2741; x_wconf 71' lang='lat' dir='ltr'>recipiunt</span> <span class='ocrx_word' id='word_1_307' title='bbox 1106 2704 1266 2734; x_wconf 69' lang='lat' dir='ltr'>revtorias</span> 
     </span>
     <span class='ocr_line' id='line_1_46' title="bbox 256 2754 1266 2793; baseline 0.003 -9"><span class='ocrx_word' id='word_1_308' title='bbox 256 2762 292 2784; x_wconf 86' lang='lat' dir='ltr'>ac</span> <span class='ocrx_word' id='word_1_309' title='bbox 324 2754 520 2783; x_wconf 68' lang='lat' dir='ltr'>rebellionis</span> <span class='ocrx_word' id='word_1_310' title='bbox 553 2754 629 2784; x_wconf 70' lang='lat' dir='ltr'>sacti</span> <span class='ocrx_word' id='word_1_311' title='bbox 663 2755 861 2793; x_wconf 79' lang='lat' dir='ltr'>participeS,</span> <span class='ocrx_word' id='word_1_312' title='bbox 892 2756 1059 2785; x_wconf 77' lang='lat' dir='ltr'>otl&#39;endere</span> <span class='ocrx_word' id='word_1_313' title='bbox 1092 2757 1198 2786; x_wconf 67' lang='lat' dir='ltr'>lteum</span> <span class='ocrx_word' id='word_1_314' title='bbox 1234 2758 1266 2787; x_wconf 88' lang='lat' dir='ltr'>et</span> 
     </span>
     <span class='ocr_line' id='line_1_47' title="bbox 257 2807 1264 2848; baseline 0.004 -13"><span class='ocrx_word' id='word_1_315' title='bbox 257 2807 364 2846; x_wconf 85' lang='lat' dir='ltr'>ipsam</span> <span class='ocrx_word' id='word_1_316' title='bbox 376 2807 550 2836; x_wconf 63' lang='lat' dir='ltr'>ecelesiam</span> <span class='ocrx_word' id='word_1_317' title='bbox 568 2816 632 2837; x_wconf 86' lang='lat' dir='ltr'>non</span> <span class='ocrx_word' id='word_1_318' title='bbox 648 2809 815 2843; x_wconf 73' lang='lat' dir='ltr'>verentur,</span> <span class='ocrx_word' id='word_1_319' title='bbox 830 2810 1071 2847; x_wconf 77' lang='lat' dir='ltr'>postponentes</span> <span class='ocrx_word' id='word_1_320' title='bbox 1086 2810 1264 2848; x_wconf 69' lang='lat' dir='ltr'>spirituale</span> 
     </span>
     <span class='ocr_line' id='line_1_48' title="bbox 256 2860 1264 2901; baseline 0.003 -12"><span class='ocrx_word' id='word_1_321' title='bbox 256 2860 423 2899; x_wconf 85' lang='lat' dir='ltr'>premium</span> <span class='ocrx_word' id='word_1_322' title='bbox 438 2861 591 2898; x_wconf 79' lang='lat' dir='ltr'>pretextu</span> <span class='ocrx_word' id='word_1_323' title='bbox 607 2861 728 2890; x_wconf 71' lang='lat' dir='ltr'>modici</span> <span class='ocrx_word' id='word_1_324' title='bbox 741 2862 907 2891; x_wconf 85' lang='lat' dir='ltr'>commodi</span> <span class='ocrx_word' id='word_1_325' title='bbox 922 2862 1264 2901; x_wconf 69' lang='lat' dir='ltr'>temporalis,sicque</span> 
     </span>
     <span class='ocr_line' id='line_1_49' title="bbox 256 2913 1263 2954; baseline 0.003 -12"><span class='ocrx_word' id='word_1_326' title='bbox 256 2913 449 2951; x_wconf 69' lang='lat' dir='ltr'>frequenter</span> <span class='ocrx_word' id='word_1_327' title='bbox 479 2913 599 2949; x_wconf 68' lang='lat' dir='ltr'>evenit,</span> <span class='ocrx_word' id='word_1_328' title='bbox 619 2914 707 2952; x_wconf 79' lang='lat' dir='ltr'>quod</span> <span class='ocrx_word' id='word_1_329' title='bbox 737 2915 865 2943; x_wconf 83' lang='lat' dir='ltr'>eisdem</span> <span class='ocrx_word' id='word_1_330' title='bbox 895 2914 1091 2951; x_wconf 67' lang='lat' dir='ltr'>rebellibus,</span> <span class='ocrx_word' id='word_1_331' title='bbox 1113 2915 1174 2945; x_wconf 83' lang='lat' dir='ltr'>sub</span> <span class='ocrx_word' id='word_1_332' title='bbox 1205 2924 1263 2954; x_wconf 78' lang='lat' dir='ltr'>spe</span> 
     </span>
    </p>
   </div>
   <div class='ocr_carea' id='block_1_7' title="bbox 1299 313 1315 2949">
    <p class='ocr_par' dir='ltr' id='par_1_7' title="bbox 1299 313 1315 2949">
     <span class='ocr_line' id='line_1_50' title="bbox 1299 313 1315 2949; baseline 0 0"><span class='ocrx_word' id='word_1_333' title='bbox 1299 313 1315 2949; x_wconf 95' lang='lat' dir='ltr'> </span> 
     </span>
    </p>
   </div>
   <div class='ocr_carea' id='block_1_8' title="bbox 1028 227 1587 260">
    <p class='ocr_par' dir='ltr' id='par_1_8' title="bbox 1028 227 1587 260">
     <span class='ocr_line' id='line_1_51' title="bbox 1028 227 1587 260; baseline -0.005 0"><span class='ocrx_word' id='word_1_334' title='bbox 1028 229 1270 260; x_wconf 69' lang='lat' dir='ltr'>REGISTRES</span> <span class='ocrx_word' id='word_1_335' title='bbox 1291 227 1506 258; x_wconf 70' lang='lat' dir='ltr'>D&#39;URBAIN</span> <span class='ocrx_word' id='word_1_336' title='bbox 1531 228 1587 257; x_wconf 76' lang='lat' dir='ltr'>IV.</span> 
     </span>
    </p>
   </div>
   <div class='ocr_carea' id='block_1_9' title="bbox 1334 308 2353 1246">
    <p class='ocr_par' dir='ltr' id='par_1_9' title="bbox 1334 308 2353 1246">
     <span class='ocr_line' id='line_1_52' title="bbox 1341 308 2350 347; baseline 0.003 -10"><span class='ocrx_word' id='word_1_337' title='bbox 1341 309 1445 338; x_wconf 81' lang='lat' dir='ltr'>vestri</span> <span class='ocrx_word' id='word_1_338' title='bbox 1475 308 1611 344; x_wconf 83' lang='lat' dir='ltr'>favoris,</span> <span class='ocrx_word' id='word_1_339' title='bbox 1638 308 1813 338; x_wconf 76' lang='lat' dir='ltr'>temeritas</span> <span class='ocrx_word' id='word_1_340' title='bbox 1837 309 2044 347; x_wconf 81' lang='lat' dir='ltr'>malignandi</span> <span class='ocrx_word' id='word_1_341' title='bbox 2066 309 2224 347; x_wconf 86' lang='lat' dir='ltr'>prebetur</span> <span class='ocrx_word' id='word_1_342' title='bbox 2249 311 2350 340; x_wconf 86' lang='lat' dir='ltr'>auda—</span> 
     </span>
     <span class='ocr_line' id='line_1_53' title="bbox 1341 361 2351 401; baseline 0.003 -11"><span class='ocrx_word' id='word_1_343' title='bbox 1341 361 1410 390; x_wconf 87' lang='lat' dir='ltr'>cior</span> <span class='ocrx_word' id='word_1_344' title='bbox 1427 361 1459 391; x_wconf 88' lang='lat' dir='ltr'>et</span> <span class='ocrx_word' id='word_1_345' title='bbox 1478 361 1585 399; x_wconf 85' lang='lat' dir='ltr'>maj0r</span> <span class='ocrx_word' id='word_1_346' title='bbox 1603 361 1742 391; x_wconf 80' lang='lat' dir='ltr'>audacia</span> <span class='ocrx_word' id='word_1_347' title='bbox 1761 361 1958 391; x_wconf 82' lang='lat' dir='ltr'>rebellandi.</span> <span class='ocrx_word' id='word_1_348' title='bbox 1988 362 2091 397; x_wconf 70' lang='lat' dir='ltr'>Unde,</span> <span class='ocrx_word' id='word_1_349' title='bbox 2111 371 2184 392; x_wconf 87' lang='lat' dir='ltr'>cum</span> <span class='ocrx_word' id='word_1_350' title='bbox 2210 363 2351 401; x_wconf 80' lang='lat' dir='ltr'>predicti</span> 
     </span>
     <span class='ocr_line' id='line_1_54' title="bbox 1340 414 2350 453; baseline 0.002 -10"><span class='ocrx_word' id='word_1_351' title='bbox 1340 414 1494 444; x_wconf 82' lang='lat' dir='ltr'>concives</span> <span class='ocrx_word' id='word_1_352' title='bbox 1514 415 1637 452; x_wconf 78' lang='lat' dir='ltr'>ponant</span> <span class='ocrx_word' id='word_1_353' title='bbox 1656 415 1689 443; x_wconf 91' lang='lat' dir='ltr'>in</span> <span class='ocrx_word' id='word_1_354' title='bbox 1709 416 1819 444; x_wconf 82' lang='lat' dir='ltr'>vestre</span> <span class='ocrx_word' id='word_1_355' title='bbox 1834 415 2025 444; x_wconf 85' lang='lat' dir='ltr'>devotionis</span> <span class='ocrx_word' id='word_1_356' title='bbox 2044 415 2151 453; x_wconf 81' lang='lat' dir='ltr'>gloria</span> <span class='ocrx_word' id='word_1_357' title='bbox 2170 416 2350 453; x_wconf 83' lang='lat' dir='ltr'>maculam,</span> 
     </span>
     <span class='ocr_line' id='line_1_55' title="bbox 1339 467 2352 505; baseline 0.003 -9"><span class='ocrx_word' id='word_1_358' title='bbox 1339 467 1458 496; x_wconf 86' lang='lat' dir='ltr'>talium</span> <span class='ocrx_word' id='word_1_359' title='bbox 1485 467 1673 496; x_wconf 75' lang='lat' dir='ltr'>infidelium</span> <span class='ocrx_word' id='word_1_360' title='bbox 1694 468 1910 505; x_wconf 84' lang='lat' dir='ltr'>suscipiendo</span> <span class='ocrx_word' id='word_1_361' title='bbox 1935 467 2084 505; x_wconf 72' lang='lat' dir='ltr'>regimen</span> <span class='ocrx_word' id='word_1_362' title='bbox 2100 468 2151 497; x_wconf 80' lang='lat' dir='ltr'>vel</span> <span class='ocrx_word' id='word_1_363' title='bbox 2171 468 2220 497; x_wconf 86' lang='lat' dir='ltr'>eis</span> <span class='ocrx_word' id='word_1_364' title='bbox 2238 468 2352 499; x_wconf 88' lang='lat' dir='ltr'>taliter</span> 
     </span>
     <span class='ocr_line' id='line_1_56' title="bbox 1338 519 2353 559; baseline 0.002 -10"><span class='ocrx_word' id='word_1_365' title='bbox 1338 519 1540 555; x_wconf 79' lang='lat' dir='ltr'>adherendo,</span> <span class='ocrx_word' id='word_1_366' title='bbox 1564 520 1821 550; x_wconf 81' lang='lat' dir='ltr'>universitatem</span> <span class='ocrx_word' id='word_1_367' title='bbox 1842 522 1987 550; x_wconf 80' lang='lat' dir='ltr'>vestram</span> <span class='ocrx_word' id='word_1_368' title='bbox 2006 529 2165 559; x_wconf 73' lang='lat' dir='ltr'>rogamus</span> <span class='ocrx_word' id='word_1_369' title='bbox 2190 524 2219 551; x_wconf 81' lang='lat' dir='ltr'>et</span> <span class='ocrx_word' id='word_1_370' title='bbox 2244 521 2353 551; x_wconf 85' lang='lat' dir='ltr'>horta—</span> 
     </span>
     <span class='ocr_line' id='line_1_57' title="bbox 1339 573 2350 611; baseline 0.002 -9"><span class='ocrx_word' id='word_1_371' title='bbox 1339 581 1413 602; x_wconf 87' lang='lat' dir='ltr'>mur</span> <span class='ocrx_word' id='word_1_372' title='bbox 1429 574 1565 606; x_wconf 84' lang='lat' dir='ltr'>attente,</span> <span class='ocrx_word' id='word_1_373' title='bbox 1589 581 1647 610; x_wconf 89' lang='lat' dir='ltr'>per</span> <span class='ocrx_word' id='word_1_374' title='bbox 1663 573 1848 610; x_wconf 84' lang='lat' dir='ltr'>apostolica</span> <span class='ocrx_word' id='word_1_375' title='bbox 1866 573 1962 603; x_wconf 82' lang='lat' dir='ltr'>vobis</span> <span class='ocrx_word' id='word_1_376' title='bbox 1978 573 2103 611; x_wconf 82' lang='lat' dir='ltr'>scripta</span> <span class='ocrx_word' id='word_1_377' title='bbox 2121 574 2350 611; x_wconf 65' lang='lat' dir='ltr'>precipiendo,</span> 
     </span>
     <span class='ocr_line' id='line_1_58' title="bbox 1337 626 2351 665; baseline 0.001 -10"><span class='ocrx_word' id='word_1_378' title='bbox 1337 626 1539 655; x_wconf 86' lang='lat' dir='ltr'>mandantes</span> <span class='ocrx_word' id='word_1_379' title='bbox 1561 626 1721 664; x_wconf 80' lang='lat' dir='ltr'>quatinus</span> <span class='ocrx_word' id='word_1_380' title='bbox 1744 634 1861 656; x_wconf 87' lang='lat' dir='ltr'>omnes</span> <span class='ocrx_word' id='word_1_381' title='bbox 1882 628 2014 656; x_wconf 83' lang='lat' dir='ltr'>vestros</span> <span class='ocrx_word' id='word_1_382' title='bbox 2030 627 2197 662; x_wconf 69' lang='lat' dir='ltr'>concives,</span> <span class='ocrx_word' id='word_1_383' title='bbox 2219 627 2274 665; x_wconf 83' lang='lat' dir='ltr'>qui</span> <span class='ocrx_word' id='word_1_384' title='bbox 2294 626 2351 656; x_wconf 87' lang='lat' dir='ltr'>hu-</span> 
     </span>
     <span class='ocr_line' id='line_1_59' title="bbox 1334 678 2350 718; baseline 0.001 -10"><span class='ocrx_word' id='word_1_385' title='bbox 1334 678 1483 716; x_wconf 83' lang='lat' dir='ltr'>jusmodi</span> <span class='ocrx_word' id='word_1_386' title='bbox 1523 679 1685 708; x_wconf 55' lang='lat' dir='ltr'>redonas</span> <span class='ocrx_word' id='word_1_387' title='bbox 1723 687 1782 708; x_wconf 85' lang='lat' dir='ltr'>seu</span> <span class='ocrx_word' id='word_1_388' title='bbox 1813 679 2018 717; x_wconf 84' lang='lat' dir='ltr'>potestarias</span> <span class='ocrx_word' id='word_1_389' title='bbox 2054 681 2109 709; x_wconf 89' lang='lat' dir='ltr'>aut</span> <span class='ocrx_word' id='word_1_390' title='bbox 2147 679 2350 718; x_wconf 68' lang='lat' dir='ltr'>rapitanias,</span> 
     </span>
     <span class='ocr_line' id='line_1_60' title="bbox 1338 732 2350 770; baseline 0.002 -10"><span class='ocrx_word' id='word_1_391' title='bbox 1338 740 1550 770; x_wconf 77' lang='lat' dir='ltr'>quocumque</span> <span class='ocrx_word' id='word_1_392' title='bbox 1571 732 1706 761; x_wconf 88' lang='lat' dir='ltr'>nomine</span> <span class='ocrx_word' id='word_1_393' title='bbox 1724 732 1981 768; x_wconf 83' lang='lat' dir='ltr'>censeantur,in</span> <span class='ocrx_word' id='word_1_394' title='bbox 2001 732 2102 762; x_wconf 70' lang='lat' dir='ltr'>terris·</span> <span class='ocrx_word' id='word_1_395' title='bbox 2118 732 2245 762; x_wconf 73' lang='lat' dir='ltr'>talibus</span> <span class='ocrx_word' id='word_1_396' title='bbox 2263 741 2350 762; x_wconf 87' lang='lat' dir='ltr'>rece-</span> 
     </span>
     <span class='ocr_line' id='line_1_61' title="bbox 1338 784 2352 823; baseline 0.003 -11"><span class='ocrx_word' id='word_1_397' title='bbox 1338 786 1470 823; x_wconf 76' lang='lat' dir='ltr'>perunt,</span> <span class='ocrx_word' id='word_1_398' title='bbox 1498 784 1538 813; x_wconf 87' lang='lat' dir='ltr'>ab</span> <span class='ocrx_word' id='word_1_399' title='bbox 1555 785 1605 813; x_wconf 78' lang='lat' dir='ltr'>eis</span> <span class='ocrx_word' id='word_1_400' title='bbox 1623 784 1695 814; x_wconf 90' lang='lat' dir='ltr'>sine</span> <span class='ocrx_word' id='word_1_401' title='bbox 1715 785 1878 814; x_wconf 88' lang='lat' dir='ltr'>dilatione</span> <span class='ocrx_word' id='word_1_402' title='bbox 1895 785 2043 823; x_wconf 86' lang='lat' dir='ltr'>qualibet</span> <span class='ocrx_word' id='word_1_403' title='bbox 2069 785 2246 820; x_wconf 67' lang='lat' dir='ltr'>revocetis,</span> <span class='ocrx_word' id='word_1_404' title='bbox 2267 787 2297 815; x_wconf 88' lang='lat' dir='ltr'>et</span> <span class='ocrx_word' id='word_1_405' title='bbox 2316 787 2352 815; x_wconf 90' lang='lat' dir='ltr'>ut</span> 
     </span>
     <span class='ocr_line' id='line_1_62' title="bbox 1339 837 2349 876; baseline 0 -9"><span class='ocrx_word' id='word_1_406' title='bbox 1339 837 1378 867; x_wconf 91' lang='lat' dir='ltr'>ab</span> <span class='ocrx_word' id='word_1_407' title='bbox 1400 837 1484 875; x_wconf 79' lang='lat' dir='ltr'>ipsis</span> <span class='ocrx_word' id='word_1_408' title='bbox 1509 837 1645 867; x_wconf 86' lang='lat' dir='ltr'>omnino</span> <span class='ocrx_word' id='word_1_409' title='bbox 1669 838 1837 873; x_wconf 79' lang='lat' dir='ltr'>recedant,</span> <span class='ocrx_word' id='word_1_410' title='bbox 1859 838 2070 868; x_wconf 82' lang='lat' dir='ltr'>districtione</span> <span class='ocrx_word' id='word_1_411' title='bbox 2092 847 2157 876; x_wconf 81' lang='lat' dir='ltr'>qua</span> <span class='ocrx_word' id='word_1_412' title='bbox 2181 838 2349 874; x_wconf 74' lang='lat' dir='ltr'>convenit,</span> 
     </span>
     <span class='ocr_line' id='line_1_63' title="bbox 1338 890 2351 929; baseline 0.003 -11"><span class='ocrx_word' id='word_1_413' title='bbox 1338 890 1562 928; x_wconf 64' lang='lat' dir='ltr'>compellatis,</span> <span class='ocrx_word' id='word_1_414' title='bbox 1593 899 1651 920; x_wconf 87' lang='lat' dir='ltr'>nec</span> <span class='ocrx_word' id='word_1_415' title='bbox 1676 891 1882 929; x_wconf 85' lang='lat' dir='ltr'>permittatis</span> <span class='ocrx_word' id='word_1_416' title='bbox 1908 891 2000 929; x_wconf 84' lang='lat' dir='ltr'>ipsos</span> <span class='ocrx_word' id='word_1_417' title='bbox 2027 891 2078 921; x_wconf 84' lang='lat' dir='ltr'>vel</span> <span class='ocrx_word' id='word_1_418' title='bbox 2107 891 2192 921; x_wconf 71' lang='lat' dir='ltr'>alios</span> <span class='ocrx_word' id='word_1_419' title='bbox 2220 893 2351 921; x_wconf 77' lang='lat' dir='ltr'>vestros</span> 
     </span>
     <span class='ocr_line' id='line_1_64' title="bbox 1337 943 2349 983; baseline 0.002 -11"><span class='ocrx_word' id='word_1_420' title='bbox 1337 943 1492 972; x_wconf 77' lang='lat' dir='ltr'>concives</span> <span class='ocrx_word' id='word_1_421' title='bbox 1517 943 1549 972; x_wconf 89' lang='lat' dir='ltr'>in</span> <span class='ocrx_word' id='word_1_422' title='bbox 1572 943 1699 973; x_wconf 82' lang='lat' dir='ltr'>eisdem</span> <span class='ocrx_word' id='word_1_423' title='bbox 1718 944 1818 973; x_wconf 85' lang='lat' dir='ltr'>terris</span> <span class='ocrx_word' id='word_1_424' title='bbox 1840 943 2034 983; x_wconf 84' lang='lat' dir='ltr'>hujusmodi</span> <span class='ocrx_word' id='word_1_425' title='bbox 2059 945 2208 982; x_wconf 83' lang='lat' dir='ltr'>recipere</span> <span class='ocrx_word' id='word_1_426' title='bbox 2226 944 2349 979; x_wconf 83' lang='lat' dir='ltr'>officia,</span> 
     </span>
     <span class='ocr_line' id='line_1_65' title="bbox 1338 995 2350 1035; baseline 0.003 -11"><span class='ocrx_word' id='word_1_427' title='bbox 1338 995 1366 1024; x_wconf 93' lang='lat' dir='ltr'>si</span> <span class='ocrx_word' id='word_1_428' title='bbox 1389 996 1438 1025; x_wconf 85' lang='lat' dir='ltr'>eis</span> <span class='ocrx_word' id='word_1_429' title='bbox 1464 996 1604 1025; x_wconf 84' lang='lat' dir='ltr'>forsitan</span> <span class='ocrx_word' id='word_1_430' title='bbox 1627 996 1820 1031; x_wconf 59' lang='lat' dir='ltr'>ott&#39;erantur,</span> <span class='ocrx_word' id='word_1_431' title='bbox 1845 1005 1960 1034; x_wconf 83' lang='lat' dir='ltr'>preces</span> <span class='ocrx_word' id='word_1_432' title='bbox 1982 1000 2011 1027; x_wconf 86' lang='lat' dir='ltr'>ct</span> <span class='ocrx_word' id='word_1_433' title='bbox 2035 999 2229 1035; x_wconf 82' lang='lat' dir='ltr'>preceptum</span> <span class='ocrx_word' id='word_1_434' title='bbox 2248 1005 2350 1035; x_wconf 86' lang='lat' dir='ltr'>super</span> 
     </span>
     <span class='ocr_line' id='line_1_66' title="bbox 1338 1049 2352 1088; baseline 0.003 -11"><span class='ocrx_word' id='word_1_435' title='bbox 1338 1049 1397 1078; x_wconf 76' lang='lat' dir='ltr'>lio(-</span> <span class='ocrx_word' id='word_1_436' title='bbox 1415 1051 1568 1079; x_wconf 86' lang='lat' dir='ltr'>nostrum</span> <span class='ocrx_word' id='word_1_437' title='bbox 1587 1049 1634 1079; x_wconf 72' lang='lat' dir='ltr'>sir</span> <span class='ocrx_word' id='word_1_438' title='bbox 1650 1049 1832 1079; x_wconf 61' lang='lat' dir='ltr'>eslii-aciter</span> <span class='ocrx_word' id='word_1_439' title='bbox 1848 1050 2034 1088; x_wconf 81' lang='lat' dir='ltr'>impleturi,</span> <span class='ocrx_word' id='word_1_440' title='bbox 2052 1052 2087 1080; x_wconf 88' lang='lat' dir='ltr'>ut</span> <span class='ocrx_word' id='word_1_441' title='bbox 2106 1050 2247 1088; x_wconf 74' lang='lat' dir='ltr'>possitis</span> <span class='ocrx_word' id='word_1_442' title='bbox 2262 1059 2280 1079; x_wconf 90' lang='lat' dir='ltr'>a</span> <span class='ocrx_word' id='word_1_443' title='bbox 2295 1059 2352 1080; x_wconf 92' lang='lat' dir='ltr'>no-</span> 
     </span>
     <span class='ocr_line' id='line_1_67' title="bbox 1339 1102 2348 1141; baseline 0.003 -11"><span class='ocrx_word' id='word_1_444' title='bbox 1339 1102 1390 1131; x_wconf 86' lang='lat' dir='ltr'>bis</span> <span class='ocrx_word' id='word_1_445' title='bbox 1419 1102 1459 1132; x_wconf 82' lang='lat' dir='ltr'>de</span> <span class='ocrx_word' id='word_1_446' title='bbox 1486 1102 1557 1132; x_wconf 85' lang='lat' dir='ltr'>zelo</span> <span class='ocrx_word' id='word_1_447' title='bbox 1581 1104 1735 1141; x_wconf 81' lang='lat' dir='ltr'>prompte</span> <span class='ocrx_word' id='word_1_448' title='bbox 1757 1102 1947 1133; x_wconf 86' lang='lat' dir='ltr'>obedientie</span> <span class='ocrx_word' id='word_1_449' title='bbox 1967 1103 2087 1133; x_wconf 87' lang='lat' dir='ltr'>merito</span> <span class='ocrx_word' id='word_1_450' title='bbox 2106 1103 2348 1138; x_wconf 70' lang='lat' dir='ltr'>connitendari,</span> 
     </span>
     <span class='ocr_line' id='line_1_68' title="bbox 1338 1155 2351 1194; baseline 0.001 -10"><span class='ocrx_word' id='word_1_451' title='bbox 1338 1164 1396 1184; x_wconf 84' lang='lat' dir='ltr'>nec</span> <span class='ocrx_word' id='word_1_452' title='bbox 1415 1157 1563 1193; x_wconf 82' lang='lat' dir='ltr'>oporteat</span> <span class='ocrx_word' id='word_1_453' title='bbox 1584 1164 1644 1185; x_wconf 85' lang='lat' dir='ltr'>nos</span> <span class='ocrx_word' id='word_1_454' title='bbox 1663 1157 1695 1185; x_wconf 86' lang='lat' dir='ltr'>in</span> <span class='ocrx_word' id='word_1_455' title='bbox 1712 1155 1771 1185; x_wconf 87' lang='lat' dir='ltr'>bac</span> <span class='ocrx_word' id='word_1_456' title='bbox 1786 1157 1880 1194; x_wconf 85' lang='lat' dir='ltr'>parte</span> <span class='ocrx_word' id='word_1_457' title='bbox 1901 1156 1999 1185; x_wconf 87' lang='lat' dir='ltr'>aliter</span> <span class='ocrx_word' id='word_1_458' title='bbox 2018 1156 2206 1194; x_wconf 78' lang='lat' dir='ltr'>providere.</span> <span class='ocrx_word' id='word_1_459' title='bbox 2226 1157 2351 1186; x_wconf 88' lang='lat' dir='ltr'>Datum</span> 
     </span>
     <span class='ocr_line' id='line_1_69' title="bbox 1338 1208 2351 1246; baseline 0.001 -9"><span class='ocrx_word' id='word_1_460' title='bbox 1338 1209 1425 1246; x_wconf 88' lang='lat' dir='ltr'>apud</span> <span class='ocrx_word' id='word_1_461' title='bbox 1454 1208 1740 1244; x_wconf 71' lang='lat' dir='ltr'>l&#39;rbeinveterein,</span> <span class='ocrx_word' id='word_1_462' title='bbox 1764 1218 1797 1238; x_wconf 87' lang='lat'>111</span> <span class='ocrx_word' id='word_1_463' title='bbox 1819 1209 1896 1238; x_wconf 85' lang='lat' dir='ltr'>idus</span> <span class='ocrx_word' id='word_1_464' title='bbox 1913 1209 2118 1244; x_wconf 85' lang='lat' dir='ltr'>novembris,</span> <span class='ocrx_word' id='word_1_465' title='bbox 2139 1217 2226 1238; x_wconf 90' lang='lat' dir='ltr'>anno</span> <span class='ocrx_word' id='word_1_466' title='bbox 2244 1209 2315 1239; x_wconf 73' lang='lat'>111⁰.</span> <span class='ocrx_word' id='word_1_467' title='bbox 2335 1219 2351 1238; x_wconf 73' lang='grc' dir='ltr'>ι)</span> 
     </span>
    </p>
   </div>
   <div class='ocr_carea' id='block_1_10' title="bbox 1822 1371 2277 1399">
    <p class='ocr_par' dir='ltr' id='par_1_10' title="bbox 1822 1371 2277 1399">
     <span class='ocr_line' id='line_1_70' title="bbox 1822 1371 2277 1399; baseline 0.004 -2"><span class='ocrx_word' id='word_1_468' title='bbox 1822 1371 1948 1398; x_wconf 85' lang='lat' dir='ltr'>Orvieto.</span> <span class='ocrx_word' id='word_1_469' title='bbox 1973 1372 2002 1398; x_wconf 80' lang='lat' dir='ltr'>ll</span> <span class='ocrx_word' id='word_1_470' title='bbox 2023 1372 2178 1397; x_wconf 69' lang='lat' dir='ltr'>novembre</span> <span class='ocrx_word' id='word_1_471' title='bbox 2201 1372 2277 1399; x_wconf 69' lang='lat'><strong>1:03.</strong></span> 
     </span>
    </p>
   </div>
   <div class='ocr_carea' id='block_1_11' title="bbox 1426 1372 1494 1402">
    <p class='ocr_par' dir='ltr' id='par_1_11' title="bbox 1426 1372 1494 1402">
     <span class='ocr_line' id='line_1_71' title="bbox 1426 1372 1494 1402; baseline 0 0"><span class='ocrx_word' id='word_1_472' title='bbox 1426 1372 1494 1402; x_wconf 77' lang='lat'>731</span> 
     </span>
    </p>
   </div>
   <div class='ocr_carea' id='block_1_12' title="bbox 1334 1455 2351 1587">
    <p class='ocr_par' dir='ltr' id='par_1_12' title="bbox 1334 1455 2351 1587">
     <span class='ocr_line' id='line_1_72' title="bbox 1372 1455 2351 1490; baseline 0.001 -9"><span class='ocrx_word' id='word_1_473' title='bbox 1372 1455 1510 1489; x_wconf 82' lang='lat' dir='ltr'>Episcopo</span> <span class='ocrx_word' id='word_1_474' title='bbox 1523 1455 1700 1482; x_wconf 79' lang='lat' dir='ltr'>Ferraricnsi</span> <span class='ocrx_word' id='word_1_475' title='bbox 1718 1457 1835 1482; x_wconf 79' lang='lat' dir='ltr'>mandat</span> <span class='ocrx_word' id='word_1_476' title='bbox 1850 1455 2044 1482; x_wconf 75' lang='lat' dir='ltr'>Bononienscs</span> <span class='ocrx_word' id='word_1_477' title='bbox 2057 1456 2172 1483; x_wconf 87' lang='lat' dir='ltr'>inducat</span> <span class='ocrx_word' id='word_1_478' title='bbox 2185 1459 2210 1481; x_wconf 89' lang='lat' dir='ltr'>ut</span> <span class='ocrx_word' id='word_1_479' title='bbox 2228 1456 2256 1482; x_wconf 92' lang='lat' dir='ltr'>in</span> <span class='ocrx_word' id='word_1_480' title='bbox 2271 1464 2351 1490; x_wconf 79' lang='lat' dir='ltr'>prac-</span> 
     </span>
     <span class='ocr_line' id='line_1_73' title="bbox 1335 1504 2348 1539; baseline 0.001 -9"><span class='ocrx_word' id='word_1_481' title='bbox 1335 1504 1410 1531; x_wconf 84' lang='lat' dir='ltr'>dicto</span> <span class='ocrx_word' id='word_1_482' title='bbox 1426 1504 1541 1539; x_wconf 63' lang='lat' dir='ltr'>negotio</span> <span class='ocrx_word' id='word_1_483' title='bbox 1562 1504 1706 1530; x_wconf 77' lang='lat' dir='ltr'>mandatis</span> <span class='ocrx_word' id='word_1_484' title='bbox 1724 1504 1891 1539; x_wconf 81' lang='lat' dir='ltr'>apostolicis</span> <span class='ocrx_word' id='word_1_485' title='bbox 1910 1505 2121 1539; x_wconf 72' lang='lat' dir='ltr'>obtemperent.</span> <span class='ocrx_word' id='word_1_486' title='bbox 2141 1506 2220 1539; x_wconf 63' lang='lat' dir='ltr'>(itm.</span> <span class='ocrx_word' id='word_1_487' title='bbox 2237 1505 2281 1532; x_wconf 72' lang='lat'>28.</span> <span class='ocrx_word' id='word_1_488' title='bbox 2299 1504 2348 1531; x_wconf 80' lang='lat' dir='ltr'>fol.</span> 
     </span>
     <span class='ocr_line' id='line_1_74' title="bbox 1334 1553 1692 1587; baseline 0 -8"><span class='ocrx_word' id='word_1_489' title='bbox 1334 1553 1368 1580; x_wconf 70' lang='lat'>84</span> <span class='ocrx_word' id='word_1_490' title='bbox 1383 1558 1423 1585; x_wconf 68' lang='grc' dir='ltr'>νο,</span> <span class='ocrx_word' id='word_1_491' title='bbox 1439 1561 1505 1580; x_wconf 81' lang='lat' dir='ltr'>ann.</span> <span class='ocrx_word' id='word_1_492' title='bbox 1523 1553 1567 1586; x_wconf 83' lang='lat' dir='ltr'>tit,</span> <span class='ocrx_word' id='word_1_493' title='bbox 1585 1559 1614 1579; x_wconf 85' lang='lat' dir='ltr'>n⁰</span> <span class='ocrx_word' id='word_1_494' title='bbox 1635 1554 1692 1587; x_wconf 78' lang='lat'>17.)</span> 
     </span>
    </p>
   </div>
   <div class='ocr_carea' id='block_1_13' title="bbox 1336 1658 2349 1752">
    <p class='ocr_par' dir='ltr' id='par_1_13' title="bbox 1336 1658 2349 1752">
     <span class='ocr_line' id='line_1_75' title="bbox 1378 1658 2349 1699; baseline 0.001 -13"><span class='ocrx_word' id='word_1_495' title='bbox 1378 1672 1391 1686; x_wconf 87' lang='lat'>»</span> <span class='ocrx_word' id='word_1_496' title='bbox 1418 1684 1425 1690; x_wconf 93' lang='lat'><strong>.</strong></span> <span class='ocrx_word' id='word_1_497' title='bbox 1445 1683 1451 1689; x_wconf 91' lang='lat'><strong>.</strong></span> <span class='ocrx_word' id='word_1_498' title='bbox 1480 1659 1618 1699; x_wconf 79' lang='lat' dir='ltr'>episcopo</span> <span class='ocrx_word' id='word_1_499' title='bbox 1639 1658 1842 1688; x_wconf 67' lang='lat' dir='ltr'>Fert-ariensi.</span> <span class='ocrx_word' id='word_1_500' title='bbox 1864 1658 1901 1688; x_wconf 91' lang='lat' dir='ltr'>In</span> <span class='ocrx_word' id='word_1_501' title='bbox 1919 1658 2037 1688; x_wconf 86' lang='lat' dir='ltr'>decore</span> <span class='ocrx_word' id='word_1_502' title='bbox 2058 1658 2136 1688; x_wconf 88' lang='lat' dir='ltr'>fidei</span> <span class='ocrx_word' id='word_1_503' title='bbox 2153 1675 2201 1688; x_wconf 92' lang='lat'>—.</span> <span class='ocrx_word' id='word_1_504' title='bbox 2224 1659 2349 1689; x_wconf 88' lang='lat' dir='ltr'>Datum</span> 
     </span>
     <span class='ocr_line' id='line_1_76' title="bbox 1336 1715 1540 1752; baseline -0.015 -9"><span class='ocrx_word' id='word_1_505' title='bbox 1336 1715 1372 1743; x_wconf 94' lang='lat' dir='ltr'>ut</span> <span class='ocrx_word' id='word_1_506' title='bbox 1391 1721 1506 1752; x_wconf 87' lang='lat' dir='ltr'>supra.</span> <span class='ocrx_word' id='word_1_507' title='bbox 1526 1726 1540 1740; x_wconf 82' lang='lat'>»</span> 
     </span>
    </p>
   </div>
   <div class='ocr_carea' id='block_1_14' title="bbox 1833 1875 2276 1909">
    <p class='ocr_par' dir='ltr' id='par_1_14' title="bbox 1833 1875 2276 1909">
     <span class='ocr_line' id='line_1_77' title="bbox 1833 1875 2276 1909; baseline -0.002 -7"><span class='ocrx_word' id='word_1_508' title='bbox 1833 1875 1958 1909; x_wconf 85' lang='lat' dir='ltr'>Orvieto‚</span> <span class='ocrx_word' id='word_1_509' title='bbox 1976 1876 2006 1902; x_wconf 80' lang='lat'>17</span> <span class='ocrx_word' id='word_1_510' title='bbox 2022 1875 2176 1902; x_wconf 77' lang='lat' dir='ltr'>novembre</span> <span class='ocrx_word' id='word_1_511' title='bbox 2198 1876 2276 1903; x_wconf 64' lang='lat'><strong>1203.</strong></span> 
     </span>
    </p>
   </div>
   <div class='ocr_carea' id='block_1_15' title="bbox 1425 1878 1498 1909">
    <p class='ocr_par' dir='ltr' id='par_1_15' title="bbox 1425 1878 1498 1909">
     <span class='ocr_line' id='line_1_78' title="bbox 1425 1878 1498 1909; baseline 0 -1"><span class='ocrx_word' id='word_1_512' title='bbox 1425 1878 1498 1909; x_wconf 76' lang='lat'>732</span> 
     </span>
    </p>
   </div>
   <div class='ocr_carea' id='block_1_16' title="bbox 1334 1959 2348 2043">
    <p class='ocr_par' dir='ltr' id='par_1_16' title="bbox 1334 1959 2348 2043">
     <span class='ocr_line' id='line_1_79' title="bbox 1370 1959 2348 1992; baseline -0.002 -5"><span class='ocrx_word' id='word_1_513' title='bbox 1370 1961 1567 1987; x_wconf 73' lang='lat' dir='ltr'>l&#39;r‹,wisiom·ni</span> <span class='ocrx_word' id='word_1_514' title='bbox 1586 1959 1725 1986; x_wconf 67' lang='lat' dir='ltr'>evciesiae</span> <span class='ocrx_word' id='word_1_515' title='bbox 1742 1960 1895 1986; x_wconf 71' lang='lat' dir='ltr'>&#39;l‘ranensis</span> <span class='ocrx_word' id='word_1_516' title='bbox 1913 1960 1966 1986; x_wconf 84' lang='lat' dir='ltr'>sibi</span> <span class='ocrx_word' id='word_1_517' title='bbox 1983 1962 2121 1986; x_wconf 76' lang='lat' dir='ltr'>reservat.</span> <span class='ocrx_word' id='word_1_518' title='bbox 2136 1960 2217 1992; x_wconf 58' lang='lat' dir='ltr'>(nm.</span> <span class='ocrx_word' id='word_1_519' title='bbox 2235 1960 2279 1989; x_wconf 71' lang='lat'>28,</span> <span class='ocrx_word' id='word_1_520' title='bbox 2299 1959 2348 1986; x_wconf 83' lang='lat' dir='ltr'>fol.</span> 
     </span>
     <span class='ocr_line' id='line_1_80' title="bbox 1334 2009 1783 2043; baseline 0 -8"><span class='ocrx_word' id='word_1_521' title='bbox 1334 2010 1368 2036; x_wconf 64' lang='lat'>84</span> <span class='ocrx_word' id='word_1_522' title='bbox 1388 2014 1428 2041; x_wconf 63' lang='grc' dir='ltr'>νῦ,</span> <span class='ocrx_word' id='word_1_523' title='bbox 1449 2018 1508 2036; x_wconf 74' lang='lat' dir='ltr'>cur.</span> <span class='ocrx_word' id='word_1_524' title='bbox 1526 2018 1594 2036; x_wconf 83' lang='lat' dir='ltr'>ann.</span> <span class='ocrx_word' id='word_1_525' title='bbox 1610 2009 1658 2039; x_wconf 86' lang='lat'>111,</span> <span class='ocrx_word' id='word_1_526' title='bbox 1680 2014 1710 2035; x_wconf 78' lang='grc' dir='ltr'>ιιο</span> <span class='ocrx_word' id='word_1_527' title='bbox 1730 2010 1783 2043; x_wconf 71' lang='grc'>18.)</span> 
     </span>
    </p>
   </div>
   <div class='ocr_carea' id='block_1_17' title="bbox 1327 2116 2389 2951">
    <p class='ocr_par' dir='ltr' id='par_1_17' title="bbox 1327 2116 2389 2951">
     <span class='ocr_line' id='line_1_81' title="bbox 1377 2116 2349 2155; baseline 0.002 -11"><span class='ocrx_word' id='word_1_528' title='bbox 1377 2130 1390 2144; x_wconf 74' lang='grc' dir='ltr'>(ι</span> <span class='ocrx_word' id='word_1_529' title='bbox 1412 2117 1462 2146; x_wconf 67' lang='lat' dir='ltr'>Ad</span> <span class='ocrx_word' id='word_1_530' title='bbox 1474 2117 1611 2155; x_wconf 75' lang='lat' dir='ltr'>futuram</span> <span class='ocrx_word' id='word_1_531' title='bbox 1632 2117 1676 2145; x_wconf 69' lang='lat' dir='ltr'>rei</span> <span class='ocrx_word' id='word_1_532' title='bbox 1696 2116 1880 2145; x_wconf 74' lang='lat' dir='ltr'>memoriam.</span> <span class='ocrx_word' id='word_1_533' title='bbox 1899 2116 1982 2145; x_wconf 84' lang='lat' dir='ltr'>Cuni</span> <span class='ocrx_word' id='word_1_534' title='bbox 2002 2116 2187 2145; x_wconf 74' lang='lat' dir='ltr'>Tranensis</span> <span class='ocrx_word' id='word_1_535' title='bbox 2205 2116 2349 2146; x_wconf 72' lang='lat' dir='ltr'>ecclesia</span> 
     </span>
     <span class='ocr_line' id='line_1_82' title="bbox 1335 2169 2350 2209; baseline 0 -9"><span class='ocrx_word' id='word_1_536' title='bbox 1335 2172 1377 2201; x_wconf 89' lang='lat' dir='ltr'>sit</span> <span class='ocrx_word' id='word_1_537' title='bbox 1395 2170 1542 2209; x_wconf 82' lang='lat' dir='ltr'>pastoris</span> <span class='ocrx_word' id='word_1_538' title='bbox 1555 2170 1677 2200; x_wconf 82' lang='lat' dir='ltr'>solatio</span> <span class='ocrx_word' id='word_1_539' title='bbox 1690 2169 1864 2203; x_wconf 77' lang='lat' dir='ltr'>destituta,</span> <span class='ocrx_word' id='word_1_540' title='bbox 1879 2177 1940 2198; x_wconf 86' lang='lat' dir='ltr'>nos</span> <span class='ocrx_word' id='word_1_541' title='bbox 1953 2169 2205 2199; x_wconf 80' lang='lat' dir='ltr'>cumfratribus</span> <span class='ocrx_word' id='word_1_542' title='bbox 2223 2170 2350 2200; x_wconf 84' lang='lat' dir='ltr'>nostris</span> 
     </span>
     <span class='ocr_line' id='line_1_83' title="bbox 1334 2222 2346 2261; baseline 0 -8"><span class='ocrx_word' id='word_1_543' title='bbox 1334 2224 1515 2254; x_wconf 83' lang='lat' dir='ltr'>habuimus</span> <span class='ocrx_word' id='word_1_544' title='bbox 1533 2224 1572 2253; x_wconf 83' lang='lat' dir='ltr'>de</span> <span class='ocrx_word' id='word_1_545' title='bbox 1589 2223 1697 2261; x_wconf 84' lang='lat' dir='ltr'>ipsius</span> <span class='ocrx_word' id='word_1_546' title='bbox 1714 2222 1854 2252; x_wconf 78' lang='lat' dir='ltr'>ecclesie</span> <span class='ocrx_word' id='word_1_547' title='bbox 1874 2222 2086 2252; x_wconf 88' lang='lat' dir='ltr'>ordinatione</span> <span class='ocrx_word' id='word_1_548' title='bbox 2102 2224 2283 2253; x_wconf 82' lang='lat' dir='ltr'>tractatum</span> <span class='ocrx_word' id='word_1_549' title='bbox 2301 2224 2346 2260; x_wconf 83' lang='lat' dir='ltr'>et,</span> 
     </span>
     <span class='ocr_line' id='line_1_84' title="bbox 1334 2275 2349 2314; baseline -0.001 -7"><span class='ocrx_word' id='word_1_550' title='bbox 1334 2277 1512 2307; x_wconf 86' lang='lat' dir='ltr'>collatione</span> <span class='ocrx_word' id='word_1_551' title='bbox 1534 2276 1646 2306; x_wconf 85' lang='lat' dir='ltr'>habita</span> <span class='ocrx_word' id='word_1_552' title='bbox 1669 2284 1743 2306; x_wconf 87' lang='lat' dir='ltr'>cum</span> <span class='ocrx_word' id='word_1_553' title='bbox 1765 2275 1892 2305; x_wconf 75' lang='lat' dir='ltr'>eisdem</span> <span class='ocrx_word' id='word_1_554' title='bbox 1914 2276 2134 2314; x_wconf 81' lang='lat' dir='ltr'>ipsorumque</span> <span class='ocrx_word' id='word_1_555' title='bbox 2159 2284 2262 2314; x_wconf 85' lang='lat' dir='ltr'>super</span> <span class='ocrx_word' id='word_1_556' title='bbox 2287 2276 2349 2307; x_wconf 88' lang='lat' dir='ltr'>hoc</span> 
     </span>
     <span class='ocr_line' id='line_1_85' title="bbox 1333 2328 2350 2368; baseline 0 -8"><span class='ocrx_word' id='word_1_557' title='bbox 1333 2330 1488 2361; x_wconf 81' lang='lat' dir='ltr'>consiliis</span> <span class='ocrx_word' id='word_1_558' title='bbox 1510 2329 1696 2368; x_wconf 83' lang='lat' dir='ltr'>requisitis,</span> <span class='ocrx_word' id='word_1_559' title='bbox 1717 2329 1861 2358; x_wconf 86' lang='lat' dir='ltr'>dilectus</span> <span class='ocrx_word' id='word_1_560' title='bbox 1880 2329 1973 2358; x_wconf 85' lang='lat' dir='ltr'>tilius</span> <span class='ocrx_word' id='word_1_561' title='bbox 1992 2328 2096 2359; x_wconf 82' lang='lat' dir='ltr'>frater</span> <span class='ocrx_word' id='word_1_562' title='bbox 2113 2329 2217 2359; x_wconf 79' lang='lat' dir='ltr'>Jacob</span> <span class='ocrx_word' id='word_1_563' title='bbox 2236 2330 2288 2367; x_wconf 86' lang='lat' dir='ltr'>us]</span> <span class='ocrx_word' id='word_1_564' title='bbox 2309 2329 2350 2360; x_wconf 84' lang='lat' dir='ltr'>de</span> 
     </span>
     <span class='ocr_line' id='line_1_86' title="bbox 1333 2382 2347 2415; baseline -0.001 -1"><span class='ocrx_word' id='word_1_565' title='bbox 1333 2384 1449 2414; x_wconf 85' lang='lat' dir='ltr'>ordine</span> <span class='ocrx_word' id='word_1_566' title='bbox 1474 2383 1740 2415; x_wconf 85' lang='lat' dir='ltr'>Predicatorum,</span> <span class='ocrx_word' id='word_1_567' title='bbox 1768 2384 1846 2412; x_wconf 86' lang='lat' dir='ltr'>tunc</span> <span class='ocrx_word' id='word_1_568' title='bbox 1871 2382 1975 2412; x_wconf 87' lang='lat' dir='ltr'>lector</span> <span class='ocrx_word' id='word_1_569' title='bbox 1995 2382 2138 2412; x_wconf 84' lang='lat' dir='ltr'>fratrum</span> <span class='ocrx_word' id='word_1_570' title='bbox 2165 2382 2347 2413; x_wconf 84' lang='lat' dir='ltr'>Urbeveta-</span> 
     </span>
     <span class='ocr_line' id='line_1_87' title="bbox 1331 2435 2344 2475; baseline -0.001 -8"><span class='ocrx_word' id='word_1_571' title='bbox 1331 2446 1464 2473; x_wconf 73' lang='lat' dir='ltr'>norum,</span> <span class='ocrx_word' id='word_1_572' title='bbox 1477 2437 1628 2475; x_wconf 84' lang='lat' dir='ltr'>ejusdem</span> <span class='ocrx_word' id='word_1_573' title='bbox 1644 2435 1785 2469; x_wconf 81' lang='lat' dir='ltr'>ordinis,</span> <span class='ocrx_word' id='word_1_574' title='bbox 1798 2435 1895 2465; x_wconf 78' lang='lat' dir='ltr'>exitit</span> <span class='ocrx_word' id='word_1_575' title='bbox 1914 2435 1955 2465; x_wconf 88' lang='lat' dir='ltr'>ad</span> <span class='ocrx_word' id='word_1_576' title='bbox 1972 2435 2083 2473; x_wconf 82' lang='lat' dir='ltr'>ipsius</span> <span class='ocrx_word' id='word_1_577' title='bbox 2096 2435 2238 2466; x_wconf 79' lang='lat' dir='ltr'>ecclesie</span> <span class='ocrx_word' id='word_1_578' title='bbox 2259 2436 2344 2475; x_wconf 85' lang='lat' dir='ltr'>regi-</span> 
     </span>
     <span class='ocr_line' id='line_1_88' title="bbox 1331 2488 2345 2528; baseline -0.001 -8"><span class='ocrx_word' id='word_1_579' title='bbox 1331 2499 1407 2520; x_wconf 90' lang='lat' dir='ltr'>men</span> <span class='ocrx_word' id='word_1_580' title='bbox 1428 2489 1621 2528; x_wconf 74' lang='lat' dir='ltr'>specialiter</span> <span class='ocrx_word' id='word_1_581' title='bbox 1638 2489 1843 2519; x_wconf 86' lang='lat' dir='ltr'>nominatus.</span> <span class='ocrx_word' id='word_1_582' title='bbox 1862 2488 1933 2518; x_wconf 85' lang='lat' dir='ltr'>Nos</span> <span class='ocrx_word' id='word_1_583' title='bbox 1950 2489 2066 2527; x_wconf 81' lang='lat' dir='ltr'>igitur,</span> <span class='ocrx_word' id='word_1_584' title='bbox 2081 2488 2190 2527; x_wconf 84' lang='lat' dir='ltr'>ipsius</span> <span class='ocrx_word' id='word_1_585' title='bbox 2203 2488 2345 2519; x_wconf 80' lang='lat' dir='ltr'>ecclesie</span> 
     </span>
     <span class='ocr_line' id='line_1_89' title="bbox 1330 2541 2346 2582; baseline 0 -11"><span class='ocrx_word' id='word_1_586' title='bbox 1330 2544 1558 2582; x_wconf 76' lang='lat' dir='ltr'>provisionem</span> <span class='ocrx_word' id='word_1_587' title='bbox 1572 2545 1604 2572; x_wconf 80' lang='lat' dir='ltr'>et</span> <span class='ocrx_word' id='word_1_588' title='bbox 1616 2542 1863 2572; x_wconf 84' lang='lat' dir='ltr'>ordinationem</span> <span class='ocrx_word' id='word_1_589' title='bbox 1881 2541 1979 2571; x_wconf 86' lang='lat' dir='ltr'>nobis</span> <span class='ocrx_word' id='word_1_590' title='bbox 1998 2542 2038 2571; x_wconf 87' lang='lat' dir='ltr'>de</span> <span class='ocrx_word' id='word_1_591' title='bbox 2055 2542 2234 2580; x_wconf 80' lang='lat' dir='ltr'>potestatis</span> <span class='ocrx_word' id='word_1_592' title='bbox 2248 2550 2346 2580; x_wconf 88' lang='lat' dir='ltr'>apos-</span> 
     </span>
     <span class='ocr_line' id='line_1_90' title="bbox 1330 2595 2345 2635; baseline -0.002 -8"><span class='ocrx_word' id='word_1_593' title='bbox 1330 2597 1429 2627; x_wconf 87' lang='lat' dir='ltr'>tolice</span> <span class='ocrx_word' id='word_1_594' title='bbox 1449 2596 1658 2635; x_wconf 87' lang='lat' dir='ltr'>plenitudine</span> <span class='ocrx_word' id='word_1_595' title='bbox 1684 2597 1908 2631; x_wconf 79' lang='lat' dir='ltr'>reservantes,</span> <span class='ocrx_word' id='word_1_596' title='bbox 1936 2595 2126 2625; x_wconf 70' lang='lat' dir='ltr'>districtius</span> <span class='ocrx_word' id='word_1_597' title='bbox 2152 2595 2345 2625; x_wconf 71' lang='lat' dir='ltr'>inhibemus</span> 
     </span>
     <span class='ocr_line' id='line_1_91' title="bbox 1330 2647 2344 2688; baseline -0.003 -8"><span class='ocrx_word' id='word_1_598' title='bbox 1330 2659 1370 2680; x_wconf 88' lang='lat' dir='ltr'>ne</span> <span class='ocrx_word' id='word_1_599' title='bbox 1394 2658 1451 2688; x_wconf 89' lang='lat' dir='ltr'>per</span> <span class='ocrx_word' id='word_1_600' title='bbox 1478 2649 1663 2688; x_wconf 72' lang='lat' dir='ltr'>capitulum</span> <span class='ocrx_word' id='word_1_601' title='bbox 1691 2648 1831 2678; x_wconf 32' lang='lat' dir='ltr'>ecclesii·</span> <span class='ocrx_word' id='word_1_602' title='bbox 1861 2648 2008 2686; x_wconf 75' lang='lat' dir='ltr'>predicte</span> <span class='ocrx_word' id='word_1_603' title='bbox 2032 2647 2082 2677; x_wconf 84' lang='lat' dir='ltr'>vel</span> <span class='ocrx_word' id='word_1_604' title='bbox 2112 2655 2344 2686; x_wconf 82' lang='lat' dir='ltr'>quoscumque</span> 
     </span>
     <span class='ocr_line' id='line_1_92' title="bbox 1329 2700 2344 2740; baseline -0.001 -9"><span class='ocrx_word' id='word_1_605' title='bbox 1329 2703 1425 2739; x_wconf 83' lang='lat' dir='ltr'>alios,</span> <span class='ocrx_word' id='word_1_606' title='bbox 1443 2703 1502 2732; x_wconf 67' lang='lat' dir='ltr'>hat·</span> <span class='ocrx_word' id='word_1_607' title='bbox 1514 2703 1596 2735; x_wconf 78' lang='lat' dir='ltr'>vice,</span> <span class='ocrx_word' id='word_1_608' title='bbox 1608 2702 1647 2732; x_wconf 86' lang='lat' dir='ltr'>ad</span> <span class='ocrx_word' id='word_1_609' title='bbox 1666 2701 1895 2740; x_wconf 78' lang='lat' dir='ltr'>provisionem</span> <span class='ocrx_word' id='word_1_610' title='bbox 1911 2701 2020 2739; x_wconf 80' lang='lat' dir='ltr'>ipsius</span> <span class='ocrx_word' id='word_1_611' title='bbox 2038 2700 2178 2731; x_wconf 76' lang='lat' dir='ltr'>ecclesie</span> <span class='ocrx_word' id='word_1_612' title='bbox 2192 2709 2250 2739; x_wconf 82' lang='lat' dir='ltr'>per</span> <span class='ocrx_word' id='word_1_613' title='bbox 2262 2700 2344 2730; x_wconf 81' lang='lat' dir='ltr'>elec-</span> 
     </span>
     <span class='ocr_line' id='line_1_93' title="bbox 1328 2753 2343 2793; baseline -0.003 -7"><span class='ocrx_word' id='word_1_614' title='bbox 1328 2757 1453 2786; x_wconf 82' lang='lat' dir='ltr'>tionem</span> <span class='ocrx_word' id='word_1_615' title='bbox 1474 2756 1524 2785; x_wconf 75' lang='lat' dir='ltr'>vel</span> <span class='ocrx_word' id='word_1_616' title='bbox 1543 2755 1629 2785; x_wconf 84' lang='lat' dir='ltr'>alias</span> <span class='ocrx_word' id='word_1_617' title='bbox 1647 2753 1899 2793; x_wconf 76' lang='lat' dir='ltr'>quomodolibet</span> <span class='ocrx_word' id='word_1_618' title='bbox 1918 2754 2127 2792; x_wconf 80' lang='lat' dir='ltr'>procedatur,</span> <span class='ocrx_word' id='word_1_619' title='bbox 2149 2755 2179 2783; x_wconf 81' lang='lat' dir='ltr'>et</span> <span class='ocrx_word' id='word_1_620' title='bbox 2199 2754 2226 2783; x_wconf 84' lang='lat' dir='ltr'>si</span> <span class='ocrx_word' id='word_1_621' title='bbox 2245 2761 2343 2783; x_wconf 76' lang='lat' dir='ltr'>secus</span> 
     </span>
     <span class='ocr_line' id='line_1_94' title="bbox 1328 2806 2342 2848; baseline 0.001 -12"><span class='ocrx_word' id='word_1_622' title='bbox 1328 2811 1561 2848; x_wconf 80' lang='lat' dir='ltr'>presumptum</span> <span class='ocrx_word' id='word_1_623' title='bbox 1592 2808 1703 2843; x_wconf 78' lang='lat' dir='ltr'>fuerit,</span> <span class='ocrx_word' id='word_1_624' title='bbox 1737 2807 1870 2837; x_wconf 86' lang='lat' dir='ltr'>irritum</span> <span class='ocrx_word' id='word_1_625' title='bbox 1903 2815 2034 2837; x_wconf 74' lang='lat' dir='ltr'>exnunc</span> <span class='ocrx_word' id='word_1_626' title='bbox 2065 2806 2279 2836; x_wconf 79' lang='lat' dir='ltr'>decernimus</span> <span class='ocrx_word' id='word_1_627' title='bbox 2309 2809 2342 2837; x_wconf 79' lang='lat' dir='ltr'>et</span> 
     </span>
     <span class='ocr_line' id='line_1_95' title="bbox 1328 2859 2389 2900; baseline -0.002 -8"><span class='ocrx_word' id='word_1_628' title='bbox 1328 2863 1438 2896; x_wconf 83' lang='lat' dir='ltr'>inane,</span> <span class='ocrx_word' id='word_1_629' title='bbox 1459 2861 1642 2900; x_wconf 78' lang='lat' dir='ltr'>provisuri,</span> <span class='ocrx_word' id='word_1_630' title='bbox 1661 2862 1795 2890; x_wconf 79' lang='lat' dir='ltr'>auctore</span> <span class='ocrx_word' id='word_1_631' title='bbox 1819 2860 1976 2893; x_wconf 75' lang='lat' dir='ltr'>Domino.</span> <span class='ocrx_word' id='word_1_632' title='bbox 1995 2859 2035 2889; x_wconf 77' lang='lat' dir='ltr'>de</span> <span class='ocrx_word' id='word_1_633' title='bbox 2062 2859 2163 2889; x_wconf 74' lang='lat' dir='ltr'>t&#39;ratro</span> <span class='ocrx_word' id='word_1_634' title='bbox 2192 2860 2341 2897; x_wconf 76' lang='lat' dir='ltr'>predicto</span> <span class='ocrx_word' id='word_1_635' title='bbox 2382 2876 2389 2883; x_wconf 96' lang='lat'>-</span> 
     </span>
     <span class='ocr_line' id='line_1_96' title="bbox 1327 2911 2340 2951; baseline -0.002 -6"><span class='ocrx_word' id='word_1_636' title='bbox 1327 2916 1435 2945; x_wconf 74' lang='lat' dir='ltr'>eidem</span> <span class='ocrx_word' id='word_1_637' title='bbox 1453 2914 1606 2945; x_wconf 67' lang='lat' dir='ltr'>ecclesie.</span> <span class='ocrx_word' id='word_1_638' title='bbox 1622 2914 1707 2944; x_wconf 76' lang='lat' dir='ltr'>sicut</span> <span class='ocrx_word' id='word_1_639' title='bbox 1724 2914 1763 2943; x_wconf 81' lang='lat' dir='ltr'>de</span> <span class='ocrx_word' id='word_1_640' title='bbox 1782 2914 1895 2942; x_wconf 81' lang='lat' dir='ltr'>nostre</span> <span class='ocrx_word' id='word_1_641' title='bbox 1910 2912 2109 2950; x_wconf 74' lang='lat' dir='ltr'>processerit</span> <span class='ocrx_word' id='word_1_642' title='bbox 2126 2911 2340 2951; x_wconf 72' lang='lat' dir='ltr'>beneplacito</span> 
     </span>
    </p>
   </div>
  </div>
 </body>
</html>
