2547 3289
1098 315 1313 347 D’URBAIN
1336 315 1394 346 IV.

2248 314 2285 344 97

205 400 399 440 hujusmodi
423 401 599 431 assecutus
615 400 717 430 fuerit
736 409 811 430 cum
834 400 964 435 effectu,
988 398 1042 428 vel
1058 406 1214 436 procura·
1244 405 1248 442 J
1276 398 1495 436 personatum
1513 396 1565 426 vel
1589 396 1786 435 dignitatem
1802 395 1997 435 hujusmodi
2019 395 2143 425 decano
2156 394 2286 433 prefato

205 454 271 485 tori
290 463 363 490 suo,
383 455 439 484 aut
463 453 535 491 alii,
558 453 631 492 ejus
653 453 800 490 nomine,
814 454 883 483 tam
900 453 1016 482 nostra
1033 459 1134 490 quam
1159 452 1217 480 tua

206 507 405 537 auctoritate
421 515 481 545 per
494 508 526 537 te
544 507 598 537 vel
617 506 722 536 alium
739 505 893 536 conferas
915 507 946 535 et
969 504 1135 542 assignes,
1151 511 1217 533 11011
1245 509 1247 525 1

206 559 419 590 obstantibus
450 559 565 598 aliquo
591 560 716 589 statuto
748 559 890 589 ecclesie
914 557 1062 596 predicte
1090 558 1216 586 contra-

204 612 268 650 rio,
282 612 475 652 juramento
499 613 554 642 vel
573 612 693 651 quavis
718 611 878 641 firmitate
906 610 1043 646 vallato,
1073 611 1129 639 aut
1146 609 1216 647 qui-

205 665 355 696 buslibet
371 666 495 696 litteris
517 674 619 704 super
638 666 881 704 cujuscumque
903 664 956 693 vel
980 671 1218 701 quorumcum-

205 727 269 758 que
284 718 540 757 provisionibus
556 719 596 748 de
607 717 847 757 personatibus
860 716 913 746 vel
923 715 1146 755 dignitatibus
1157 724 1217 745 seu

205 772 448 802 ecclesiasticis
464 771 640 802 beneficiis
659 771 694 800 in
713 770 830 800 eadem
856 769 1000 799 ecclesia
1016 768 1180 798 faciendis
1200 777 1218 797 a

205 825 283 855 sede
302 825 488 864 apostolica
502 823 697 862 impetratis
711 823 765 852 vel
779 823 881 852 etiam
899 822 1134 860 impetrandis,
1148 821 1217 860 qui-

204 877 268 908 bus
284 877 443 908 omnibus
460 877 494 906 in
511 876 723 906 assecutione
737 874 930 914 hujusmodi
946 876 1148 913 personatus
1163 873 1218 903 vel

204 930 381 970 dignitatis
400 938 516 960 curam
540 928 698 959 habentis
721 928 898 958 dumtaxat
919 927 1083 957 decanum
1105 927 1218 965 ipsum

204 983 363 1014 volumus
393 981 567 1019 anteferri,
588 981 635 1012 ita
663 983 775 1012 tamen
793 981 882 1019 quod
901 989 961 1019 per
986 980 1058 1016 1100,
1083 989 1147 1018 quo
1178 980 1219 1009 ad

205 1036 455 1066 assecutionem
479 1035 624 1065 aliorum
650 1037 893 1073 personatuum
919 1033 973 1063 vel
1002 1033 1217 1072 dignitatum,

204 1097 319 1119 curam
335 1097 402 1118 non
420 1087 618 1118 habentium
637 1087 840 1123 animarum,
853 1086 988 1116 nullum
1003 1086 1052 1116 eis
1070 1085 1218 1125 prejudi-

204 1142 293 1172 cium
303 1143 494 1181 generetur,
503 1141 575 1171 sive
585 1141 674 1179 quod
686 1140 772 1171 alias
782 1140 871 1170 idem
882 1139 1029 1170 decanus
1042 1138 1220 1169 beneficia-

203 1196 259 1226 tus
276 1195 405 1226 existit.
424 1194 698 1226 Contradictores
721 1195 782 1224 etc.
805 1192 980 1231 Alioquin,
999 1194 1219 1231 personatum

205 1257 265 1279 seu
276 1248 475 1288 dignitatem
484 1247 690 1287 hujusmodi,
702 1255 817 1276 curam
827 1246 1018 1276 animarum
1027 1244 1217 1281 habentem,

205 1301 376 1332 donationi
394 1300 578 1340 apostolice
592 1301 818 1335 reservanteS,
835 1299 959 1329 decano
978 1297 1219 1328 conferendum

204 1355 259 1385 vel
278 1354 515 1385 conferendam
543 1353 665 1389 eidem,
688 1352 824 1382 irritum
850 1360 982 1382 exnunc
1006 1350 1220 1381 decernimus

205 1409 237 1438 et
254 1408 368 1440 inane,
387 1406 550 1446 quicquid
572 1407 612 1437 de
630 1407 815 1445 personatu
833 1405 886 1435 vel
911 1405 1075 1444 dignitate
1094 1404 1221 1443 predic-

203 1459 261 1496 tiS,
279 1461 396 1490 contra
410 1459 677 1490 reservationem
696 1460 860 1495 nostram,
879 1458 1000 1496 quavis
1017 1457 1218 1488 auctoritate

205 1513 383 1552 contigerit
401 1513 607 1551 attemptari.
621 1513 750 1543 Datum
771 1511 860 1550 apud
873 1511 1219 1545 Montemssasconem,

206 1575 224 1595 x
237 1566 403 1596 kalendas
422 1565 581 1602 octobris,
600 1574 686 1595 anno
702 1565 860 1595 secundo.
882 1575 895 1591 »

295 1762 368 1792 352
583 1757 815 1789 Montetiascone,
830 1759 864 1783 ‘27
885 1756 1047 1791 septembre
1069 1757 1146 1783 1262.

240 1844 500 1878 Archipresbytcro
518 1842 691 1869 BiturIcensi
715 1841 873 1868 committit
899 1843 1039 1875 quatenus
1061 1839 1222 1875 praefatam

206 1893 401 1923 collationem,
427 1893 456 1918 in
483 1892 612 1918 savorem
635 1891 735 1917 decani
760 1889 932 1917 senonensis
956 1889 1075 1923 factam,
1097 1889 1159 1915 loco
1179 1897 1221 1915 ar-

205 1942 380 1976 chiepiscopi
397 1940 580 1974 Senonensis,
598 1940 621 1966 si
640 1938 784 1974 praefatus
799 1938 1033 1973 archiepiscopus
1051 1938 1220 1964 mandatum

206 1990 398 2026 apostolicum
414 1989 575 2024 adimplere
592 1988 762 2023 neglexerit,
778 1987 938 2014 executioni
957 1987 1121 2013 demandet.
1139 1987 1220 2019 (Res.

206 2041 252 2071 27,
267 2039 318 2066 fol.
337 2039 370 2066 97
386 2043 424 2069 10,
442 2043 473 2065 11⁰
493 2039 528 2071 l.)

248 2155 262 2170 «
282 2166 302 2173 ..
327 2140 583 2181 archipresbitero
598 2138 795 2169 Bituricensi.
820 2139 931 2168 Movet
950 2146 1012 2167 nos
1029 2138 1091 2168 etc.
1114 2145 1222 2175 usque

207 2195 285 2226 hinc
298 2197 349 2225 est
364 2195 463 2234 quod,
476 2202 551 2224 cum
567 2193 738 2232 prefatum
751 2192 914 2222 decanum
928 2191 1067 2221 honoris
1083 2199 1223 2220 venera-

207 2249 288 2279 bilis
306 2248 423 2278 fratris
442 2247 576 2278 nostri..
603 2245 849 2284 archiepiscopi
871 2244 1078 2275 Senonensis
1096 2244 1225 2273 ferven-

208 2303 277 2333 tem
296 2301 491 2331 noverimus
521 2302 553 2330 et
575 2299 762 2330 sollicitum
784 2298 980 2334 zelatorem,
999 2306 1061 2327 nos
1090 2306 1131 2327 ex
1156 2297 1224 2326 ins-

209 2355 363 2394 pectione
389 2353 581 2384 litterarum
611 2353 722 2392 ipsius
751 2351 997 2390 archiepiscopi
1027 2350 1149 2380 affectu
1172 2349 1227 2379 be-

210 2407 394 2438 nivolentie
415 2406 589 2436 intellecto
606 2414 706 2444 quem
721 2405 817 2445 {idem
837 2405 933 2444 gerit,
961 2403 1222 2439 necimmerito,

211 2470 290 2500 erga
305 2461 469 2490 decanum
486 2459 610 2498 ipsum,
630 2467 667 2489 ac
683 2458 878 2497 precognito
903 2466 1005 2496 super
1029 2456 1091 2486 hoc
1108 2455 1224 2486 volun-

210 2514 291 2545 tatis
312 2513 422 2552 ipsius
442 2512 688 2551 archiepiscopi
710 2511 922 2550 beneplacito
939 2519 998 2549 per
1015 2509 1152 2540 easdem
1170 2509 1225 2538 lit-

210 2569 303 2598 teras
318 2567 352 2596 111
364 2565 488 2605 quibus
503 2564 736 2595 continebatur
759 2564 848 2603 quod
860 2565 993 2603 gratum
1008 2564 1040 2593 et
1052 2564 1225 2601 acceptum

211 2620 349 2652 haberet
369 2619 398 2649 si
417 2620 446 2649 ei
474 2618 730 2657 provideremus
747 2617 783 2647 in
798 2617 943 2647 ecclesia
965 2625 1027 2646 sua
1050 2616 1090 2646 de
1114 2623 1226 2654 perso-

211 2675 293 2704 natu
315 2673 369 2703 vel
391 2672 568 2711 dignitate,
584 2662 685 2710 quem
706 2670 760 2700 vel
784 2678 885 2709 quam
907 2669 997 2699 idem
1019 2668 1227 2699 camerarius

214 2727 414 2766 acceptaret,
429 2724 558 2756 nostris
584 2724 615 2754 ei
640 2723 760 2753 damus
784 2722 911 2753 litteris
933 2722 968 2752 in
988 2721 1171 2757 mandat-is,
1191 2722 1228 2751 ut

212 2781 431 2820 personatum
457 2777 512 2808 vel
538 2776 739 2816 dignitatem
769 2784 845 2806 011111
867 2783 946 2806 cura
969 2776 1032 2805 etc.
1057 2776 1094 2805 ut
1124 2782 1229 2813 supra

213 2834 249 2864 in
263 2833 341 2870 alia,
378 2831 521 2863 mutatis
545 2829 731 2864 mutandis,
763 2837 872 2868 usque
899 2828 1081 2867 contigerit
1109 2829 1228 2858 attem-

213 2887 313 2926 ptari.
332 2885 508 2922 Quocirca,
522 2883 720 2914 discretioni
736 2883 793 2912 tue
811 2890 871 2920 per
892 2881 1078 2920 apostolica
1102 2880 1228 2919 scripta
1258 2891 1261 2932 ’ἰ

213 2940 416 2970 mandamus
430 2938 603 2977 quatinus,
623 2936 653 2966 si
667 2935 819 2974 prefatus
843 2934 1119 2973 archiepiscopus
1137 2942 1230 2963 man-

215 2993 331 3023 datum
358 2993 513 3022 nostrum
545 2998 648 3029 super
672 2982 943 3027 hoc'neglexerit
967 2986 1165 3024 adimplere,
1192 2987 1230 3016 tu
1260 3008 1261 3012 ,

358 3041 498 3068 URBAIN
519 3039 573 3073 IV,
594 3040 618 3066 1.
639 3037 664 3065 1.
686 3037 761 3072 Reg.
784 3044 862 3064 cam.

1277 449 1331 479 vel
1355 449 1565 488 procuratori
1601 458 1672 485 suo,
1703 450 1760 479 aut
1786 448 1856 483 alii,
1886 449 1959 487 ejus
1988 448 2134 482 nomine,
2166 457 2225 486 per
2254 449 2285 478 te

1277 501 1331 532 vel
1356 502 1461 532 alium
1477 502 1629 532 conferre
1660 503 1691 531 et
1714 502 1888 540 assignare
1913 509 2074 540 procures
2107 501 2286 540 ipsumque

1277 555 1378 593 plena
1394 555 1545 593 ejusdem
1570 554 1673 584 facias
1691 556 1721 584 et
1737 554 1875 593 pacifica
1891 554 2108 592 possessione
2127 562 2190 592 gau
2207 556 2284 589 tere,

1278 616 1345 638 11011
1372 607 1586 637 obstantibus
1607 607 1799 646 premissis,
1821 609 1877 637 aut
1902 607 1931 636 si
1956 607 2211 646 archiepiscopo
2233 616 2286 637 su-

1278 660 1430 698 pradicto
1448 669 1465 690 a
1485 660 1562 689 sede
1582 659 1767 698 apostolica
1787 660 1829 690 sit
1861 660 2029 689 indultum
2056 660 2144 698 quod
2159 660 2198 689 de
2217 668 2289 697 per-

1279 712 1457 743 sonatibus
1469 713 1521 742 vel
1538 712 1763 751 dignitatibus
1779 721 1838 742 seu
1857 712 2096 742 ecclesiasticis
2114 712 2288 742 beneficiis

1279 766 1320 795 ad
1337 766 1448 804 ipsius
1466 765 1679 795 collationem
1699 764 1930 803 spectantibus
1948 764 2033 794 nulli
2052 765 2161 794 valeat
2179 767 2288 795 aucto-

1279 819 1377 849 ritate
1395 818 1580 856 apostolica
1593 817 1764 856 provideri
1784 819 1813 847 et
1833 817 1921 856 quod
1932 818 1972 847 ad
1988 817 2216 855 provisionem
2235 818 2290 847 ali-

1279 872 1375 911 cujus
1394 871 1552 909 compelli
1570 880 1629 901 seu
1655 870 1917 906 excomunicari,
1936 870 2098 908 suspendi
2117 870 2171 900 vel
2190 871 2289 900 inter-

1280 924 1346 954 dici
1375 933 1435 963 per
1459 924 1592 954 litteras
1617 923 1821 962 apostolicas
1848 925 2003 962 nequeat,
2037 931 2101 952 non
2130 923 2291 953 facientes

1279 978 1413 1016 plenam
1427 979 1456 1007 et
1469 986 1665 1016 expressam
1677 977 1716 1007 de
1727 977 1857 1007 indulto
1866 976 2060 1016 hujusmodi
2071 976 2288 1012 mentionem,

1281 1032 1337 1060 aut
1368 1030 1518 1069 qualibet
1543 1030 1608 1060 alia
1630 1030 1760 1068 prefate
1788 1030 1880 1060 sedis
1905 1029 2117 1068 indulgentia
2143 1029 2290 1068 generali

1281 1083 1334 1113 vel
1358 1083 1496 1122 speciali
1510 1092 1570 1122 per
1587 1092 1700 1122 (piam,
1718 1083 1843 1113 nostris
1866 1082 1991 1112 litteris
2009 1091 2075 1112 non
2093 1091 2292 1121 expressam

1281 1145 1318 1166 ac
1336 1137 1375 1166 de
1392 1136 1493 1166 verbo
1512 1136 1704 1166 adverbum
1723 1136 1873 1166 totaliter
1883 1144 1948 1165 non
1961 1135 2135 1170 insertam,
2153 1135 2292 1165 effectus

1281 1189 1476 1228 hujusmodi
1490 1189 1596 1228 gratie
1616 1189 1774 1228 impediri
1793 1190 1909 1227 posset
1928 1188 2143 1227 aliquatenus
2160 1187 2214 1217 vel
2232 1187 2294 1216 dif-

1282 1243 1375 1280 ferri,
1393 1252 1452 1273 seu
1466 1242 1710 1273 constitutione
1731 1242 1770 1272 de
1787 1241 1918 1271 duabus
1935 1241 2033 1271 dietis
2052 1241 2140 1271 edita
2166 1241 2200 1270 in
2218 1249 2292 1270 con-

1282 1296 1360 1327 cilio
1377 1295 1538 1335 generali.
1568 1295 1841 1325 Contradictores
1865 1294 2064 1324 auctoritate
2092 1295 2218 1329 nostra,
2240 1302 2294 1323 su-

1281 1350 1373 1380 blato
1406 1349 1647 1388 appellationis
1675 1347 1849 1379 obstaculo
1879 1347 2135 1386 compescendo
2169 1347 2295 1376 Datum

1282 1403 1372 1442 apud
1386 1402 1730 1438 Montemssasconem,
1750 1411 1768 1430 v·
1787 1401 1951 1431 kalendas
1965 1399 2123 1436 octobris,
2139 1408 2225 1429 anno
2248 1408 2295 1429 se-

1282 1457 1401 1487 cundo.
1423 1466 1437 1484 n

1795 1642 1920 1674 Orvieto,
1936 1643 1950 1668 9
1968 1642 2124 1669 novembre
2145 1643 2221 1668 1262.

1373 1648 1445 1679 353

1320 1726 1510 1761 Privilegium
1531 1726 1565 1752 dc
1580 1724 1754 1752 visitationis
1773 1722 1867 1750 officio
1887 1723 2060 1758 exequendo.
2082 1722 2160 1757 (Reiz.
2182 1723 2227 1751 27,
2245 1721 2293 1748 fol.

1283 1776 1326 1807 98,
1347 1780 1378 1802 n0
1398 1776 1434 1809 1.)

1324 1884 1338 1901 «
1356 1870 1526 1907 Gztz'llelmm
1544 1870 1777 1910 archiepiscopo
1786 1869 2025 1899 Senonens?.Ex
2038 1868 2179 1907 speciali
2195 1877 2295 1906 quam

1284 1934 1362 1964 erga
1380 1932 1559 1963 personam
1577 1925 1670 1953 tuam
1687 1922 1836 1961 gerimus
1852 1922 1887 1951 in
1900 1922 2046 1952 Domino
2064 1921 2214 1955 caritate,
2228 1920 2298 1950 tuis

1283 1978 1475 2008 inducimur
1495 1975 1946 2015 precibuscondescendere,
1968 1974 2057 2004 votis
2079 1974 2148 2004 tuis
2172 1974 2298 2003 favora-

1282 2031 1400 2061 biliter
1417 2029 1605 2060 annuendo.
1627 2029 1714 2058 Hinc
1734 2029 1784 2058 est
1805 2028 1894 2066 quod
1912 2036 1973 2057 nos
1990 2027 2059 2057 tuis
2080 2026 2299 2065 supplicatio·

1284 2084 1385 2114 nibus
1407 2083 1570 2118 inclinati,
1589 2084 1625 2112 ut
1639 2081 1796 2120 quotiens
1814 2081 1848 2110 in
1863 2080 2037 2119 provincia
2049 2081 2107 2110 tua
2128 2080 2299 2118 inceptum

1284 2137 1492 2168 visitationis
1508 2136 1657 2166 osticium
1671 2144 1712 2165 ex
1730 2134 1922 2165 necessaria
1938 2133 1992 2164 vel
2010 2132 2178 2172 probabili
2199 2141 2300 2162 causa

1285 2190 1514 2221 intermiseris
1531 2188 1778 2228 imperfectum,
1799 2188 1840 2218 ad
1857 2186 2127 2218 consumandum
2149 2186 2239 2215 idem
2256 2185 2302 2215 of-

1285 2244 1400 2275 ficium
1424 2244 1546 2279 redire,
1570 2251 1637 2273 non
1661 2241 1814 2272 obstante
1843 2240 2083 2271 constitutione
2111 2247 2212 2277 super
2239 2238 2299 2268 hoc

1286 2298 1386 2331 edita,
1404 2297 1530 2333 valeas,
1553 2296 1752 2326 auctoritate
1765 2294 1827 2325 tibi
1841 2293 2052 2332 presentium
2068 2292 2296 2330 indulgemus,

1286 2351 1334 2381 ita
1350 2352 1464 2381 tamen
1481 2351 1518 2380 ut
1535 2358 1593 2388 per
1611 2349 1671 2379 hoc
1695 2349 1804 2378 eidem
1827 2346 2073 2382 constitutioni,
2097 2353 2199 2384 quam
2217 2344 2300 2374 inte-

1287 2405 1451 2434 meratam
1471 2403 1557 2433 alias
1575 2402 1704 2432 servari
1728 2401 1898 2436 volumus,
1921 2399 2053 2429 nullum
2073 2397 2297 2437 prejudicium

1289 2458 1485 2497 generetur:
1512 2455 1728 2495 presentibus
1744 2455 1820 2492 post
1841 2452 2026 2483 triennium
2050 2451 2191 2481 minime
2217 2449 2299 2479 vali-

1287 2510 1386 2541 turis.
1405 2509 1502 2540 Nulli
1520 2511 1582 2540 etc.
1598 2510 1712 2539 nostre
1730 2505 1960 2538 concessionis
1973 2506 2033 2535 etc.
2045 2504 2080 2535 Si
2098 2503 2175 2542 quis
2188 2504 2300 2533 autem

1290 2565 1353 2595 etc.
1367 2564 1494 2594 Datum
1521 2562 1610 2602 apud
1635 2561 1924 2595 L'rbemveterem,
1950 2568 1967 2587 v
1992 2558 2069 2588 idus
2093 2555 2298 2591 novembris,

1291 2625 1377 2647 anno
1396 2616 1554 2648 secundo.
1575 2628 1589 2644 »

1379 2808 1453 2839 354
1783 2800 1908 2832 Orvieto,
1928 2802 1959 2828 12
1977 2798 2133 2826 novembre
2152 2799 2229 2824 ¹262.

1326 2890 1465 2925 Episcopo
1488 2888 1684 2917 Aurelianensi
1707 2886 1835 2921 indulget
1859 2888 1888 2912 ut
1907 2885 1935 2912 in
1953 2883 2075 2911 ccclesia
2102 2880 2301 2909 Aurelianensi

1291 2940 1361 2967 duos
1377 2939 1498 2966 clericos
1517 2938 1632 2965 idoneos
1652 2936 1680 2963 in
1695 2935 1847 2963 canonicos
1865 2933 1955 2968 recipi
1974 2932 2071 2959 saciat.
2089 2931 2168 2964 (Rae.
2186 2931 2230 2961 ²16,
2250 2929 2299 2956 fol.

1292 2990 1335 3020 98,
1352 2992 1384 3015 11ο
1402 2988 1442 3023 2.)
2130 3024 2162 3050 ¹3
