2547 3289
1098 187 1315 218 D’URBAIN
1337 188 1395 218 IV.
2245 185 2284 214 99

205 277 291 304 quam
309 268 418 296 obtinet
440 268 469 295 in
484 267 729 295 Autissiodorensi
747 267 879 299 ecclesia,
894 269 1047 302 proventus
1068 267 1214 302 percipere
1242 274 1244 285 ι

207 318 310 345 valeat.
331 318 409 353 (Rae.
426 316 470 348 27,
488 316 538 343 sol.
553 316 596 347 99,
612 322 641 342 n⁰
657 317 694 349 ἰὴ)

247 424 261 443 (‹
280 413 429 453 Jlayistro
446 413 538 443 Petro
555 412 590 442 de
609 413 763 450 Anisiaco,
786 413 963 453 precentori
981 411 1101 442 ecclesie
1120 412 1216 441 Seno-

208 467 316 497 nensis.
336 467 461 496 Petitio
483 467 542 496 tua
564 466 662 496 nobis
679 466 829 496 exhibita
852 465 1055 501 continebat,
1075 465 1165 503 quod
1183 466 1217 495 in

207 519 350 550 ecclesia
375 519 661 555 Autisioderenffi,
690 520 786 558 cujus
812 519 933 548 existis
961 517 1153 554 canonieus,
1177 518 1217 548 de

206 573 316 612 ipsius
335 574 462 602 statuto
487 572 541 602 vel
568 572 811 602 consuetudine
835 571 1034 601 observatur
1056 572 1092 600 ut
1121 579 1218 600 cano-

206 626 272 656 nici
288 625 452 665 ejusdem,
464 626 540 664 post
552 625 697 663 primam
708 624 929 655 residentiam
942 624 1063 653 factam
1077 623 1215 660 ibidem,

204 678 455 718 prebendarum
478 687 617 708 suarum
634 678 742 716 ipsius
766 677 907 707 ecclesie
926 677 960 705 in
985 676 1087 706 scolis
1113 676 1219 714 perei-

205 785 399 815 litterarum
429 784 542 814 studio
569 783 767 818 institerint,
784 782 985 812 beneficium
1015 781 1220 811 ecclesiasti-

206 846 282 868 cum
301 838 425 867 fuerint
443 836 602 866 assecuti.
622 837 756 871 Verum,
780 843 856 864 cum
873 836 910 864 tu
928 835 997 873 qui,
1025 834 1113 864 sicut
1131 842 1220 864 asse·
1250 847 1251 874 j
1283 848 1456 884 februarii,
1480 856 1565 877 mmo
1583 848 1739 878 S&undo¹
1762 860 1776 873 „

204 890 265 926 ris,
284 890 431 928 primam
455 888 676 918 residentiam
702 888 736 916 in
756 887 900 917 ecclesia
926 887 1000 925 ipsa
1028 887 1150 923 fecisti,
1169 895 1221 916 sa-
1251 896 1252 902 ¹

207 951 261 973 cre
284 943 405 981 pagine
435 941 547 971 studio
564 940 866 978 Parisiuscupias
894 940 1082 975 immorari,
1105 942 1137 970 et
1159 948 1220 978 pro

206 1004 244 1026 eo
269 995 359 1034 quod
386 994 566 1024 canonicus
596 993 804 1023 Parisiensis
829 993 963 1029 existis,
990 993 1120 1023 fructus
1146 1001 1219 1031 pre-

203 1048 312 1078 bende
327 1049 383 1078 tue
398 1047 540 1077 ecclesie
555 1046 676 1085 ipsius,
697 1046 909 1076 immorando
926 1045 1010 1075 inibi
1024 1045 1220 1085 hujusmodi
1251 1063 1252 1066 =

206 1101 331 1135 studio,
354 1100 529 1139 percipere
549 1108 710 1139 nequeas,
735 1099 979 1129 consuetudine
1005 1099 1058 1129 vel
1094 1100 1220 1129 statuto

206 1154 403 1194 hujusmodi
421 1155 641 1193 repugnante,
660 1153 805 1184 dilectus
819 1152 911 1182 filius
928 1153 1063 1189 Petrus,
1074 1153 1221 1182 decanus

205 1207 424 1243 Senonensis,
443 1207 650 1237 camerarius
678 1207 805 1241 noster,
824 1205 923 1236 nobis
943 1205 1119 1236 humiliter
1143 1213 1221 1244 sup-

205 1260 344 1300 plicavit
362 1261 398 1290 ut
421 1268 523 1299 super
538 1259 599 1300 hoc
615 1259 794 1298 providere
812 1259 875 1289 tibi
889 1259 1036 1298 [paterna
1058 1258 1221 1289 sollicitu-

206 1313 283 1344 dine
301 1321 507 1344 curaremus.
526 1313 596 1343 Nos
618 1313 732 1351 igitur,
747 1312 886 1343 obtentu
902 1313 1014 1351 ipsius
1030 1312 1218 1347 camerarii,

206 1368 304 1397 tuum
319 1366 490 1397 laudabile
503 1366 718 1406 propositum
738 1366 772 1395 in
798 1366 858 1396 hac
880 1367 976 1404 parte
995 1365 1152 1404 condigni
1174 1365 1220 1395 t'a-

206 1420 299 1450 voris
307 1420 518 1459 plenitudine
533 1421 789 1458 prosequentes,
804 1421 851 1455 ut,
864 1419 1028 1449 insistens
1041 1428 1100 1457 per
1116 1418 1221 1448 trien-
1250 1444 1251 1447 ,

206 1473 301 1503 nium
313 1473 469 1504 Parisius
486 1473 521 1503 in
532 1472 720 1511 theologica
738 1473 897 1503 facultate
911 1474 943 1502 et
960 1472 1098 1507 ibidem,
1119 1481 1220 1511 quam

206 1632 414 1663 Parisiensis
436 1631 569 1665 existis,
584 1633 769 1669 proventus
789 1631 957 1669 prebende
981 1633 1048 1666 tue,
1068 1639 1169 1669 quain
1186 1631 1220 1660 in

207 1686 338 1724 prefata
355 1685 628 1715 Autisiodorensi
646 1684 787 1714 ecclesia
810 1684 953 1721 obtines,
970 1683 1218 1714 distributioni-

207 1737 275 1768 bus
294 1738 486 1774 cotidianis,
499 1738 675 1768 dumtaxat
692 1737 855 1775 exceptis,
873 1738 999 1767 statuto
1014 1737 1066 1767 vel
1082 1745 1220 1767 consue-

207 1791 326 1822 tudine
349 1791 545 1830 hujusmodi
566 1791 620 1821 vel
653 1791 774 1829 quavis
802 1790 869 1820 alia
897 1790 1049 1829 ejusdem
1078 1790 1220 1820 ecclesie

209 1845 390 1880 contraria,
407 1845 598 1883 juramento
610 1844 663 1874 vel
680 1852 890 1882 quacumque
908 1843 1065 1873 firmitate
1077 1843 1219 1882 lvallata,

208 1906 423 1936 nequaquam
441 1896 664 1930 obstantibus,
683 1897 810 1935 integre
828 1897 1001 1935 percipere
1021 1896 1145 1932 valeas,
1159 1895 1221 1926 tibi

209 1951 406 1981 auctoritate
424 1950 633 1989 presentium
654 1949 882 1988 indulgemus.
906 1949 1000 1979 Nulli
1021 1951 1081 1979 etc.
1108 1950 1221 1979 nostre

210 2004 440 2034 concessionis
455 2005 515 2034 etc.
538 2003 669 2041 Siquis
696 2004 756 2033 etc.
780 2003 904 2033 Datum
928 2002 1015 2040 apud
1041 2001 1222 2032 Urbemve-

209 2058 327 2093 terem,
348 2066 398 2086 1111
420 2065 526 2086 nonas
538 2055 714 2091 februarii,
733 2064 818 2086 anno
837 2055 995 2086 secundo.
1016 2067 1030 2081 »

301 2249 371 2280 361

772 2245 896 2279 Orvieto,
915 2246 930 2271 3
950 2244 1053 2271 se'vrier
1073 2246 1150 2271 1263.

247 2331 392 2358 Johannae
408 2331 442 2357 de
466 2330 632 2358 Malicornia
647 2330 775 2365 indulget
800 2338 834 2356 ne
853 2332 932 2356 extra
950 2331 1145 2355 senonensem
1168 2329 1226 2356 dio-

212 2379 301 2407 cesim
316 2379 506 2415 adjudicium
523 2379 634 2406 evocari
652 2379 755 2406 valeat.
773 2378 851 2413 (nm.
869 2380 913 2409 27,
931 2378 981 2405 sol.
1000 2379 1032 2404 99
1048 2383 1076 2404 v⁰
1089 2383 1119 2404 n⁰
1137 2379 1173 2410 1.)

254 2494 269 2510 «
289 2481 403 2511 Dilecte
420 2481 450 2510 in
471 2480 592 2511 Christo
612 2480 677 2520 filie
693 2484 793 2510 nostre
815 2479 909 2510 nobili
935 2479 1057 2509 initlc'cri
1074 2479 1225 2517 Johanne,

215 2535 336 2566 domine
359 2534 394 2564 de
411 2533 605 2568 Malia-omia,
627 2533 807 2563 senonensis
826 2532 961 2563 diocesis.
989 2533 1055 2563 Pro
1080 2533 1227 2572 puritate

214 2590 271 2620 tue
301 2587 492 2618 devotionis
515 2588 547 2617 et
572 2587 650 2617 fidei
670 2587 759 2626 apud
781 2595 843 2617 nos
875 2587 976 2625 digna
1001 2595 1076 2617 esse
1103 2586 1228 2617 diceris
1258 2619 1259 2628 ἵ

215 2642 324 2682 gratia
343 2640 494 2680 speciali.
514 2640 604 2671 Hinc
619 2641 671 2670 est
685 2640 775 2679 quod
791 2648 864 2674 nos,
878 2639 1018 2670 obtentu
1036 2639 1150 2670 dilecti
1166 2639 1230 2669 filii

215 2694 321 2731 Petri,
340 2693 457 2724 decani
474 2693 691 2729 Senonensis,
711 2693 890 2723 camerarii
908 2693 1029 2729 nostri,
1049 2692 1148 2722 nohis
1168 2701 1229 2731 pro
1259 2687 1260 2693 ¹

216 2749 249 2778 te
276 2756 352 2777 cum
376 2746 539 2777 instantia
567 2745 804 2784 supplicantis,
826 2745 897 2775 tuis
924 2745 1230 2784 supplicationibus

218 2800 383 2837 inclinati,
404 2799 603 2830 auctoritate
628 2798 690 2829 tibi
716 2798 927 2837 presentium
952 2798 1169 2837 indulgemus
1194 2800 1231 2829 ut

218 2863 278 2893 per
294 2853 426 2884 litteras
444 2853 627 2892 apostolice
646 2851 737 2882 sedis
757 2851 810 2882 vel
831 2851 1019 2891 legatorum
1035 2851 1109 2891 ejus
1126 2851 1230 2891 impe-

1276 270 1392 304 tratas,
1408 277 1468 306 per
1482 277 1565 307 quas
1584 268 1731 298 nonduin
1746 267 1790 297 sit
1806 267 1847 297 ad
1866 267 2058 296 citationem
2074 274 2282 304 processum,

1276 322 1329 351 vel
1347 321 1448 351 etiam
1466 321 1706 359 impetrandas,
1722 320 1963 359 cujuscumque
1981 318 2108 349 tenoris
2125 319 2284 354 existant,

1277 375 1373 404 extra
1389 374 1549 404 diocesim
1567 377 1794 404 Senonensein
1813 382 1912 411 super
1927 372 2069 410 hiisque
2088 372 2175 401 infra
2193 371 2285 401 illam

1278 426 1421 463 obtines,
1444 427 1624 456 dunnnodo
1651 436 1763 456 corani
1783 425 1967 456 venerabili
1990 426 2092 455 fratre
2114 427 2229 454 nostro
2249 449 2255 454 .
2277 449 2284 454 .

1279 479 1531 517 archiepiscopo
1558 479 1743 509 Senonensi
1770 479 1822 508 vel
1847 479 1918 517 ejus
1937 477 2152 510 officialibus.
2171 478 2288 515 parata

1280 532 1328 561 sis
1355 532 1394 562 de
1413 534 1443 562 te
1465 532 1748 570 conquerentibus
1771 532 1902 569 justitie
1929 531 2174 569 plenitudinem
2198 530 2288 559 exhi-

1279 583 1368 621 bere,
1388 593 1454 614 non
1468 585 1581 622 possis
1596 585 1635 614 ad
1649 585 1814 623 judicium
1831 584 1973 620 evocari,
1993 584 2058 613 nisi
2072 584 2158 613 dicte
2177 583 2287 613 littere

1248 658 1249 662 ,
1280 637 1490 675 impetrande
1512 637 1645 675 plenam
1670 639 1701 666 et
1725 646 1921 675 expressam
1940 637 2079 666 fecerint
2097 637 2136 665 de
2155 636 2214 665 bac
2242 636 2288 665 in-

1249 711 1251 728 ᾗ
1281 690 1453 728 dulgentia
1470 690 1683 722 mentionem,
1699 689 1912 728 presentibus
1927 692 2001 727 post
2021 689 2289 727 quinquennium

204 732 297 771 piant
319 740 395 761 cum
415 731 607 770 integritate
624 729 897 769 pi‘oventuS‚11isi
918 729 1004 759 forte
1021 729 1055 758 in
1070 729 1142 758 loco
1160 728 1219 758 ubi
1250 737 1251 742 ¹

1283 742 1422 772 minime
1440 743 1606 772 valituris.
1626 742 1720 772 Nulli
1740 744 1800 772 etc.
1825 744 1938 771 nostre
1963 742 2202 777 concessimus,
2227 745 2287 772 etc.

1281 795 1315 825 Si
1342 795 1418 833 quis
1448 796 1508 825 etc.
1540 796 1663 825 Datum
1695 795 1783 833 apud
1809 794 2095 830 L'rbemvetercm,
2124 804 2157 823 ιιι
2185 804 2290 823 nonas

1372 1036 1445 1066 332
1863 1031 1986 1062 Orvicto,
2010 1033 2039 1058 13
2054 1031 2126 1058 avril
2145 1032 2219 1057 1203.

1318 1114 1455 1148 Magistro
1475 1113 1596 1140 ,Iohanni
1612 1114 1646 1138 de
1662 1111 1804 1138 Menelaeo
1823 1111 2087 1138 archidiaconatum
2107 1114 2134 1138 et
2153 1111 2292 1145 praeben-

1282 1163 1349 1190 dam
1366 1163 1394 1189 iu
1408 1161 1530 1189 ecclesia
1547 1160 1700 1188 l'arisiensi
1716 1160 1836 1187 confert.
1853 1161 1932 1193 titre.
1952 1161 1994 1190 27,
2011 1159 2059 1186 sol.
2076 1162 2115 1191 v⁰‚
2135 1164 2166 1185 11⁰
2181 1161 2218 1194 2.)

1326 1272 1339 1285 ε(
1354 1259 1505 1298 Muyislro
1514 1256 1695 1287 Jolmnnide
1708 1256 1879 1292 Moneiaco,
1890 1255 2047 1296 capellano
2062 1261 2176 1286 nestro.
2190 1257 2294 1294 Apos-

1282 1313 1382 1343 tolice
1397 1312 1626 1342 munificentie
1639 1311 1773 1340 bonitas
1787 1328 1836 1340 ——.
1856 1310 1942 1339 Sane
1954 1311 2182 1347 presentatam
2196 1307 2294 1338 uobis

1283 1366 1482 1397 electionem
1521 1365 1560 1394 de
1595 1365 1717 1394 dilecto
1748 1364 1818 1393 filio
1851 1363 2013 1401 magistro
2045 1362 2222 1400 liudulpho
2253 1362 2293 1392 de

1283 1419 1467 1450 Cheuriaeo
1488 1419 1521 1448 in
1541 1417 1738 1448 Ebroicensi
1758 1416 1912 1452 ecclesia,
1932 1418 2010 1446 tunc
2027 1415 2174 1454 pastoris
2193 1415 2293 1445 desti-

1251 1484 1252 1495 ι
1282 1474 1355 1502 tuta
1371 1471 1504 1508 solatio,
1521 1470 1736 1503 celebratam,
1755 1469 1944 1500 examinari
1959 1469 2100 1499 fecimus
2115 1468 2294 1507 diligenter

207 1526 316 1556 facere
335 1527 583 1556 consueverunt
597 1525 748 1555 canonici
766 1525 1040 1555 Autisiodorensi
1064 1525 1098 1554 in
1117 1524 1220 1555 scolis
1250 1543 1251 1555 2

208 1579 428 1609 residentiam
458 1579 596 1614 faciens,
628 1587 696 1608 non
721 1578 887 1614 obstante,
923 1579 1011 1616 quod
1039 1578 1220 1608 canonicus
1250 1598 1251 1603 ,

1282 1527 1314 1556 et
1333 1526 1468 1556 tandem
1494 1533 1567 1554 eam
1586 1524 1625 1553 de
1654 1524 1797 1553 fratrum
1823 1524 2019 1552 nostrornm
2037 1521 2178 1552 consilio
2197 1521 2292 1551 duxi-

1281 1587 1358 1608 mus
1377 1577 1652 1608 confirinalnlam.
1680 1576 1763 1606 Cum
1788 1577 1900 1605 autem
1926 1575 2016 1605 idem
2042 1575 2168 1605 electus
2187 1574 2292 1604 arehi-

1282 1632 1496 1662 diaconatum
1531 1632 1561 1660 et
1600 1629 1805 1668 prebendam
1846 1629 1880 1658 in
1921 1628 2108 1658 Parisiensi
2151 1628 2293 1657 ecelesia

1282 1684 1544 1720 obtineret,nos‚
1563 1683 1714 1713 volentes
1734 1682 1799 1721 ipsi
1816 1681 2002 1711 Parisiensi
2023 1681 2162 1711 ecclesie
2182 1680 2292 1718 quoad

1282 1737 1487 1776 prebendam
1524 1737 1633 1775 ipsam
1666 1735 1795 1765 utiliter
1831 1734 2024 1773 providere,
2059 1733 2291 1763 canonicatum

1282 1791 1433 1830 ejusdem
1468 1790 1609 1820 ecclesie
1642 1789 1832 1827 dictamque
1864 1787 2069 1826 prebendam
2102 1796 2177 1817 cum
2205 1786 2292 1825 juris

1282 1843 1492 1882 pleintudine
1514 1842 1677 1875 canonici,
1688 1841 1750 1871 tibi
1769 1850 1867 1879 quem
1882 1840 1990 1879 gratia
2007 1841 2039 1870 et
2054 1839 2190 1875 honore,
2205 1839 2294 1868 litte-

1283 1905 1397 1927 rarum
1431 1896 1583 1930 scientia,
1612 1904 1745 1924 morum
1775 1894 1935 1924 honestas
1966 1893 2098 1931 aliaque
2128 1892 2293 1921 virtutum

1283 1950 1403 1980 merita
1421 1949 1559 1988 dignum
1582 1948 1738 1981 reddunt,
1758 1947 1964 1977 conserimus
1984 1948 2015 1975 et
2033 1946 2072 1975 de
2092 1945 2177 1984 ipsis
2193 1945 2294 1975 etiam

1283 2002 1513 2041 providemus,
1538 2001 1758 2031 investientes
1780 2001 1812 2030 te
1839 2008 1898 2038 per
1921 2000 2075 2028 nostrum
2093 1998 2231 2028 anulum
2255 1998 2295 2027 de

1285 2056 1424 2092 eisdem,
1446 2064 1482 2085 ac
1502 2055 1719 2084 decernentes
1744 2062 1785 2083 ex
1808 2062 1896 2082 nunc
1923 2052 2060 2082 irritum
2081 2053 2113 2081 et
2137 2051 2246 2087 inane,
2267 2050 2297 2080 si

1285 2117 1383 2139 secus
1401 2109 1441 2138 de
1457 2107 1628 2147 prebenda
1642 2107 1716 2145 ipsa
1734 2106 1920 2145 apostolica
1936 2105 1990 2135 vel
2007 2105 2073 2134 alia
2087 2112 2296 2143 quacumque

1286 2161 1485 2192 auctoritate
1499 2161 1735 2199 attemptatum
1751 2160 1802 2189 est
1817 2158 1869 2188 vel
1892 2157 2069 2196 contigerit
2090 2155 2296 2195 attemptari,

1254 2231 1256 2243 ι
1285 2223 1352 2245 non
1370 2213 1583 2245 obstantibus
1599 2213 1689 2252 quod
1702 2214 1836 2250 tempus
1859 2212 1898 2241 de
1919 2209 2156 2241 consecrandis
2173 2209 2300 2247 episco-

1285 2268 1340 2306 pis
1356 2267 1525 2297 indultum
1540 2275 1558 2296 a
1576 2275 1702 2296 canone
1725 2274 1791 2295 non
1808 2264 1951 2300 effluxit,
1976 2264 2031 2293 aut
2048 2263 2077 2292 si
2095 2271 2155 2301 pro
2171 2262 2248 2291 aliis
2266 2261 2300 2291 in

1285 2320 1418 2359 prefata
1441 2319 1629 2350 Parisiensi
1651 2318 1793 2348 ecelesia
1814 2317 2003 2347 direximus
2022 2315 2148 2353 scripta
2171 2315 2298 2347 nostra,

1286 2374 1340 2404 vel
1358 2373 1387 2403 si
1405 2373 1532 2404 ibidem
1551 2372 1656 2411 aliqui
1674 2372 1752 2401 sunt
1768 2370 1893 2409 recepti
1909 2369 1963 2399 vel
1980 2370 2016 2399 ut
2031 2368 2238 2407 recipiantur
2252 2367 2302 2396 in-

1257 2444 1258 2451 .
1288 2427 1425 2464 sistant,
1440 2427 1471 2457 et
1486 2426 1584 2456 factis
1600 2423 1862 2455 inhibitionibus
1879 2424 1910 2453 et
1924 2420 2212 2452 reservationibus
2230 2428 2302 2450 nec-

1288 2488 1355 2510 non
1369 2479 1514 2510 decretis
1529 2478 1740 2517 interpositis
1755 2485 1816 2516 pro
1834 2476 1971 2511 eisdem,
1996 2474 2120 2513 quibus
2145 2475 2177 2504 te
2199 2473 2232 2502 in
2252 2481 2300 2502 as-

1289 2532 1461 2563 secutione
1491 2532 1577 2562 dicte
1603 2530 1771 2570 prebende
1788 2529 1932 2568 preferri
1959 2527 2119 2558 volumus
2137 2527 2176 2556 de
2195 2526 2301 2565 gratia

1290 2585 1443 2625 speciali,
1457 2585 1505 2616 ita
1521 2585 1611 2624 quod
1627 2584 1761 2614 nullum
1774 2591 1834 2621 per
1850 2582 1910 2612 hoc
1927 2581 2013 2620 ipsis
2027 2589 2091 2619 quo
2110 2580 2151 2610 ad
2162 2579 2302 2618 preben-

1291 2640 1350 2670 das
1376 2640 1461 2670 alias
1483 2639 1708 2678 prejudicium
1737 2637 1926 2676 generetur,
1953 2643 2013 2665 seu
2043 2633 2131 2673 quod
2160 2633 2194 2662 in
2225 2632 2303 2662 aliis

1291 2693 1444 2724 ecclesiis
1461 2691 1710 2723 cathedralibus
1728 2691 1759 2721 et
1777 2698 1843 2719 non
1860 2687 2110 2719 cathedralibus
2128 2685 2304 2716 beneficia-

1290 2748 1347 2777 tus
1365 2746 1496 2783 existis,
1518 2747 1573 2776 aut
1593 2743 1801 2784 quibuslil‘iet
1822 2741 1958 2772 statutis
1984 2740 2071 2770 dicte
2097 2739 2303 2770 Parisicnsis

1293 2800 1434 2830 ecclesie
1460 2799 1562 2830 etiam
1580 2796 1784 2836 juramentis
1802 2797 1833 2825 et
1852 2794 2001 2834 predicte
2023 2793 2113 2823 sedis
2129 2792 2303 2823 confirma-

1262 2875 1264 2877 >
1291 2852 1444 2883 tionibus
1468 2851 1636 2883 roboratis
1660 2852 1716 2880 aut
1731 2847 1955 2888 indulgentiis
1973 2846 2181 2886 apostolicis,
2195 2845 2304 2883 cujus-
