2547 3289
276 219 332 247 16ss
1032 214 1274 244 REc‘itssREs
1296 214 1512 245 D'URHAIN
1536 215 1593 245 IV.

273 298 360 327 mine
389 298 583 333 gloriantur,
604 297 636 325 in
656 305 768 325 arcum
794 304 1002 333 perversum,
1024 295 1099 324 lidei
1128 295 1277 325 debitum

272 360 335 380 non
353 350 527 384 servando,
545 349 708 381 conversi,
731 357 802 377 eam
823 348 855 377 in
876 348 947 377 suis
968 347 1098 386 juribus
1118 348 1279 386 injurioso

271 404 434 441 impetunt
456 405 485 431 υἱ
506 402 697 435 molestant,
715 401 772 430 illa
789 410 874 430 nunc
890 401 1083 439 denegando
1098 410 1157 439 pro
1170 401 1277 436 libito,

270 466 356 486 nune
375 456 490 485 illicite
508 455 710 493 occupando.
733 455 877 492 Propter
894 455 981 493 quod
1002 455 1117 483 eadem
1137 454 1280 484 ccclesia

270 518 333 538 non
353 508 520 537 immerito
545 507 737 545 hujusmodi
763 507 971 536 vacatioiwm
998 507 1151 545 deplorat
1175 508 1278 545 impe-

268 562 321 594 rii,
345 564 371 590 el
399 562 438 589 dc
459 561 646 590 animarum
674 560 845 598 periculis,
875 569 938 598 que
962 560 1117 598 peccandi
1140 560 1278 589 libertas

268 614 400 651 ingerit,
415 623 455 642 cx
471 613 600 643 intimis
620 613 719 651 longa
737 613 873 642 trahens
890 613 1051 651 suspiria,
1072 613 1276 651 ingemiscIt.

268 669 315 697 lix
341 676 378 696 eo
412 667 551 705 insuper
570 675 669 705 quam
696 666 791 701 dure,
826 675 926 704 quam
951 666 1099 704 graviter
1126 668 1277 695 materna
1309 705 1310 714 ἵ

265 720 338 759 ejus
357 719 693 757 viscera‹piatiuntur
709 719 797 757 qnod
816 719 901 748 alias
918 719 1186 749 (unleinocclesia
1206 720 1278 757 ipsa

267 774 331 803 tani
352 782 446 802 caros
463 772 563 808 tilios,
582 773 648 802 tam
664 772 799 801 inclitos
816 772 986 810 principos
1004 773 1035 802 in
1052 781 1112 801 sno
1127 772 1277 802 sentiens

266 828 359 856 utero
377 826 586 861 collidentes,
606 825 788 864 prudenter
809 826 953 855 advertit
979 827 1069 855 tuam
1087 828 1117 855 ct.
1135 826 1275 864 predicti

265 879 350 909 alias
365 879 461 909 electi
480 879 567 917 regis
585 879 769 917 potentiani
793 879 825 907 in
843 878 967 908 Christi
994 878 1221 917 blasphemos,
1245 880 1276 909 vt

266 932 421 962 inimicos
454 932 601 961 nominis
640 931 815 961 christiani
847 933 1000 970 potenter
1034 934 1066 962 et
1100 933 1275 971 magnificev

267 994 358 1015 more
378 985 479 1015 solito
503 985 736 1019 exercendam,
767 985 799 1014 in
829 985 1001 1023 proprium
1023 987 1055 1015 et
1077 986 1202 1024 grande
1220 986 1275 1015 ‹lo-

266 1039 482 1069 mesticorum
498 1039 575 1068 fidei
593 1039 834 1068 detrimentum
854 1038 982 1069 talibus
1000 1039 1275 1069 contentionibus

266 1092 445 1130 implicari.
466 1092 535 1121 Hec
562 1092 665 1130 igitur
682 1094 713 1121 et
732 1091 798 1121 alia
822 1092 1033 1121 inconnnoda
1048 1092 1275 1122 dissensionis

265 1145 456 1183 hujusmodi
483 1145 599 1175 eadem
627 1145 771 1175 ecclesia
792 1146 943 1175 materno
968 1154 1115 1183 pensans
1141 1146 1273 1182 ail'ectu,

266 1199 299 1228 in
320 1198 386 1227 hiis
404 1197 522 1227 auxilii
545 1197 596 1227 sui
615 1197 785 1228 dexteram
804 1204 878 1227 'non
907 1197 1088 1232 subtraxit,
1113 1198 1171 1228 sed
1196 1198 1277 1235 vigi-

265 1252 346 1281 lavit
364 1251 538 1286 attentius,
557 1251 740 1281 attentione
767 1251 914 1281 sollicita
933 1251 1112 1289 vigilanter
1133 1251 1276 1281 intendit

265 1304 436 1342 multaque
464 1304 693 1333 sollicitudine
720 1303 863 1342 pervigil
888 1303 1064 1339 laboravit,
1095 1306 1130 1334 ut
1161 1305 1277 1334 discri-

265 1357 415 1388 minibus
443 1357 546 1387 tantis
574 1358 774 1392 occurreret,
792 1358 891 1395 teque
909 1365 945 1386 ac
964 1357 1075 1395 ipsum
1094 1357 1178 1386 alias
1195 1357 1277 1386 elec-

263 1412 334 1441 tum
367 1419 476 1449 regem
508 1419 527 1439 a
557 1410 803 1439 discordiarum
833 1409 1020 1448 dispendiis
1051 1412 1274 1448 preservaret.

264 1464 306 1494 Et
324 1463 401 1493 licet
426 1463 512 1493 inter
537 1472 596 1493 vos
615 1463 740 1501 judicis
764 1464 877 1501 partes
905 1472 1079 1492 assumere
1102 1463 1275 1501 hucusque

263 1515 434 1544 distulerit
465 1523 524 1552 pro
555 1523 593 1543 eo
623 1514 711 1552 quod
739 1515 807 1544 tam
833 1515 894 1550 tui,
918 1523 1019 1553 quam
1051 1515 1161 1553 ipsius
1192 1516 1277 1546 alias

262 1568 359 1598 electi
387 1568 477 1606 regis
501 1567 624 1602 nuntii,
650 1567 684 1596 iu
715 1567 825 1597 felicis
854 1568 1110 1605 recordationis
1135 1569 1276 1599 Alexan-

262 1621 312 1651 dri
348 1630 448 1659 pape,
480 1620 731 1659 predecessoris
766 1621 886 1657 nostri,
921 1623 1037 1652 nostra
1070 1624 1102 1652 et
1133 1622 1275 1653 fratrum

263 1675 455 1704 nostrorum
477 1673 648 1712 presentia
672 1674 859 1710 constituti,
881 1683 982 1712 super
1005 1675 1167 1713 predictis
1188 1676 1275 1713 judi-

262 1727 404 1758 ciarium
427 1726 611 1765 apostolice
635 1726 726 1756 sedis
751 1735 904 1762 examen,
923 1737 1029 1766 usque
1051 1728 1092 1758 ad
1115 1728 1174 1759 hec
1195 1730 1276 1759 tem-

262 1789 355 1819 pora,
384 1779 596 1816 declinarint,
625 1779 822 1810 dilationem
853 1782 965 1810 tamen
993 1781 1185 1820 hujusmodi
1218 1782 1277 1812 illa

262 1834 364 1863 etiam
393 1833 553 1862 utilitatis
579 1832 756 1871 utriusque
784 1833 892 1872 partis
921 1834 1146 1864 consideratio
1168 1840 1199 1865 ct
1222 1844 1276 1873 pa-

262 1888 355 1916 terne
380 1886 515 1923 pietatis
539 1886 680 1921 cautela,
707 1895 766 1924 pro
790 1886 885 1916 vobis
915 1887 1094 1917 consilium
1126 1888 1274 1926 capiens,

262 1939 432 1978 persuasit
464 1940 510 1972 ut,
538 1939 662 1968 vestris
695 1939 820 1969 animis
857 1939 1046 1970 habilitatis
1071 1942 1207 1971 interim
1233 1942 1274 1971 ad

261 1992 476 2022 reformanda
511 1991 598 2022 inter
630 2001 688 2021 vos
718 1992 866 2022 amicitie
896 1993 1021 2029 federa,
1056 1995 1274 2032 congruentia

260 2045 413 2083 tempora
446 2045 661 2082 captarentur
694 2046 726 2074 et
759 2045 908 2075 remedia
942 2046 1151 2084 promptiora
1185 2049 1274 2085 pate-

263 2099 346 2134 rent,
367 2106 425 2136 per
448 2106 523 2136 qne,
544 2097 712 2127 discordie
731 2098 906 2128 occasione
931 2098 1076 2133 sublata,
1094 2108 1153 2129 vos
1173 2100 1273 2138 gluti-

261 2159 340 2180 num
366 2150 473 2180 solide
501 2150 654 2180 caritatis
679 2151 801 2186 uniret,
830 2161 867 2180 ac
897 2151 931 2180 in
962 2154 1072 2182 vestre
1100 2152 1272 2183 soliditate

259 2203 447 2238 concordie,
467 2212 566 2242 quam
588 2205 762 2240 tractatus,
782 2205 839 2242 qni
858 2213 959 2242 super
973 2205 1033 2235 hoc
1049 2205 1135 2236 inter
1150 2215 1210 2236 vos
1223 2207 1271 2236 di—

259 2256 422 2287 eebantur
438 2256 564 2290 haberi,
584 2257 780 2295 promittere
799 2257 1013 2292 videbantur,
1031 2258 1093 2288 sub
1112 2259 1163 2288 sui
1183 2259 1272 2297 prin-

259 2310 345 2348 cipis
371 2310 493 2339 ducatu
522 2309 661 2348 pacifico
687 2310 823 2340 daretur
849 2310 957 2340 eidem
983 2310 1189 2342 sabatismus
1211 2313 1272 2342 im-

259 2363 363 2401 perio,
396 2364 428 2392 et
460 2362 585 2392 sedatis
613 2363 795 2398 scandalis,
825 2363 932 2402 ipsius
962 2364 1108 2394 subditis
1145 2366 1270 2404 quietis

259 2417 370 2454 optate
395 2415 587 2454 jocunditas
615 2416 820 2454 proveniret,
847 2417 954 2455 pestis
983 2418 1269 2449 exterminaretur

259 2468 418 2504 heretica,
437 2468 626 2498 animarum
645 2469 795 2507 pericula
815 2470 1013 2506 vitarentur,
1033 2471 1186 2508 ecclesia,
1212 2472 1273 2502 im-

260 2521 376 2560 periali
395 2521 524 2551 munita
540 2521 688 2560 presidio
705 2524 737 2553 et
756 2522 796 2552 ab
817 2522 971 2553 hostibus
986 2526 1101 2562 erepta
1115 2533 1271 2563 persecu-

260 2575 369 2604 torum
389 2573 594 2610 incursibuS,
613 2575 808 2613 respiraret,
825 2584 862 2605 ac
880 2585 997 2606 eorum
1014 2577 1071 2615 qui
1088 2577 1151 2607 sub
1167 2578 1271 2607 simu-

260 2626 326 2656 late
359 2627 533 2657 fidelitatis
559 2627 710 2664 audacia,
740 2630 859 2658 nocent
890 2629 1060 2666 fidentius,
1092 2631 1271 2661 temeraria

260 2679 399 2709 nocendi
417 2680 618 2710 confidentia
636 2681 816 2717 refrenata,
836 2690 974 2712 suorum
989 2682 1117 2721 jurium
1137 2684 1271 2722 integri-

260 2733 326 2762 tate
355 2733 525 2769 gauderet.
565 2733 632 2763 1100
661 2734 797 2773 quidem
821 2734 982 2765 hactenus
1013 2737 1270 2775 expectavimus

260 2784 364 2821 anxii,
385 2785 444 2814 hec
461 2785 730 2817 desideravinms
748 2788 850 2818 anxia
876 2790 1111 2827 expectatione
1127 2790 1269 2820 diutius.

260 2838 298 2867 ln
316 2837 382 2867 hiis
399 2838 660 2876 predecessoris,
680 2842 795 2870 nostra
813 2842 846 2871 et
864 2841 1005 2872 fratrum
1027 2843 1179 2881 ipsorum
1204 2844 1270 2874 sol-

259 2891 399 2921 licitudo
431 2899 497 2921 non
531 2891 648 2928 det'uit,
678 2893 864 2924 secundum
893 2895 1076 2934 apostolice
1109 2897 1267 2927 circums-
1300 2913 1302 2922 ‹

1342 295 1507 333 pectionis
1536 295 1714 333 judicium,
1741 296 1780 324 dt·
1807 295 2079 334 contingentibus
2106 297 2152 327 nil
2178 298 2352 328 omittens.

1340 348 1381 377 Et
1413 357 1617 387 quamquam
1654 349 1687 377 ut
1719 348 1807 378 votis
1838 349 1965 379 nostris
2000 349 2182 380 satisfieret
2223 351 2255 380 in
2292 351 2353 381 hac

1342 403 1445 439 pario.
1465 401 1638 440 hucusque
1659 410 1723 431 non
1750 402 1849 431 suerit
1868 410 1910 431 ex
1927 402 1994 432 alto
2012 411 2222 439 com-essum,
2242 406 2354 433 tamen

1339 454 1379 483 ad
1408 454 1441 483 id
1469 463 1602 492 semper
1622 457 1735 484 nostra
1769 455 1954 493 suspiravit
1988 455 2141 491 intentio,
2167 456 2208 485 ad
2231 456 2263 485 id
2286 456 2356 494 ple-

1341 507 1393 536 nis
1412 507 1593 537 desideriis
1623 508 1813 541 anxiamur,
1842 516 1906 537 non
1939 510 2166 546 proponentes
2197 519 2216 550 a
2247 509 2355 547 ceptis

1340 560 1516 596 desistere,
1543 561 1624 598 quin
1656 560 1744 589 circa
1771 560 1943 599 negotium
1972 560 2179 599 huJusmodi,
2204 560 2266 590 sub
2294 570 2352 599 spe

1341 613 1436 642 illius
1463 613 1518 652 qui
1547 613 1625 643 facit
1644 622 1763 651 magna
1782 615 1813 643 et
1839 613 2084 649 inscrutabilia,
2105 614 2161 653 qui
2182 614 2259 644 facit
2280 623 2355 644 con-

1340 666 1486 696 cordiam
1522 667 1554 696 in
1583 666 1801 702 sublimibus,
1823 670 1981 705 prosequi
2007 667 2100 705 pacis
2133 667 2284 702 semitas,
2306 667 2356 697 in-

1339 720 1521 749 tendamus
1546 720 1707 758 quicquid
1732 729 1790 758 per
1814 720 1951 750 nuntios
1972 721 2003 749 ct
2025 722 2260 758 procuratores
2280 730 2356 759 par-

1340 773 1423 802 tium
1444 782 1555 802 corani
1576 773 1673 803 nobis
1692 773 1878 803 novissime
1895 773 1962 803 hiis
1987 773 2105 803 diebus
2124 774 2354 812 propositum,

1339 826 1483 864 petitum
1502 826 1601 856 l'uerit
1623 830 1654 856 et
1673 835 1885 865 responsum.

1378 880 1414 909 lit
1429 879 1565 918 quidem
1581 879 1785 909 venerabilis
1798 880 1902 909 frater
1917 881 2031 909 noster
2044 879 2249 909 Laurentius
2263 880 2353 918 epiS-

1337 941 1452 970 copus,
1466 935 1497 962 et
1509 933 1623 963 dilecti
1634 932 1693 962 tilii
1704 932 1901 963 'Willelmus
1911 933 2168 962 archidiaconus
2179 934 2356 964 norrenses

1337 996 1374 1015 ac
1394 986 1563 1015 ltobertus
1587 986 1625 1016 de
1651 986 1750 1021 Baro,
1770 988 2007 1024 procuratores
2026 989 2055 1016 et
2074 986 2185 1016 nuntii
2206 987 2268 1020 tui,
2287 995 2305 1016 a
2322 988 2355 1016 te

1338 1038 1524 1076 plenariam
1550 1041 1750 1077 potestatem
1773 1038 1946 1075 habentes,
1969 1041 2005 1069 ut
2031 1040 2063 1069 in
2087 1042 2204 1069 nostro
2229 1039 2356 1070 consis-

1305 1101 1307 1107 ‘
1337 1092 1422 1121 torio
1446 1094 1503 1122 tua
1530 1092 1615 1121 alias
1641 1093 1713 1131 ejus
1736 1095 1963 1131 proponerent
1987 1093 2132 1131 negotia,
2151 1095 2180 1122 et
2202 1094 2356 1131 peterent

1337 1153 1411 1173 rum
1429 1145 1681 1182 solltnnpnitate
1701 1154 1765 1183 qua
1788 1145 1993 1178 conveniret,
2015 1145 2225 1175 vocationem
2247 1147 2352 1177 tuam,

1337 1197 1423 1227 alias
1448 1207 1556 1233 suam,
1579 1198 1815 1236 sollempniter
1833 1198 1872 1227 ad
1891 1207 2060 1233 coronam,
2084 1207 2121 1227 ac
2140 1199 2299 1228 universa
2322 1199 2354 1228 et

1338 1250 1471 1289 singula
1492 1251 1579 1280 circa
1598 1251 1658 1280 hec
1675 1254 1841 1289 gererent,
1861 1253 1995 1288 agerent
2014 1251 2168 1285 fideliter,
2189 1253 2221 1281 et
2235 1260 2354 1290 procu-

1338 1305 1450 1332 rarent
1474 1312 1538 1341 que
1561 1312 1619 1341 per
1643 1312 1741 1332 veros
1760 1303 1898 1333 nuntios
1924 1312 1959 1332 ac
1981 1306 2217 1341 procuratores
2237 1304 2277 1333 ad
2293 1303 2356 1334 hoc

1339 1356 1533 1393 specialiter
1560 1356 1751 1394 deputatoS,
1780 1355 1933 1394 legitime
1961 1358 2101 1394 possent
2132 1356 2196 1395 agi,
2223 1357 2293 1395 peti
2322 1358 2356 1387 et

1339 1409 1440 1438 etiam
1467 1409 1654 1448 procurari,
1683 1408 1887 1447 quibusdam
1919 1409 2223 1439 consuetudinibus
2253 1409 2356 1448 preli-

1338 1461 1438 1498 batis,
1465 1471 1550 1500 quas
1574 1462 1759 1492 servandas
1782 1462 1815 1491 in
1834 1457 1999 1492 electione
2023 1463 2168 1493 Romani
2188 1463 2353 1501 principis

1338 1515 1547 1551 asserebant,
1571 1517 1821 1554 proposuerunt
1848 1516 1935 1545 inter
1957 1517 2066 1545 cetera
2090 1518 2158 1545 tam
2185 1524 2244 1554 per
2270 1515 2354 1546 elec-

1336 1568 1463 1598 tionem
1488 1568 1527 1598 de
1552 1570 1595 1603 te,
1623 1568 1708 1598 alias
1731 1569 1770 1598 de
1789 1568 1874 1607 ipso,
1892 1568 1949 1598 ubi
1969 1570 2000 1598 et
2018 1569 2163 1607 quando,
2185 1571 2215 1599 et
2240 1577 2258 1598 a
2281 1569 2354 1607 qui—

1337 1622 1400 1652 bus
1415 1622 1531 1652 debuit
1550 1622 1700 1661 legitime
1718 1622 1935 1657 celebratam,
1953 1631 2052 1661 quam
2072 1631 2131 1661 per
2148 1631 2354 1653 consensum

1337 1677 1446 1711 tuum,
1467 1676 1554 1705 alias
1577 1685 1688 1711 suum,
1709 1676 1744 1708 in
1767 1676 1852 1714 ipsa,
1872 1678 1904 1705 et
1922 1685 1982 1714 per
2001 1676 2243 1712 inunctionem,
2263 1685 2356 1706 coro-

1338 1729 1520 1765 nationem,
1541 1729 1861 1759 inthronizationem
1883 1729 1918 1759 in
1944 1729 2023 1759 sede
2045 1729 2214 1767 magnifici
2234 1729 2353 1760 Karoli

1338 1783 1369 1813 et
1397 1783 1464 1813 alia
1493 1782 1684 1818 subsecuta,
1711 1783 1797 1813 alias
1823 1792 1864 1813 ex
1896 1783 2012 1813 eadem
2031 1783 2195 1813 electione
2225 1786 2352 1819 secuta,

1336 1836 1397 1866 tibi
1421 1837 1506 1866 alias
1531 1837 1640 1866 eidem
1665 1836 1783 1873 electo,
1808 1838 1843 1866 ut
1861 1836 1997 1872 dicitur,
2024 1836 2187 1874 predictis
2212 1845 2352 1867 consue-

1336 1889 1513 1919 tudinibus
1537 1889 1738 1926 observatis,
1763 1891 1795 1919 et
1821 1889 1906 1919 nulli
1931 1889 1989 1919 alii
2014 1889 2151 1928 plenum
2167 1889 2223 1927 jus
2241 1889 2353 1928 quoad

1335 1943 1575 1981 proprietatem
1613 1944 1645 1972 et
1680 1943 1935 1981 possessionem
1965 1943 1998 1972 in
2022 1943 2164 1981 pretatis
2195 1951 2297 1981 regno
2320 1944 2353 1972 et

1335 1995 1478 2034 imperio
1507 1996 1724 2034 acquisitum,
1747 2004 1783 2025 ac
1814 2004 1965 2034 regnum,
1995 2003 2130 2031 nomen,
2155 1997 2187 2025 ct
2215 1995 2352 2034 imperii

1335 2048 1491 2078 diadema
1503 2048 1690 2078 indubitate
1703 2048 1830 2082 deberi,
1843 2050 1875 2078 et
1892 2048 2169 2086 supplicaverunt
2186 2049 2352 2078 instanter

1334 2109 1370 2129 ac
1390 2101 1476 2130 inter
1494 2101 1559 2130 alia
1575 2100 1750 2130 humiliter
1762 2101 1933 2139 petierunt
1949 2100 2023 2136 tibi,
2037 2100 2123 2130 alias
2139 2100 2213 2139 ipso
2229 2100 2351 2137 electo,

1334 2155 1366 2183 et
1382 2153 1575 2191 hujusmodi
1599 2162 1719 2183 nomen
1737 2153 1874 2187 ast-ribi,
1893 2155 1923 2184 et
1944 2155 1985 2188 tc,
2005 2153 2089 2183 alias
2106 2162 2195 2187 eum,
2213 2162 2273 2192 per
2290 2161 2351 2184 nos

1334 2207 1577 2245 inungendum,
1597 2207 1860 2237 consecramlum
1881 2208 1913 2237 et
1931 2207 2160 2237 coronandum
2180 2207 2214 2236 in
2233 2207 2353 2237 Roma-

1334 2268 1415 2290 num
1433 2260 1683 2298 imperatorem,
1698 2260 1897 2290 advocatum
1911 2269 1947 2290 ac
1965 2260 2179 2290 defensorem
2196 2259 2350 2297 ecclesie,

1333 2313 1373 2342 ad
1393 2314 1504 2351 ipsum
1525 2313 1680 2343 diadema
1697 2314 1736 2343 de
1757 2314 1884 2343 nostris
1906 2313 2161 2352 suscipiendum
2179 2312 2349 2349 manibus,

1333 2366 1406 2396 sine
1421 2366 1599 2404 dispendio
1619 2367 1794 2396 ulterioris
1811 2375 1903 2396 inore
1923 2366 2047 2402 vocari,
2069 2368 2101 2396 et
2125 2366 2351 2405 apostolicum

1334 2419 1405 2454 tibi,
1431 2419 1516 2449 alias
1543 2419 1620 2455 sibi,
1649 2420 1797 2450 savorem
1822 2420 1985 2458 impendi,
2012 2419 2211 2458 petitionem
2234 2419 2352 2459 hujus-

1333 2473 1436 2509 modi,
1458 2473 1562 2503 variis
1587 2475 1654 2503 tam
1682 2473 1759 2503 sacti
1783 2482 1884 2512 quam
1903 2473 1992 2511 juris
2016 2472 2290 2511 allegationibus,
2317 2474 2351 2503 et

1333 2526 1593 2565 quampluribus
1620 2526 1862 2556 nichilominus
1888 2526 2068 2565 premissis
2095 2525 2349 2565 protestationi-

1332 2579 1396 2609 bus
1412 2580 1603 2616 snlcientes,
1623 2588 1659 2610 ae
1677 2580 1828 2610 dicentes
1843 2581 1951 2618 ipsam
1971 2588 2029 2618 per
2045 2579 2348 2609 contradictionem

1334 2633 1513 2663 memorati
1538 2634 1640 2672 regis,
1658 2633 1744 2663 alias
1763 2636 1867 2669 tuam,
1888 2632 1941 2663 vel
1960 2632 2158 2663 electionem
2175 2632 2205 2662 si
2223 2641 2288 2671 qua
2308 2631 2349 2662 de

1334 2686 1407 2725 ipso
1428 2686 1479 2715 vel
1503 2687 1534 2716 te
1560 2686 1647 2716 sacta
1671 2686 1791 2720 suerat,
1810 2688 1925 2725 utpote
1952 2688 2067 2715 contra
2088 2687 2258 2724 pretaetas
2285 2685 2348 2715 im-

1302 2742 1303 2747 ’
1332 2739 1416 2777 perii
1445 2739 1721 2775 consuetudines,
1743 2742 1818 2777 post
1848 2741 1938 2769 tuam
1970 2739 2022 2769 vel
2049 2747 2157 2771 suain.
2187 2746 2252 2768 non
2275 2746 2348 2768 cas-

1302 2819 1303 2825 ,
1332 2794 1440 2822 satam
1457 2801 1515 2822 nec
1530 2792 1729 2822 cassandam
1745 2793 1860 2828 etiam,
1878 2793 1911 2822 et
1926 2791 1966 2822 ab
1983 2792 2049 2821 hiis
2063 2791 2120 2830 qui
2133 2791 2253 2822 saltem
2268 2792 2348 2821 tuuc

1333 2845 1464 2875 nullum
1490 2845 1547 2884 jus
1572 2845 1737 2876 habebant
1767 2845 1799 2875 id
1827 2845 1982 2879 faciendi,
2008 2847 2253 2884 presumptum,
2280 2852 2347 2874 non

1333 2897 1454 2928 debere
1476 2898 1691 2937 aliquatenus
1709 2898 1880 2937 impediri.
