2547 3289
235 234 289 262 ti?
977 226 1226 256 iil-tGffiTRES
1250 225 1463 256 D'URBAIN
1488 226 1545 256 IV.

230 311 276 341 ris
292 311 361 348 ejus
377 312 406 340 et
426 312 592 348 sceptrum
617 307 780 338 exactoris
804 307 876 345 ejus
902 306 1169 344 magnit‘icentius
1185 315 1239 335 su-

230 365 390 403 perarent.
408 362 471 393 Sed
494 361 686 400 hujusmodi
709 359 891 398 expectatio
909 360 1051 397 et-spes,
1080 368 1179 397 quam
1205 359 1239 388 in

231 417 326 447 vobis
342 417 437 446 sedes
450 415 564 445 eadem
580 413 699 453 posuit,
720 413 849 442 nullum
868 412 931 442 sibi
948 421 1084 451 prorsus
1099 420 1241 442 commo-

228 470 308 499 dum
325 469 432 498 attulit
450 468 502 497 vel
525 467 723 505 profectuum
743 465 940 504 quinimmo,
966 465 1061 495 sedes
1081 465 1164 504 ipsa,
1183 465 1240 494 hu-

224 522 372 561 jusmodi
389 530 445 559 spe
464 521 632 554 frustrata,
651 519 773 549 multas
786 518 1090 548 etiuimmerabiles
1108 520 1241 556 propter

230 575 289 604 hoc
307 573 445 611 injurias
467 574 497 603 ct
514 572 714 610 ignominias
731 571 866 610 pertulit
882 571 1043 610 pluraque
1060 571 1090 600 et
1122 571 1240 601 inexti-

230 627 365 657 mabilia
382 626 541 656 sustinuit
563 625 771 655 detrimenta.
800 624 917 654 Dictus
932 624 1082 663 [namque
1098 624 1240 654 Manfre-

229 680 302 715 «lus,
319 679 535 717 occupatione
552 678 659 717 ipsius
675 678 768 717 regui
785 677 900 708 Sicilie
918 686 981 707 nou
998 678 1183 712 contentus,
1201 677 1241 707 ad

229 840 293 869 tem
312 838 443 873 Tuscie.
467 846 530 876 que
555 838 708 868 Romano
734 837 874 876 imperio
893 836 1052 875 subjacet,
1072 837 1188 866 avidas
1214 838 1244 866 et

229 891 454 930 occupatrices
472 900 591 920 manus
607 890 801 925 extendens,
826 891 1041 920 memoratam
1068 890 1243 920 ecclesiam

231 945 373 975 diversis
390 944 658 983 persecutionum
683 943 860 982 generibus
887 943 1091 973 incessanter
1107 943 1241 982 affligit3

230 998 311 1028 adeo
330 998 417 1036 quod
434 998 550 1027 eadem
566 997 718 1031 ecclesia,
735 996 851 1026 multis
870 996 970 1026 malis
985 996 1117 1032 afflicta,
1136 996 1243 1026 diver-

233 1051 279 1081 sis
295 1051 406 1080 attrita
422 1049 586 1081 molestiis
604 1059 640 1079 ac
658 1049 761 1080 variis
778 1049 918 1087 flagellis
933 1058 1102 1088 oppressa,
1120 1048 1177 1079 vix
1191 1058 1246 1088 po-

231 1105 293 1134 test
312 1104 352 1133 ab
378 1102 569 1142 hujusmodi
596 1102 871 1141 oppressionibus
888 1102 1063 1140 respirare,
1089 1102 1244 1141 quoniam

231 1165 274 1187 ex
294 1157 356 1187 hoc
372 1156 474 1186 libere
490 1156 658 1195 pullulant
686 1157 833 1192 hereses,
848 1156 957 1185 cultus·
973 1156 1079 1186 divini
1098 1155 1245 1186 nominis

233 1209 408 1248 dispendia
423 1209 657 1239 minorationis·
687 1208 838 1242 incurrst,
858 1208 1013 1238 incendia
1029 1208 1176 1244 urbium,
1193 1209 1247 1238 de-

233 1263 463 1301 populationes
476 1263 672 1296 castrorumq
685 1263 812 1300 strages
825 1261 1080 1291 cliristIanorum
1095 1263 1246 1300 etquam-

232 1316 327 1355 plura
353 1315 417 1345 alia
443 1314 707 1345 ablnmriuabilia
731 1316 797 1353 (sici
825 1315 1089 1349 committuntur,
1109 1323 1172 1352 que
1194 1314 1246 1343 di·-

234 1368 309 1398 vine
326 1369 440 1398 oeulos
457 1367 637 1404 majestatis
664 1367 846 1402 offendunt,
866 1367 1061 1396 scandalum
1090 1366 1123 1396 in
1140 1366 1244 1396 eccle-

231 1422 278 1451 sia
300 1422 509 1451 commovent
525 1421 555 1450 et
577 1420 787 1450 tremendum
802 1419 1027 1449 ecclesiastice
1042 1428 1182 1449 censure
1200 1420 1246 1449 vi-

231 1483 342 1513 gorem
361 1473 534 1503 debilitant
547 1474 577 1502 et
591 1473 797 1507 conculcant,
816 1480 875 1502 nec
889 1473 996 1510 potest
1016 1473 1089 1511 ipsa
1104 1472 1244 1503 eeclesia

233 1525 516 1557 invalescentibus
533 1525 681 1562 eiusdem
707 1525 871 1555 Mansredi
892 1525 1022 1555 viribus
1044 1526 1244 1564 oportunum

231 1588 332 1619 super
349 1579 414 1608 biis
432 1578 615 1609 remedium
634 1578 802 1608 adhibere.

272 1633 341 1662 Nos
358 1632 470 1669 igitur,
487 1633 664 1670 postquam
688 1631 749 1662 fuit
766 1631 889 1661 nostris
913 1631 1100 1662 cervicibus
1117 1633 1246 1670 aposto-

232 1686 422 1724 licejugum
440 1684 614 1715 servitutis
635 1684 841 1723 impositum,
860 1684 1056 1723 diligentius
1077 1685 1244 1715 attenden-

231 1740 279 1769 tes
295 1739 382 1777 quod
409 1747 426 1767 a
452 1737 599 1776 predicto
624 1746 725 1776 regno
742 1737 856 1768 Sicilie
880 1746 977 1768 omne
995 1738 1121 1768 malum
1138 1738 1246 1776 ipsius

231 1792 370 1822 ecclesie
394 1791 599 1829 pandebatur
620 1793 650 1820 et
677 1800 777 1820 causa
802 1790 1029 1828 periculorum
1053 1791 1245 1829 hujusmodi

231 1844 439 1883 procedebat,
470 1843 720 1874 considerantes
745 1843 844 1873 etiam
876 1844 964 1882 quod
984 1844 1070 1874 dicta
1093 1844 1245 1875 Romana

230 1897 370 1928 ecclesia
386 1906 442 1935 per
462 1905 521 1926 vos
538 1905 603 1926 non
626 1896 732 1935 potuit
756 1905 862 1935 neque
887 1898 1024 1934 poterat,
1043 1898 1130 1935 quod
1149 1897 1244 1927 iuviti

233 1950 420 1984 referinms,
437 1959 454 1978 a
471 1949 542 1979 suis
554 1949 801 1979 calamitatibus
817 1951 847 1980 et
864 1950 1050 1988 erumpnis,
1068 1952 1244 1988 quantum-

232 2012 372 2041 cumque
390 2011 449 2031 vos
463 2001 589 2031 diutius
602 2002 836 2040 expectaverst,
852 2003 996 2037 liberari,
1014 2004 1246 2041 propterquod

232 2055 368 2086 omnino
387 2054 594 2094 expediebat.v
622 2055 689 2084 tam
709 2054 806 2084 nobis
824 2064 923 2093 quam
944 2055 1007 2093 ipsi
1036 2055 1187 2090 ecclesie,
1206 2056 1245 2085 de

233 2110 358 2147 prefato
375 2117 474 2145 regno
498 2107 613 2137 Sicilie
635 2107 731 2137 aliter
756 2108 909 2146 cogitare,
929 2109 1113 2138 necessario
1133 2108 1244 2146 dispo—

233 2162 365 2192 suimus
383 2161 414 2191 in
431 2161 543 2191 auimo
563 2163 674 2191 nostro
691 2161 729 2190 de
748 2169 846 2200 regno
861 2161 932 2199 Ipso
949 2162 1087 2191 tractare
1108 2170 1144 2190 ac
1159 2162 1244 2191 ordi-

235 2224 312 2245 nare
331 2215 465 2249 utiliter,
496 2215 592 2252 prout
620 2213 777 2252 expedire
805 2214 919 2244 honori
940 2216 968 2244 et
996 2214 1155 2252 profectui
1175 2224 1245 2252 pre-

234 2269 319 2298 dicte
346 2267 487 2298 ecclesie
514 2267 716 2297 videremus.
745 2267 895 2305 Cumque
921 2267 1111 2305 hujusmodi
1135 2269 1245 2298 nostre

235 2320 430 2352 intentionis
446 2320 655 2358 propositum
666 2320 926 2359 produceremus
947 2320 1113 2354 inactum,
1133 2322 1178 2355 tu,
1196 2321 1243 2351 fili

235 2431 265 2458 et
283 2428 476 2463 molestum;
496 2427 535 2457 de
552 2435 616 2465 quo
639 2435 677 2457 eo
694 2427 974 2457 vehementiorem
991 2426 1245 2457 admirationem

236 2482 269 2511 in
288 2482 395 2511 mente
410 2479 711 2518 concepiinus,‹[uo
729 2480 910 2518 pleniorem
930 2488 1062 2518 semper
1077 2481 1116 2510 de
1130 2482 1159 2510 te
1176 2489 1247 2518 pre-

234 2533 320 2563 dicta
335 2533 475 2563 ecclesia
491 2533 647 2563 fiduciam
664 2532 779 2563 habuit
801 2533 889 2571 quod
907 2532 939 2562 iu
961 2533 1089 2562 cunctis
1103 2533 1175 2571 ejus
1192 2542 1245 2563 ne-

236 2586 447 2616 cessitatibus
461 2585 525 2615 sibi
538 2585 1064 2624 potenteretpatenterassisteres
1074 2585 1246 2624 ipsiusque

236 2638 393 2668 honorem
409 2640 440 2668 et
462 2639 671 2668 commodum
690 2647 755 2668 non
779 2638 885 2668 solum
904 2647 1002 2676 penes
1016 2639 1057 2674 te,
1075 2639 1131 2669 sed
1146 2639 1245 2669 etiam

236 2700 338 2730 penes
356 2691 438 2721 alios
455 2691 634 2721 affectuoso
651 2691 760 2721 studio
777 2699 985 2729 procurares,
1003 2691 1089 2722 sicut
1106 2693 1247 2722 retroac-

236 2745 280 2775 tis
306 2744 511 2782 temporibus
539 2744 725 2774 dinosceris
756 2743 788 2773 id
821 2744 1034 2775 laudabiliter
1065 2745 1245 2784 peregisse.

238 2796 323 2833 Quia
347 2805 422 2835 ergo
440 2797 583 2827 liberum
610 2799 659 2827 est
688 2797 785 2827 nobis
803 2798 834 2827 et
861 2797 923 2835 ipsi
950 2797 1089 2828 ecclesie
1115 2798 1153 2828 de
1176 2807 1248 2837 pre-

239 2850 325 2880 dicto
348 2858 447 2888 reguo
471 2849 585 2879 Sicilie
608 2850 785 2888 disponere
813 2859 849 2880 ac
864 2850 958 2889 juxta
976 2853 1125 2881 nostrum
1149 2851 1249 2881 bene·

240 2902 398 2942 placitum
425 2902 592 2938 ordinm-03
621 2911 695 2933 cum
719 2903 944 2938 condiciones,
969 2904 1030 2934 sub
1055 2904 1178 2943 quibus
1197 2913 1247 2935 re·
1278 2910 1280 2929 ’-

1303 315 1405 344 gnum
1423 307 1532 344 ipsum
1550 316 1567 335 a
1592 307 1718 345 prefato
1731 307 1965 345 predecessore
1983 316 2177 338 concessum
2194 309 2315 344 extitit,

1304 359 1481 398 adimplete
1500 368 1564 390 non
1585 360 1720 397 fuerint,
1749 359 1834 390 sicut
1862 360 1980 397 nostis,
2003 369 2064 390 nos
2095 360 2315 400 intendenteS,

1303 412 1440 442 omnino
1454 414 1589 451 urgente
1598 413 1637 443 ad
1647 413 1677 442 id
1691 421 1750 443 nos
1763 413 1970 443 necessitatis
1984 413 2123 443 articulo
2137 413 2170 443 in
2187 422 2252 452 quo
2268 415 2318 445 est

1302 465 1450 504 predicta
1466 466 1606 496 ecclesia
1619 466 1680 496 hoc
1696 467 1843 505 tempore
1856 466 2046 501 constituta,
2063 467 2102 497 de
2118 475 2219 505 reguo
2231 467 2314 505 ipso,

1302 520 1399 557 prout
1415 520 1551 557 pensato
1578 520 1736 550 moderno
1754 519 1860 558 ipsius
1882 519 2020 550 ecclesie
2042 521 2140 556 statu,
2161 519 2317 559 expedire

1303 571 1497 602 viderimus.
1513 572 1699 610 providere,
1715 572 1996 611 magnificentiam
2016 574 2172 609 vestrann
2200 573 2239 603 de
2255 573 2318 603 fra-

1273 640 1275 659 s
1303 627 1390 655 trum
1410 627 1598 655 nostrorum
1616 625 1769 660 consilio,
1788 626 1969 664 rogandam
1985 626 2145 656 (luximus
2160 626 2318 656 attentius

1304 680 1335 708 et
1363 679 1573 713 hortandam,
1595 679 1627 709 111
1652 678 1885 709 remissionem
1916 679 2012 709 vobis
2036 682 2246 719 peccatorum
2266 679 2317 709 111-

230 733 472 763 Auconitanam
488 731 669 762 Marchiam
686 732 717 761 et
738 730 954 769 quamplures
971 730 1055 760 alias
1082 731 1188 760 terras
1203 730 1242 760 de
1273 727 1274 735 ³

229 785 430 824 patrimonio
449 785 554 824 ipsius
575 784 713 814 ecclesie
732 785 761 814 et
778 784 910 813 demum
927 784 967 813 ad
984 784 1152 822 quandam
1169 792 1241 822 par-
1273 782 1274 785 ’

1304 732 1507 762 chilominus
1530 732 1740 771 ii‘ijungeutes
1754 733 1911 770 quatinus
1925 732 2087 771 premissa
2101 733 2213 763 omnia
2232 732 2319 763 infra

1305 787 1492 816 vestrorum
1509 785 1653 816 claustra
1676 786 1847 824 pec-mrum
1871 785 2086 816 meditatione
2111 786 2251 825 provida
2270 794 2318 816 re·

1306 839 1477 869 volventes
1492 840 1521 869 et
1538 840 1688 877 gerentes
1705 839 1745 868 ad
1767 838 1951 877 predictam
1967 839 2142 869 ecclesiam
2157 847 2258 877 super
2272 840 2319 869 tot

1305 894 1376 935 ejus
1391 892 1567 931 angustiis,
1584 893 1695 923 habito
1708 893 1748 922 ad
1765 892 1911 923 radicem
1927 892 2078 923 'veritatis
2100 892 2135 923 in
2150 892 2210 922 hac
2226 894 2318 932 parte

1306 948 1470 984 respectu,
1488 945 1602 975 filialis
1620 945 1862 984 compassionis
1881 946 2046 981 affectum,
2071 946 2200 976 nullum
2227 945 2319 976 dein-

1307 1007 1383 1038 ceps
1400 999 1498 1028 nobis
1514 1001 1545 1029 et
1560 998 1625 1037 ipsi
1639 999 1778 1029 ecclesie
1801 1007 1902 1037 super
1919 999 2113 1038 hujusmodi
2129 998 2208 1029 dicti
2225 998 2320 1038 regni

1306 1052 1436 1091 negotio
1456 1051 1614 1090 ingeratis
1631 1051 1905 1090 impedimentum
1923 1052 2119 1091 nullumque
2135 1052 2319 1082 contradic-

1307 1105 1407 1135 tionis
1434 1105 1643 1135 obstaculum
1663 1105 1852 1144 opponatisg
1882 1105 1939 1135 sed
1957 1105 1998 1135 ab
2017 1105 2086 1136 illis
2109 1105 2242 1144 penitus
2267 1105 2320 1135 de-

1306 1159 1473 1194 sistentes,
1491 1167 1556 1188 non
1581 1158 1689 1188 solum
1716 1158 1914 1197 permittatis
1932 1167 1993 1188 nos
2013 1159 2044 1188 et
2059 1159 2197 1188 eandem
2217 1158 2318 1188 eccle-

1307 1220 1391 1241 sxam
1412 1211 1514 1241 libere
1534 1211 1573 1240 de
1590 1220 1690 1249 regno
1714 1211 1786 1249 ipso
1808 1212 1947 1241 tractare
1967 1220 2002 1240 ac
2025 1212 2134 1241 facere
2160 1211 2247 1241 sicut
2269 1210 2319 1240 vi-

1306 1264 1455 1294 derimus
1478 1263 1681 1297 faciendum,
1700 1272 1816 1293 verum
1842 1264 1942 1293 etiam
1959 1265 1989 1293 et
2005 1263 2118 1293 verbis
2135 1264 2319 1294 ostendatis

1306 1318 1337 1347 et
1354 1317 1473 1346 litteris
1502 1317 1591 1354 quod
1617 1315 1714 1346 vobis
1739 1325 1806 1346 non
1829 1315 1995 1355 displicet,
2018 1315 2121 1346 immo
2143 1316 2263 1355 placet,
2289 1315 2319 1345 si

1306 1370 1393 1400 dicta
1420 1369 1559 1399 ecclesia
1587 1378 1687 1407 super
1708 1369 1816 1407 ipsius
1842 1369 1936 1408 regni
1962 1369 2093 1408 negotio
2112 1371 2227 1400 tractet
2243 1378 2319 1400 cum

1274 1445 1275 1459 2
1305 1422 1475 1461 aliquibus
1492 1422 1609 1452 mundi
1630 1422 1852 1461 priiiripilms,
1873 1431 2034 1461 suamque
2060 1423 2166 1461 possit
2189 1423 2228 1453 de
2247 1423 2320 1461 ipso

1306 1484 1406 1513 regno
1424 1475 1654 1505 condicionem
1672 1475 1780 1506 facere
1796 1475 1986 1511 melioremg
2004 1484 2121 1515 preces
2137 1485 2238 1515 super
2257 1476 2320 1506 hoc

1305 1528 1506 1567 apostolicas
1523 1527 1632 1558 taliter
1648 1529 1830 1568 impleturi,
1848 1529 1936 1567 quod
1952 1529 2078 1567 Regem
2095 1538 2209 1568 regum
2226 1538 2320 1559 cons-

1305 1581 1433 1612 tituatis
1453 1582 1573 1612 exinde
1596 1582 1693 1611 vobis
1718 1581 1902 1621 propitium
1921 1583 1950 1613 et
1972 1582 2166 1621 benignum,
2193 1584 2224 1613 et
2248 1591 2321 1622 pre-

1306 1635 1428 1665 dictam
1447 1636 1634 1666 Romanam
1652 1635 1828 1665 ecelesiam
1856 1635 2004 1666 reddatis
2020 1638 2154 1675 propter
2180 1635 2241 1666 hoc
2263 1644 2320 1665 vo-

1306 1688 1358 1718 bis
1373 1688 1543 1727 perpetuis
1560 1688 1768 1726 temporibus
1788 1687 1819 1718 iu
1837 1689 1962 1719 vestris
1978 1688 2261 1728 oportunitatibus
2275 1689 2321 1719 fa-

1307 1741 1490 1772 vorabilem
1508 1741 1713 1780 adjutricem.

1346 1795 1388 1825 Et
1405 1803 1479 1824 ecce
1496 1794 1721 1824 venerabilem
1740 1794 1875 1825 fratrem
1893 1796 2082 1832 nostrum„
2103 1794 2318 1833 archiepisco·

1306 1857 1386 1887 pum
1406 1847 1639 1883 Cusentinum,
1657 1847 1766 1878 virum
1790 1848 1904 1887 utique
1926 1850 2059 1887 experte
2085 1848 2260 1888 prudentie
2283 1857 2321 1879 ac

1306 1901 1493 1931 examinate
1510 1901 1654 1938 virtutis,
1675 1901 1769 1940 cujus
1786 1910 1886 1940 super
1902 1901 1967 1931 hiis
1979 1901 2198 1940 acquiescatIS
2216 1901 2322 1932 moni-

1307 1954 1350 1984 tis
1365 1955 1396 1984 et
1420 1953 1721 1991 exhortationibus,
1745 1956 1880 1992 propter
1903 1955 1964 1985 hoc
1989 1954 2178 1993 specialiter
2203 1955 2244 1985 ad
2260 1962 2321 1985 vos

1306 2007 1345 2036 de
1361 2007 1512 2045 ipsorum
1528 2006 1668 2036 fratrum
1688 2007 1827 2037 consilio
1855 2007 2074 2037 destinamus.
2099 2008 2194 2043 Quod
2209 2007 2238 2037 si
2254 2007 2320 2038 for-

1307 2068 1368 2089 san
1395 2058 1428 2088 iu
1456 2059 1542 2088 dicto
1560 2067 1660 2097 regno
1684 2059 1798 2089 Sicilie
1817 2068 1874 2097 per
1897 2059 2089 2098 huJusmedi
2106 2060 2224 2099 prefati
2248 2068 2321 2099 pre-

1307 2111 1492 2141 decessoris
1507 2120 1566 2141 seu
1588 2120 1646 2150 per
1673 2120 1917 2151 quamcumnpie
1944 2112 2044 2142 aliam
2069 2113 2321 2143 concessionem

1307 2164 1377 2194 sive
1392 2164 1613 2199 collationem,
1623 2164 1652 2193 si
1666 2173 1765 2202 quam
1779 2165 1878 2195 aliam
1892 2165 1988 2195 vobis
1998 2166 2050 2195 vel
2062 2168 2209 2196 vestrum
2224 2164 2322 2196 alteri

1306 2218 1345 2248 de
1362 2217 1433 2256 ipso
1448 2226 1548 2255 regno
1565 2227 1581 2247 a
1598 2219 1778 2247 memorata
1795 2218 1872 2248 sede
1889 2218 2069 2257 apostolica
2084 2219 2139 2249 vel
2155 2219 2227 2257 ejus
2240 2227 2321 2249 nun·

1306 2270 1362 2300 tiis
1378 2279 1438 2300 seu
1455 2270 1573 2309 legatis
1590 2271 1709 2300 saetam
1727 2271 1795 2301 sore
1811 2271 1973 2307 asseritis,
1987 2271 2092 2301 velex
2109 2279 2320 2311 quacumque

1275 2335 1276 2339 ¹
1306 2323 1373 2353 3113
1388 2332 1487 2353 causa
1503 2323 1637 2353 creditis
1664 2332 1723 2354 vos
1742 2324 1875 2363 aliquod
1890 2325 1946 2363 jus
1975 2324 2108 2360 habere,
2136 2334 2197 2355 nos
2215 2334 2320 2356 reser-

234 2383 303 2409 rex,
321 2375 382 2405 hoc
406 2374 606 2413 intelligens,
627 2373 659 2404 id
678 2382 777 2413 grave
794 2373 912 2409 tulisti,
935 2373 1021 2403 sicut
1043 2374 1242 2413 accepimus,
1274 2398 1275 2402 ,

1306 2377 1383 2406 vata
1404 2376 1501 2406 nobis
1526 2377 1701 2414 tractandi,
1720 2376 1920 2416 disponendi
1936 2379 1967 2408 et
1989 2377 2167 2409 ordinandi
2182 2378 2222 2409 de
2247 2378 2320 2418 ipso

1306 2438 1407 2468 reguo
1433 2438 1507 2459 cum
1533 2429 1653 2468 quovis
1681 2429 1746 2460 alio
1776 2430 1925 2469 principe
1944 2431 1996 2461 vel
2021 2430 2087 2461 alia
2111 2439 2321 2470 quacumque

1305 2490 1447 2521 persona
1467 2481 1697 2518 maluerimus,
1715 2484 1828 2513 nostra
1848 2485 1878 2513 et
1901 2483 2051 2522 ejusdem
2067 2483 2206 2514 ecclesie
2221 2483 2321 2515 liber-

1306 2536 1381 2570 tate,
1399 2535 1438 2564 de
1465 2535 1690 2572 predistorum
1717 2535 1856 2566 fratrum
1883 2536 2036 2572 consilio,
2061 2537 2245 2574 apostolica
2261 2545 2322 2568 vos

1307 2587 1500 2617 auctoritate
1517 2587 1658 2618 citan‘ius
1678 2590 1712 2619 ut
1738 2588 1825 2619 infra
1843 2591 1984 2628 quatuor
1999 2598 2132 2620 menses
2153 2598 2172 2620 a
2195 2589 2249 2621 die
2273 2598 2321 2620 re-

1308 2640 1469 2678 ceptionis
1500 2640 1706 2679 present-ium
1743 2642 1997 2681 computandos,
2024 2651 2107 2681 quos
2136 2641 2234 2673 vobis
2262 2650 2321 2682 pro

1307 2693 1530 2732 peremptorio
1544 2694 1758 2733 assignamus
1779 2694 1934 2729 termino,
1951 2703 2010 2734 per
2026 2704 2086 2725 vos
2104 2695 2158 2725 vel
2176 2703 2235 2734 per
2246 2703 2322 2734 per-

1308 2754 1408 2776 sonas
1427 2747 1576 2785 ydoneas
1594 2747 1634 2777 de
1657 2749 1724 2777 toto
1741 2748 1871 2786 negotio
1901 2748 2106 2779 sufficienter
2132 2748 2323 2784 instructas,

1309 2807 1384 2828 cum
1397 2799 1554 2829 omnibus
1566 2799 1700 2837 juribus
1713 2802 1743 2830 et
1760 2799 1980 2831 munimentis
1991 2801 2124 2835 vestris,
2140 2800 2322 2839 apostolico

1308 2860 1370 2881 vos
1387 2852 1578 2891 conspectui
1594 2853 1805 2891 presentetis,
1820 2853 2024 2893 proposituri
2041 2854 2098 2893 jus
2117 2855 2276 2889 vestrum,
2292 2853 2323 2884 si

1310 2905 1398 2944 quod
1416 2914 1476 2935 vos
1493 2905 1527 2936 in
1545 2906 1692 2944 predicto
1705 2915 1806 2946 regno
1821 2906 1936 2938 Sicilie
1949 2906 2070 2937 habere
2086 2906 2267 2942 confiditis,
2285 2915 2322 2937 ac
