2547 3289
1085 216 1318 254 PREMIERE
1342 216 1507 253 ANNEE.

255 309 408 349 longiora
427 317 642 343 conservans,
662 307 840 338 virtutibus
858 308 925 337 tuis
940 315 1071 345 semper
1087 307 1219 343 adiciat,
1237 309 1267 338 et

257 364 350 403 ipsas
379 362 579 394 successivis
604 362 766 400 adaugeat
797 361 1019 391 incrementis.
1048 361 1135 391 Licet
1158 362 1269 391 autem

257 417 346 447 idem
366 416 524 454 magister
538 415 715 445 commisse
740 414 806 444 sibi
826 414 1002 452 legationis
1022 414 1131 444 fidelis
1147 415 1178 444 et
1194 414 1269 444 dili-

257 478 340 508 gens
352 469 557 507 prosecutor,
575 467 662 497 inter
677 468 784 497 cetera
801 476 864 505 que
878 467 966 496 circa
982 467 1114 506 imperii
1131 467 1269 505 predicti

258 522 428 560 negotium
443 521 549 559 petiit,
562 520 738 558 postularit
749 520 911 550 instanter
923 521 952 550 te
966 528 1025 558 per
1036 528 1096 550 nos
1111 520 1151 549 ad
1164 520 1269 558 ipsius·

258 574 390 612 imperii
406 573 577 612 fastigium
595 573 739 607 evocari,
756 581 911 603 coronam
928 572 1076 611 ejusdem
1093 572 1132 603 de
1149 573 1271 602 nostris

257 626 414 657 manibus
425 627 672 664 suscepturum,
690 634 816 663 nosque
833 633 1009 663 personam
1023 626 1112 655 tuam
1125 625 1270 663 potentia

258 681 290 711 et
315 679 590 718 magnanimitate
611 678 790 708 sublimem
808 677 948 708 sinceris
972 677 1143 707 affectibus
1159 686 1270 716 prose-

257 740 413 772 quamur,
424 739 464 761 ex
474 731 575 761 officii
590 732 703 761 tamen
716 730 826 760 debito
838 730 1089 768 libramjustitie
1103 731 1270 768 gestantes

256 783 292 814 in
305 784 451 819 dextera,
466 784 574 822 ipsius
587 783 741 822 J'ussibus
754 785 828 812 vota
841 783 952 812 nostra
965 782 1271 820 subicimus,ipsam

256 836 391 867 illesam
400 845 535 867 servare
559 836 742 866 studemus.
763 836 805 865 Et
830 835 905 864 ideo
922 835 1040 864 dilecto
1057 835 1125 864 filio
1144 837 1268 869 nostro,

259 889 367 920 nobili
394 889 479 924 viro,
505 889 680 922 Riccardo,
699 887 817 917 comite
845 886 1012 917 Cornubie
1037 895 1137 925 super
1153 886 1270 925 hujus-

257 942 349 972 modi
362 942 493 980 negotio
509 940 705 979 imperiijus
718 948 827 973 suum,
841 940 876 969 ut
890 939 1019 974 asserit,
1039 941 1269 977 prosequente,

256 1004 295 1026 ac
314 995 385 1024 suis
403 993 532 1024 nuntiis
549 1001 649 1031 super
665 992 781 1022 eodem
798 991 902 1021 multa
919 1000 1029 1021 coram
1046 991 1143 1021 nobis
1161 993 1192 1021 et
1206 992 1270 1022 eis-

254 1047 332 1077 dem
344 1046 504 1076 fratribus
527 1045 650 1075 nostris
664 1044 930 1084 proponentibus
950 1053 1008 1082 pro
1031 1045 1123 1082 parte
1150 1044 1271 1082 ipsius,

255 1099 395 1129 moleste
415 1099 499 1129 ferre
512 1098 603 1137 regia
619 1097 839 1127 mansuetudo
856 1105 922 1127 non
938 1096 1045 1131 debet,
1062 1097 1207 1133 sin—ebus
1224 1097 1270 1127 sic

255 1160 292 1182 se
311 1151 524 1187 habentibus,
551 1150 637 1180 votis
662 1150 812 1189 ejusdem
834 1149 985 1188 magistri
1005 1149 1046 1179 ad
1062 1158 1199 1188 presens
1217 1159 1272 1180 an-

256 1204 429 1235 nuendum
455 1213 522 1234 non
544 1203 703 1234 duximus
727 1203 761 1233 in
782 1202 843 1232 hac
868 1203 972 1241 parte,
997 1202 1173 1241 presertim
1194 1211 1271 1233 cum

255 1258 322 1288 tam
338 1256 400 1292 tui,
415 1265 516 1296 quam
533 1256 652 1296 prefati
669 1255 802 1286 comitis
819 1255 927 1285 nuntii
944 1255 1033 1293 apud
1048 1255 1162 1285 sedem
1178 1264 1272 1294 apos-

255 1310 391 1341 tolicam
413 1309 597 1345 constituti,
619 1318 654 1339 se
677 1309 765 1339 nolle
791 1309 827 1339 in
844 1308 905 1339 11οο
927 1308 1033 1346 ipsius
1050 1308 1140 1338 sedis
1159 1309 1271 1339 subire

251 1363 419 1403 Juclicium
440 1363 632 1402 frequenter
655 1361 811 1392 duxerint
830 1361 1095 1400 proponendum.
1117 1361 1270 1392 Ceterum

256 1416 478 1446 memoratum
489 1415 686 1454 magistrum
698 1415 772 1445 Rod
787 1437 807 1448 .,
819 1423 919 1453 quem
932 1414 964 1444 in
977 1414 1025 1444 tui
1039 1415 1271 1452 prosecutione

257 1468 381 1507 negotii
396 1468 530 1498 fidelem
542 1467 778 1506 comperimus,
797 1475 896 1505 quem
912 1467 1091 1497 discretum
1109 1467 1181 1497 suis
1197 1475 1272 1497 con-

256 1521 414 1552 sideratis
426 1521 557 1551 actibus
566 1522 760 1559 reputamus
770 1520 890 1555 et‚suis
903 1519 1115 1558 exigentibus
1130 1521 1270 1555 meritis,

256 1583 371 1605 carum
386 1574 559 1608 habemus,
575 1574 615 1604 ad
630 1575 722 1603 tuam
738 1573 954 1611 presentiam,
972 1573 1050 1611 quia
1067 1573 1174 1611 ipsius
1190 1574 1272 1603 redi-

256 1629 311 1658 tus
332 1627 399 1657 tuis
426 1626 576 1656 comodis
600 1626 782 1665 expediens
810 1625 968 1661 creditur,
982 1626 1191 1662 redeuntem,
1216 1627 1270 1656 tue

258 1680 451 1711 celsitudini
469 1680 753 1709 commendamus.
770 1679 810 1708 Et
824 1679 851 1708 si
870 1679 981 1709 forsan
999 1679 1109 1716 ipsum
1122 1679 1175 1709 vel
1187 1679 1270 1708 alios

258 1732 394 1763 nuntios
419 1732 508 1771 apud
527 1732 667 1762 eandem
685 1731 797 1762 sedem
817 1732 847 1761 te
867 1731 988 1761 habere
1006 1731 1194 1769 contigerit,
1215 1740 1271 1761 eos

256 1786 425 1824 gratanter
435 1784 639 1819 videbimus,
655 1785 686 1814 et
699 1784 740 1814 ad
752 1792 812 1814 nos
826 1784 859 1814 in
872 1783 1077 1822 quibuslibet
1093 1784 1160 1814 tuis
1175 1792 1272 1822 nego-

256 1838 313 1869 tiis
331 1838 489 1868 volumus
505 1846 674 1868 recurrere
690 1837 895 1867 confidenter
911 1855 958 1866 —.
977 1837 1100 1867 Datum
1113 1837 1268 1873 Viterbii,

256 1899 302 1921 xv
320 1890 484 1920 kalendas
500 1890 593 1925 maii,
612 1898 698 1920 anno
716 1889 836 1927 primo.
854 1900 869 1916 »

837 2045 964 2077 Vitcrbe,
982 2045 1014 2071 ‘26
1031 2045 1102 2071 avril
1124 2046 1198 2071 1262.

324 2047 373 2079 94

291 2131 407 2163 Jacobo,
426 2132 587 2164 Aragonum
600 2129 672 2164 regi,
688 2129 735 2163 qui
749 2129 784 2155 ad
800 2129 983 2155 tractandam
998 2129 1181 2156 concordiam
1196 2129 1270 2156 inter

255 2179 447 2212 Menti-edum,
474 2177 617 2212 quondam
646 2177 807 2211 principem
832 2177 1033 2211 Tarentinum,
1062 2180 1090 2204 et
1115 2178 1268 2204 ecclesiam

256 2228 427 2258 Romanam,
449 2225 641 2260 personaliter
657 2227 753 2259 partes
770 2234 835 2251 suas
854 2225 1079 2259 interpositurus
1097 2228 1171 2258 erat,
1192 2234 1270 2252 sum-

256 2278 389 2302 motenus
411 2274 546 2309 explanat
562 2273 693 2309 ejusdem
718 2273 857 2300 Mauri-edi
877 2274 1054 2308 multiplices
1077 2282 1110 2301 ac
1128 2275 1267 2309 importn-

256 2324 325 2351 biles
344 2323 557 2357 offensas‚quas
582 2324 682 2349 contra
702 2323 791 2349 Deum
812 2324 841 2349 et
856 2324 982 2349 matrem
1002 2323 1155 2349 ecclesiam
1178 2323 1268 2349 conti-

257 2372 370 2399 nuando
386 2371 571 2406 multiplicat.
589 2371 679 2405 Rogat
692 2372 720 2397 et
735 2370 868 2397 hortatur
879 2378 977 2405 regem
993 2373 1023 2397 ut
1037 2371 1268 2406 suggestionibus

257 2421 383 2448 sinistris
394 2420 455 2455 ejus
469 2420 517 2454 qui
534 2422 685 2454 postquam
694 2419 882 2446 Tarentinum
894 2419 1089 2454 principatum
1105 2420 1268 2452 invasisset,

257 2468 424 2496 Sarracenis
448 2476 476 2495 se
494 2467 691 2503 conjunxisset
712 2470 740 2494 et
757 2468 814 2494 alia
836 2468 968 2494 enormia
986 2468 1192 2501 commisisset,
1217 2477 1268 2496 nec

257 2517 346 2552 ipsius
375 2517 522 2543 fraudibus
543 2524 572 2543 se
594 2516 722 2550 patiatur
750 2516 866 2543 involvi.
891 2517 1014 2543 Demum
1041 2525 1139 2551 regem
1162 2525 1178 2543 a
1202 2525 1267 2544 con-

257 2566 398 2593 trahendo
417 2565 606 2592 matrimonio
622 2564 698 2591 inter
713 2565 940 2599 primogenitum
957 2573 1040 2591 suum
1059 2567 1087 2592 et
1105 2565 1194 2592 filiam
1211 2573 1270 2592 me-

258 2614 364 2641 morati
385 2613 522 2640 Manfredi
539 2613 677 2639 abducere
697 2613 810 2645 nititur,
832 2621 994 2647 proponens
1013 2616 1151 2647 quantam
1173 2614 1268 2640 labem

258 2671 309 2690 suo
325 2662 423 2697 generi
444 2670 479 2688 ex
498 2669 530 2688 eo
546 2661 717 2688 incurreret.
742 2661 816 2695 (llssc.
834 2663 878 2695 26,
901 2661 995 2688 f01.20
1016 2666 1054 2695 νο,
1076 2666 1108 2688 11⁰
1129 2663 1178 2694 923
1201 2663 1267 2688 Por-

257 2720 340 2739 'raAsr
360 2712 469 2744 18283.)

301 2806 315 2820 u
350 2817 370 2824 ..
400 2792 466 2831 reqi
498 2792 675 2830 Araqonum
705 2789 830 2818 illustri.
856 2789 1008 2820 Dilectus
1036 2789 1138 2826 filius,
1169 2790 1270 2820 frater

259 2846 462 2877 Guillelmus
474 2845 514 2874 de
531 2844 690 2878 Pontons,
710 2841 868 2880 magister
884 2841 1002 2872 militie
1022 2842 1153 2880 Templi
1170 2842 1204 2872 in
1221 2851 1269 2873 re-

2301 227 2339 256 29

1330 307 1544 346 templatione
1560 307 1722 338 mittentis
1739 309 1770 338 et
1786 316 1844 337 sue
1862 308 1998 346 insuper
2014 307 2188 346 probitatis
2205 308 2339 338 obtentu

1329 360 2203 399 affectionepaternarecepimus,nostrampreseutiam
2212 361 2337 395 adiens,

1331 413 1389 447 M,
1411 414 1577 452 quondam
1596 413 1756 451 principis
1778 413 1960 448 Tarentini,
1983 413 2136 452 querelas
2157 414 2195 443 de
2218 414 2341 443 duritia

1330 474 1430 504 quam
1448 466 1518 503 ipse
1537 466 1673 504 imponit
1691 466 1827 495 ecclesie
1843 466 2177 501 Romane,confictas,
2197 475 2233 496 ac
2250 467 2339 496 obla-

1331 519 1455 548 tionem
1470 518 1573 557 pacis,
1595 526 1695 556 quam
1711 526 1745 548 se
1761 518 1848 548 idem
1864 518 1908 548 M.
1925 518 2152 558 multipliciter
2167 519 2207 549 ab
2223 520 2338 550 eadem

1331 570 1471 600 ecclesia
1507 570 1684 608 expetiisse
1718 570 1846 605 asserit,
1878 570 2094 608 proculdubio
2135 572 2338 606 simulatam,

1331 624 1511 662 prudenter
1527 623 1692 661 exposuit,
1709 624 1740 653 et
1762 624 1929 661 speratum
1946 625 2000 653 tue
2019 624 2217 654 sinceritatis
2233 634 2268 655 ac
2285 625 2338 654 de-

1334 676 1480 706 votionis
1496 676 1647 706 affectum
1659 676 1699 705 ad
1718 685 1778 705 nos
1793 677 1822 706 et
1839 676 1977 706 eandem
1995 676 2167 706 ecclesiam
2188 677 2283 707 nobis
2309 679 2340 707 et

1333 728 1457 758 nostris
1498 728 1656 758 fratribus
1687 729 1856 758 reseravit.
1885 729 2012 758 Retulit
2044 738 2185 768 namque
2214 730 2338 760 (lictum

1332 781 1376 811 M.
1395 780 1456 810 tibi
1471 789 1529 820 per
1547 790 1625 810 suas
1642 781 1768 811 litteras
1784 782 1815 811 et
1830 782 1965 811 nuntios
1980 783 2124 820 graviter
2140 783 2244 813 fuisse
2263 792 2339 813 con-

1331 835 1497 872 questum,
1508 833 1607 872 quod,
1618 833 1694 863 licet
1703 834 1773 871 ipse
1784 834 1826 864 ad
1838 834 2050 864 obtinendam
2061 836 2149 866 sedi<
2160 836 2339 875 apostolice

1332 887 1473 925 gratiam
1498 886 1618 915 studiis
1642 887 1844 916 continuatis
1867 887 2035 923 institerit,
2058 890 2088 918 et
2110 897 2169 927 per
2183 891 2340 919 tractatus

1333 939 1443 970 varios
1466 939 1544 968 totis
1570 938 1700 968 viribus
1718 939 1886 975 laborarit,
1909 940 2085 980 multiplici
2107 943 2216 973 tamen
2234 943 2341 981 ipsius

1332 991 1489 1021 instantie
1506 991 1660 1029 opposuit
1680 999 1811 1029 semper
1828 992 1917 1030 rigor
1935 993 2071 1023 ecclesie
2087 994 2159 1023 sine
2176 1003 2276 1024 causa
2292 1004 2339 1025 re-

1331 1044 1475 1083 pulsam.
1504 1044 1613 1078 Quare
1630 1043 1717 1073 idem
1742 1052 1777 1074 se
1803 1044 1837 1073 in
1855 1044 1915 1074 hoc
1931 1044 2147 1084 beneplacitis
2163 1047 2230 1076 tuis
2244 1056 2341 1086 expo·

1333 1105 1426 1132 nens,
1445 1096 1550 1134 petiit,
1568 1097 1604 1126 ut
1624 1097 1663 1125 ad
1680 1097 1884 1127 tractandam
1905 1099 2115 1128 concordiam
2130 1099 2337 1138 interipsum

1333 1151 1364 1179 et
1385 1149 1506 1179 dictam
1533 1149 1706 1179 ecclesiam
1736 1149 1963 1188 interponeres
1991 1152 2209 1188 personaliter
2232 1154 2341 1191 partes

1332 1203 1418 1232 tuas.
1433 1201 1486 1232 Ad
1497 1201 1591 1240 cujus
1606 1201 1812 1237 instantiam,
1825 1203 1858 1231 tu
1871 1203 2008 1232 credens
2020 1203 2130 1241 ipsum
2148 1205 2181 1234 in
2193 1206 2341 1235 veritatis

1333 1254 1550 1293 simplicitate
1572 1254 1761 1292 procedere,
1791 1263 1827 1284 ac
1852 1255 2027 1286 intendens
2049 1256 2083 1287 in
2102 1257 2163 1287 hoc
2185 1260 2294 1288 nostra
2310 1261 2340 1289 et

1334 1307 1444 1346 ipsius
1458 1307 1595 1338 ecclesie
1611 1307 1749 1338 comoda
1764 1316 1952 1346 procurare,
1967 1308 2000 1338 id
2016 1311 2046 1339 te
2064 1309 2228 1340 facturum
2246 1311 2343 1341 nobis

1333 1369 1393 1399 per
1417 1360 1571 1391 eumdem
1592 1361 1746 1390 nuntium
1770 1362 1800 1391 et
1823 1361 1952 1391 litteras
1976 1361 2157 1392 liberaliter
2179 1364 2340 1394 obtulisti.

1334 1413 1490 1449 Sane‚fili
1510 1413 1694 1448 carissime,
1709 1415 1798 1443 tuam
1811 1415 2009 1453 tuorumque
2025 1416 2272 1454 progenitorum
2290 1418 2343 1447 de-

1334 1467 1502 1497 votionem
1526 1467 1567 1496 ad
1590 1468 1807 1496 memoratam
1832 1467 2006 1497 ecclesiam
2027 1468 2217 1506 frequenter
2233 1471 2342 1508 operis

1334 1519 1540 1549 exhibitione
1569 1519 1752 1557 probatam,
1780 1519 1919 1549 fratrum
1944 1519 2093 1557 ipsorum
2118 1522 2149 1551 et
2172 1524 2341 1552 communi

1332 1572 1523 1602 testimonio
1554 1572 1722 1607 novimus,
1750 1572 1920 1611 ipsamque
1949 1573 1989 1602 ad
2014 1574 2070 1603 tua
2094 1575 2123 1604 et
2160 1576 2339 1605 eorundem

1332 1625 1579 1664 progenitorum
1596 1625 1683 1663 gesta
1703 1624 1891 1663 magnifica,
1908 1634 1969 1663 que
1983 1626 2023 1655 ad
2040 1627 2272 1657 exaltationem
2289 1629 2340 1658 sui

1334 1678 1492 1712 nominis,
1516 1679 1547 1707 et
1571 1677 1754 1707 Christiani
1779 1677 1887 1707 cultus
1911 1678 2161 1717 ampliationem
2184 1680 2340 1719 dignatus

1333 1732 1381 1761 est
1402 1731 1472 1769 ipse
1489 1739 1641 1760 summus
1658 1730 1769 1768 opifex
1785 1732 1842 1761 tuo
1858 1732 1889 1760 et
1908 1731 2057 1769 ipsorum
2075 1732 2264 1763 ministerio
2278 1735 2339 1764 mi-

1332 1783 1546 1814 sericorditer
1582 1783 1724 1822 operari,
1760 1783 1918 1814 habentes
1947 1784 1982 1814 in
2013 1786 2191 1823 apostolice
2219 1787 2340 1817 mentis

1332 1837 1518 1875 conscripta
1533 1836 1689 1873 sacrario,
1703 1837 1733 1866 et
1747 1836 1834 1866 infra
1842 1837 1984 1875 pectoris
1995 1837 2112 1867 cellam
2126 1839 2340 1869 meditatione

1332 1890 1497 1929 frequenti
1538 1898 1574 1919 ac
1602 1890 1916 1919 commemoratione
1961 1891 2083 1920 celebri
2112 1894 2339 1927 recensentes,

1332 1943 1424 1973 illam
1441 1943 1656 1980 concepimus
1674 1942 1713 1972 de
1729 1943 1784 1972 tua
1800 1942 1975 1973 serenitate
1993 1943 2162 1980 fiduciam,
2180 1945 2240 1974 11οο
2255 1945 2293 1975 de
2308 1947 2339 1975 te

1332 2005 1391 2034 spe
1414 1995 1512 2025 firma
1535 1995 1566 2024 et
1594 1993 1780 2023 indubitata
1804 1994 1967 2029 tenemus,
1996 1995 2083 2033 quod
2100 1996 2148 2025 sic
2171 1997 2252 2027 inte
2277 1998 2338 2027 Dei

1300 2087 1302 2094 ,
1332 2048 1453 2078 caritas
1463 2048 1582 2086 vigeat,
1595 2047 1642 2077 sic
1655 2047 1747 2077 zelus
1758 2047 1877 2077 domus
1889 2048 2026 2077 Domini
2041 2050 2071 2078 te
2088 2050 2241 2084 comedit,
2253 2051 2340 2089 quod

1331 2101 1372 2130 ad
1399 2109 1437 2130 ea
1456 2108 1519 2139 que
1537 2100 1643 2138 ipsius
1662 2099 1865 2130 incrementa
1887 2101 2070 2139 resp1ciunt
2095 2102 2147 2131 vel
2165 2111 2339 2140 procurare

1330 2155 1478 2192 possent,
1508 2154 1563 2183 aut
1593 2162 1791 2183 conservare
1820 2162 2016 2192 prosperum
2043 2156 2163 2185 statum
2196 2156 2279 2194 ejus,
2309 2158 2338 2186 te

1330 2208 1473 2237 libenter
1491 2215 1686 2245 exponereS,
1708 2215 1766 2236 1100
1790 2206 1823 2236 111
1847 2206 1907 2236 hoc
1928 2206 2099 2238 laboribus
2116 2217 2268 2247 parceres
2287 2210 2339 2240 vel

1330 2260 1499 2299 expensis
1527 2259 1591 2290 Sed
1621 2259 1704 2288 illud
1736 2259 1881 2297 profecto
1901 2260 1934 2290 in
1951 2260 2215 2299 admirationem,
2237 2262 2337 2292 110100

1330 2314 1364 2344 in
1381 2315 1560 2352 stuporem.
1572 2312 1816 2351 quodammodo
1838 2321 1899 2342 nos
1918 2313 2055 2349 inducit,
2073 2315 2160 2352 quod
2175 2315 2249 2345 licet
2266 2316 2337 2345 uni-

1330 2366 1438 2397 versis
1462 2365 1578 2396 mundi
1604 2365 1795 2395 nationibus
1817 2366 1924 2404 pateat
1942 2367 2117 2396 memorati
2135 2367 2178 2396 M.
2198 2368 2335 2404 malitia,

1330 2420 1405 2450 licet
1422 2419 1492 2458 ipse
1508 2420 1675 2456 tamquam
1696 2418 1729 2447 in
1745 2418 1909 2448 malorum
1932 2419 2133 2456 profundum
2151 2420 2334 2457 demersus,

1330 2473 1439 2503 Deum
1457 2473 1695 2510 contempnens
1711 2472 1740 2500 et
1758 2470 2025 2509 homines,quasi
2043 2472 2136 2501 frons
2153 2474 2336 2504 meretricis

1298 2561 1299 2564 ,
1329 2525 1415 2555 facta
1432 2525 1476 2554 sit
1489 2525 1531 2560 ei,
1547 2524 1648 2554 nimis
1669 2523 1880 2561 impudenter
1889 2523 1956 2553 fere
1975 2525 2101 2554 cunctis
2116 2526 2337 2563 publicaverit

1330 2578 1545 2608 detestabiles
1570 2578 1661 2607 actus
1687 2585 1776 2609 suos,
1804 2576 1941 2614 ipsaque
1963 2577 2010 2606 rei
2028 2578 2193 2608 evidentia
2210 2579 2335 2614 doceat,

1330 2639 1405 2661 eum
1421 2639 1485 2669 quo
1501 2631 1541 2660 ad
1557 2631 1714 2660 tractatu<
1733 2629 1906 2658 concordie
1924 2629 1954 2658 111
1972 2629 2127 2660 falsitatis
2142 2631 2336 2669 duplicitate

1329 2684 1506 2722 procedere
1526 2692 1562 2712 ac
1587 2683 1619 2712 in
1644 2682 1741 2712 corde
1763 2683 1794 2711 et
1812 2681 1908 2711 corde
1934 2683 2089 2721 prosequi
2108 2683 2209 2714 immo
2227 2685 2335 2715 solum

1329 2737 1482 2775 proloqui
1511 2736 1613 2766 verba
1638 2735 1747 2773 pa‹·is;
1776 2734 1854 2772 quia
1877 2736 1988 2765 tamen
2014 2737 2224 2774 providentia
2246 2739 2337 2777 regia

1330 2789 1402 2827 ejus·
1436 2788 1707 2828 suggestionibus
1732 2787 1953 2818 fraudulentis
1977 2791 2186 2828 aureS‚quod
2212 2800 2253 2821 ex
2280 2794 2336 2822 tua

1330 2842 1444 2872 forsan
1453 2842 1594 2881 puritate
1606 2840 1929 2879 procedit‚inclinare
1939 2841 2082 2877 videtur,
2098 2843 2338 2881 cogimini-‚licet

257 2900 333 2939 gnis
348 2899 425 2935 tuis,
443 2897 580 2928 nuntius
595 2897 686 2931 tuus,
702 2894 754 2925 vir
771 2894 885 2933 utique
898 2895 1070 2933 providus,
1084 2904 1181 2934 quem
1193 2904 1268 2926 con-
1297 2901 1301 2922 1
1330 2895 1558 2933 inviti,aliqua
1573 2894 1612 2924 de
1625 2893 1955 2924 abhominationibus
1970 2895 2041 2924 suis
2055 2896 2085 2926 et
2094 2896 2336 2935 multiplicibus
