2547 3289
1062 283 1297 321 PREMIERE
1320 284 1486 322 ANNEE.
2284 298 2323 326 22⁰»

233 372 470 403 —fraternitati
486 373 540 402 tue
557 372 597 402 de
613 380 678 410 qua
694 371 791 410 plene
811 371 1024 408 confidimus,
1043 381 1101 410 per
1117 373 1246 411 aposto-

232 430 296 461 lica
315 429 438 469 scr1pta
456 430 491 460 in
506 429 627 459 virtute
647 428 835 459 obedientie
857 430 1006 460 districte
1031 430 1246 469 precipiendo
1275 443 1277 447 >

233 483 431 513 mandamus
448 483 611 521 quatenus
640 482 807 521 prefatum
832 482 978 512 nobilem
997 483 1189 521 (Ray-ualdum
1212 487 1246 513 de

231 536 352 573 Genua.)
375 535 416 565 ad
432 537 523 565 tuam
546 534 750 574 presentiam
772 544 910 566 evocare
935 544 1092 574 procures
1114 537 1145 566 et
1173 536 1245 566 sive

232 590 421 628 compareat
441 589 512 619 sive
529 597 606 623 non,
626 589 660 618 in
676 588 748 619 1000
768 589 915 627 1111111100,
933 589 1144 628 presentibus
1161 589 1244 619 viris

231 641 374 675 idoneis,
394 649 478 679 quos
502 641 544 671 ad
561 641 623 671 hoc
646 641 772 671 videris
789 641 1009 676 adhibendos,
1027 641 1245 680 solempniter

231 694 263 724 et
278 702 434 732 expresse
454 694 603 724 inhibere
626 694 762 724 studeas
788 703 828 724 ne
847 693 935 724 idem
956 694 1079 724 nobilis
1097 696 1243 724 castrum

233 748 279 784 (de
295 749 405 783 Trebis)
431 756 491 777 seu
517 747 581 777 alia
606 747 753 786 predicta
778 747 831 777 vel
856 755 971 777 eorum
1002 746 1130 785 aliquid
1163 756 1242 785 quo-

229 799 411 830 modolibet
432 799 615 830 distrahere
632 799 685 830 vel
700 799 845 829 alienare
860 800 1042 837 presumat,
1060 799 1242 828 decernens

229 853 422 883 auctoritate
448 854 562 883 nostra
586 853 718 882 irritum
743 853 774 881 et
797 852 908 886 inane,
921 851 949 881 si
970 859 1066 880 secus
1082 851 1242 880 hactenus

228 907 459 945 attemptatum
484 907 534 936 est
560 914 619 936 seu
643 905 818 943 contigerit
840 905 1038 943 attemptari,
1053 912 1089 934 ac
1116 904 1241 934 faciens

228 959 468 989 nichilominus
480 959 521 988 acl
533 959 692 997 maj0rem
705 958 753 988 rei
769 957 971 987 evidentiam
985 957 1058 987 fieri
1069 966 1170 996 super
1180 957 1240 987 1100

226 1011 397 1050 publicum
410 1011 681 1041 instrumentum.
692 1010 789 1046 Quod
796 1012 905 1041 autem
919 1010 1038 1040 exinde
1049 1010 1239 1040 faciendum

226 1064 373 1100 duxeris,
388 1064 522 1093 studeas
540 1064 636 1093 nobis
647 1063 714 1093 tuis
729 1063 850 1093 litteris
864 1063 983 1093 harum
999 1063 1120 1093 seriem
1136 1064 1239 1094 conti-

224 1117 381 1147 nentibus
405 1117 548 1147 fideliter
572 1117 737 1151 intimare,
763 1117 807 1146 ita
832 1118 868 1147 ut
891 1125 933 1147 ex
957 1116 1039 1155 ipsis
1067 1117 1255 1147 evidenter*

222 1169 392 1208 possimus
408 1170 579 1200 advertere
597 1169 731 1208 qualem
747 1170 778 1199 et
795 1170 953 1208 quantam
975 1169 1237 1201 sollicitudinem

223 1222 416 1253 adhibueris
439 1223 473 1252 in
494 1223 680 1261 premissis.
700 1223 823 1253 Datum
840 1222 997 1258 Viterbii,
1016 1223 1092 1253 idus
1110 1224 1234 1261 martii,

223 1284 309 1307 anno
324 1276 444 1314 primo.
463 1288 476 1303 n

808 1459 932 1491 Viterbe,
950 1461 964 1486 5
983 1468 1061 1486 mars
1082 1460 1158 1486 1262.

286 1461 334 1491 80

254 1543 487 1577 Assignationem
514 1545 631 1569 centum
659 1544 687 1569 et
715 1542 926 1578 qninquaginta
950 1543 1116 1570 liutitiorum
1147 1543 1229 1577 grani

218 1592 394 1618 monasterio
408 1600 430 1618 3.
445 1592 520 1618 Petri
533 1592 565 1618 de
579 1592 657 1626 Ripis
669 1600 755 1626 prope
767 1592 971 1626 Pampilonam
986 1601 1002 1619 a
1014 1593 1230 1627 Pampilonensi

218 1641 349 1676 episcopo
366 1640 485 1674 factam,
503 1641 664 1667 confirmat.
684 1641 762 1676 (Rae.
781 1642 826 1674 ²26,
844 1641 892 1668 sol.
917 1642 959 1674 18,
978 1650 1010 1668 110
1027 1642 1085 1669 78.)

260 1754 275 1769 (t
295 1767 316 1772 ..
335 1743 480 1782 priorisse
497 1748 524 1772 el
549 1743 706 1772 conventui
730 1744 945 1773 monasteriis.
970 1744 1057 1773 Petri
1083 1744 1119 1774 (Ie
1141 1745 1228 1784 Ripis

215 1805 311 1835 prope
333 1795 557 1835 Pampilomzm,
583 1795 697 1825 ordinis
718 1806 740 1826 s.
764 1797 941 1835 ,zlzzquscimx
964 1797 1091 1827 Meritis
1121 1800 1228 1829 vestre

215 1849 389 1887 religionis
406 1866 445 1878 —.
456 1850 542 1880 Sane
559 1849 673 1887 petitio
687 1851 796 1880 vestra
812 1850 909 1880 nobis
921 1850 1069 1880 exhibita
1082 1852 1226 1882 contine-

215 1902 270 1932 bat
294 1902 382 1941 quod
401 1902 603 1933 venerabilis
628 1902 728 1932 frater
750 1904 863 1933 noster
891 1927 911 1933 ..
934 1903 1110 1942 episcopus
1129 1905 1225 1935 Pam-

213 1955 615 1994 pilonensis,tenuitatem
634 1956 821 1986 reddituum
841 1958 872 1986 et
887 1957 1140 1995 possessionum
1157 1967 1225 1988 mo—

214 2008 352 2038 nasterii
367 2007 468 2038 vestri
480 2008 656 2046 diligenter
667 2009 851 2042 attendens,
869 2008 965 2039 vobis
978 2010 1009 2039 et
1024 2011 1226 2041 monasterio

213 2062 323 2091 vestro
342 2062 474 2091 centum
492 2062 523 2091 et
538 2061 781 2099 quinquaginta
796 2061 911 2092 kafitia
928 2062 1028 2092 tritici
1040 2063 1080 2092 ad
1093 2071 1226 2093 mensu-

213 2122 284 2144 ram
308 2114 603 2152 Pampilonensem
628 2114 718 2144 dedit
742 2116 773 2144 et
801 2115 986 2153 assignavit
1019 2117 1191 2146 annuatim
1208 2126 1226 2146 a

213 2167 310 2197 vobis
322 2167 357 2197 in
368 2169 566 2206 perpetuum
579 2167 791 2206 percipienda
804 2169 839 2198 in
850 2168 1051 2199 molendinis
1063 2178 1126 2207 que
1138 2169 1226 2200 idem

212 2220 389 2259 episcopus
401 2221 497 2259 juxta
512 2220 699 2259 predictum
718 2221 960 2251 monasterium
980 2222 1010 2251 et
1027 2230 1128 2260 prope
1145 2222 1225 2252 civi-

212 2275 312 2304 tatem
335 2274 569 2312 Pampilonam
588 2274 736 2304 noscitur
752 2273 913 2309 obtinere,
931 2276 1029 2313 prout
1046 2275 1079 2305 in
1103 2275 1226 2305 instru—

214 2328 323 2357 mento
347 2327 481 2366 publico
510 2326 586 2357 inde
614 2327 776 2363 confecto,
805 2327 950 2365 sigillato
980 2327 1090 2365 sigillo
1120 2328 1226 2366 ipsius

213 2379 519 2418 episcopi‚plenius
535 2380 815 2410 continetur.Nos
834 2380 943 2418 itaque
962 2380 1083 2410 vestris
1101 2381 1225 2419 suppli-

213 2433 401 2463 cationibus
418 2433 567 2463 inclinati
583 2433 671 2471 quod
689 2442 790 2471 super
805 2433 867 2463 1100
883 2433 923 2463 ab
940 2433 1055 2464 eodem
1072 2433 1226 2472 episeopo

212 2486 336 2516 factum
358 2487 418 2521 est,
448 2487 556 2516 ratum
580 2486 612 2516 et
635 2486 770 2515 firmum
791 2486 951 2516 habentes
976 2487 1007 2516 et
1031 2487 1225 2525 supplentes

213 2538 378 2568 defectum
394 2537 423 2567 si
439 2537 514 2575 quis
533 2538 567 2567 in
583 2538 644 2568 hoc
666 2538 789 2573 suit‚de
812 2538 993 2576 apostolice
1016 2539 1225 2577 plenitudine

213 2590 446 2630 potestatisid,
459 2591 639 2621 dummodo
656 2591 927 2629 Pampilonensis
942 2591 1081 2621 00010310
1094 2601 1151 2630 per
1164 2592 1225 2622 hoc

213 2644 394 2674 enormiter
411 2652 476 2673 non
492 2643 631 2678 radatur,
648 2644 840 2674 auctoritate
858 2644 1040 2682 apostolica
1053 2645 1226 2674 confirma-

215 2706 301 2732 mus,
317 2698 391 2731 etc.‚
409 2705 515 2735 usque
528 2696 786 2727 communimus.
803 2697 968 2727 Tenorem
983 2697 1091 2735 ipsius
1105 2698 1227 2728 instru-

215 2751 317 2781 menti
327 2751 366 2780 de
378 2750 479 2781 verbo
496 2749 685 2780 adverbum
700 2749 912 2788 presentibus
929 2750 1032 2780 inseri
1048 2750 1224 2788 facientes,

216 2804 274 2843 qui
288 2804 365 2834 talis
381 2804 430 2834 est
447 2813 453 2832 :

257 2868 273 2884 «
293 2857 342 2891 P..
361 2856 550 2886 miseratione
565 2855 668 2885 divina
691 2855 932 2895 Pampilonensis
952 2855 1120 2895 episcopus,
1137 2866 1227 2886 vene-

217 2909 363 2939 rabilibus
379 2915 405 2939 01
427 2908 590 2939 carissimis
614 2908 647 2937 in
676 2907 797 2938 Christo
822 2907 945 2946 filiabus
976 2931 995 2938 ..
1025 2909 1170 2947 priorisse
1199 2914 1226 2939 ec

218 2962 369 2992 sororibus
406 2961 583 2992 monasterii
603 2971 627 2991 s.
657 2961 744 2990 Petri
769 2970 862 3000 super
891 2960 978 3000 Ripc's
1008 2971 1102 3000 prope
1136 2961 1228 2991 Pam-

364 3011 508 3039 Uaenn
528 3010 581 3043 IV,
595 3012 617 3038 t.
635 3009 673 3036 Il.
694 3011 756 3043 Req.
775 3009 835 3036 ord.

1302 373 1488 412 pitonam'zz'n
1512 379 1705 413 perpetuum.
1724 375 1871 405 Maxima
1889 377 1938 406 est
1955 385 2055 408 causa
2078 386 2141 416 (1110
2171 387 2229 416 pro
2247 380 2320 409 reli<

1306 425 1504 464 gioneIfacit
1527 428 1558 457 et
1584 427 1657 458 ideo
1681 428 1833 459 tenemur
1859 437 1932 459 eam
1956 430 2106 468 plantare
2133 431 2164 460 et
2188 431 2318 470 planta—

1304 478 1371 507 tam
1390 479 1515 509 fovere.
1543 479 1630 510 Hinc
1646 482 1695 510 est
1714 481 1801 519 quod
1817 490 1892 511 cum
1914 483 2057 521 quedam
2078 492 2210 514 sorores
2231 485 2319 523 apud

1305 531 1473 570 Baraynin
1490 531 1627 563 honeste
1644 533 1804 569 viverent,
1823 543 1878 564 eas
1899 536 1961 565 sul>
1983 537 2186 574 protectione
2206 539 2319 568 nostra

1304 584 1492 622 recepimus
1515 586 1545 614 et
1570 586 1831 624 approbavimus
1852 587 1954 616 vitam
1974 589 2005 617 et
2028 589 2316 619 conversationem

1304 636 1506 675 ipsaru1n‚et
1519 638 1769 676 assignavimus
1781 640 1906 670 eisdem
1918 640 2069 670 ordinem
2082 641 2152 671 sive
2166 642 2316 680 regulam

1304 688 1536 727 b.Augustini,
1555 690 1589 720 in
1605 700 1670 729 qua
1684 692 1829 722 Domino
1846 693 2064 729 deservirent,
2077 695 2108 723 et
2127 693 2316 725 habuerunt

1304 741 1401 771 nobis
1413 743 1670 780 procurantibus
1685 744 1853 782 quandam
1869 745 2006 775 domuin
2024 755 2124 785 prope
2140 747 2315 786 Aceyllam

1303 793 1388 823 circa
1404 795 1541 824 stratam
1558 795 1726 833 publicam
1743 797 1774 826 b.
1790 797 1906 827 Jacobi
1925 798 1966 827 ad
1982 799 2221 830 monasterium
2238 809 2314 830 con-

1302 847 1508 876 struendum.
1525 847 1742 878 Postmodum
1759 849 1913 879 dedimus
1927 851 1975 880 eis
1992 852 2177 888 ecclesiam,
2196 853 2314 884 domos

1301 899 1333 927 et
1350 898 1490 937 aliaque
1508 901 1585 930 sunt
1606 901 1692 939 apud
1708 901 1893 939 predictum
1912 905 2150 934 monasterium
2168 914 2195 936 s.
2220 906 2313 937 Petri

1301 960 1402 990 super
1416 952 1525 990 Ripis.
1543 953 1640 983 Nunc
1657 955 1767 984 autem
1788 954 1935 992 predicta
1953 956 2115 994 priorissa
2136 960 2166 987 et
2181 967 2312 989 sorores

1299 1007 1545 1043 proposuerunt
1557 1015 1667 1036 coram
1677 1007 1786 1043 nobis,
1797 1008 1885 1046 quod
1895 1010 2029 1047 propter
2038 1011 2243 1041 sterilitatem
2258 1021 2311 1042 an-

1300 1066 1419 1088 norum
1435 1059 1679 1090 transactorum
1698 1061 1728 1090 et
1752 1062 1887 1099 propter
1908 1062 2108 1100 pam-itatem
2123 1065 2311 1102 posse<si‹›-

1299 1119 1378 1140 num
1390 1120 1455 1142 non
1467 1112 1726 1151 babebanffiunde
1738 1114 1887 1144 vaierent
1895 1116 2086 1151 sustentari,
2096 1118 2126 1146 et
2140 1117 2199 1147 boc
2211 1118 2311 1147 etiam

1299 1164 1395 1194 nobis
1422 1165 1570 1195 constitit
1589 1166 1770 1196 evidenter.
1796 1167 1892 1198 Unde
1915 1177 1976 1198 nos
1999 1170 2203 1199 attendentes
2223 1171 2311 1208 quod

1298 1217 1403 1247 nichil
1429 1218 1576 1248 creditur
1598 1227 1670 1249 esse
1697 1221 1807 1249 actum
1831 1220 1911 1250 dum
1939 1221 2065 1260 aliquid
2092 1226 2239 1261 superest
2269 1224 2310 1253 ad

1296 1271 1474 1309 agendum,
1502 1271 1710 1301 attendentes
1731 1272 1831 1302 etiam
1853 1273 1941 1311 quod
1968 1274 2124 1304 nobilitas
2141 1275 2224 1305 hanc
2244 1276 2309 1306 sibi

1295 1324 1538 1361 quodammodo
1559 1324 1665 1363 Iegem
1682 1325 1823 1363 imponit
1838 1327 1872 1356 ut
1888 1327 2007 1357 debere
2030 1336 2064 1357 se
2083 1329 2171 1366 quod
2189 1331 2306 1367 sponte

1294 1377 1422 1412 tribuit,
1433 1378 1578 1413 extimet,
1592 1379 1622 1408 et
1639 1378 1704 1408 nisi
1718 1379 1751 1408 in
1767 1379 1939 1410 beneficiis
1955 1381 2026 1410 suis
2041 1383 2236 1418 excreverit,
2249 1383 2303 1413 nr

1294 1429 1362 1460 chil
1377 1439 1409 1459 se
1427 1431 1611 1469 prestitisse
1624 1432 1727 1470 putet,
1741 1432 1904 1471 damusin
1916 1435 2112 1472 perpetuum
2127 1435 2224 1464 annis
2241 1435 2307 1465 sin-

1293 1483 1381 1521 gulis
1400 1484 1558 1522 predictis
1577 1484 1738 1522 priorisse
1761 1486 1792 1515 et
1816 1486 1987 1516 sororibus
2006 1488 2038 1517 et
2054 1489 2306 1518 successoribus

1293 1536 1473 1566 earundem
1485 1537 1515 1566 et
1526 1545 1585 1574 per
1599 1545 1654 1566 eas
1671 1538 1873 1567 monasterio
1889 1539 2052 1569 antedicto
2064 1542 2196 1570 centum
2212 1541 2305 1579 quin-

1292 1588 1450 1627 quaginta
1466 1588 1580 1619 kafitia
1597 1589 1695 1619 tritici
1711 1598 1866 1621 mensure
1884 1591 2207 1630 Pampilonensis‚et
2222 1594 2304 1624 assi-

1292 1649 1433 1679 gnamus
1460 1641 1546 1672 dicta
1571 1641 1685 1671 katitia
1710 1642 1744 1671 in
1772 1643 1894 1672 nostris
1919 1644 2122 1674 molendinis
2143 1654 2205 1683 que
2225 1647 2301 1675 sunt

1292 1694 1378 1723 circa
1404 1694 1588 1732 predictum
1607 1695 1845 1725 monasterium
1865 1697 1896 1725 01
1914 1696 1948 1726 in
1965 1696 2040 1726 aliis
2061 1707 2123 1736 que
2141 1698 2303 1728 babemus

1292 1747 1501 1785 Pampilone,
1528 1747 1676 1777 volentes
1703 1750 1738 1778 111
1767 1757 1805 1778 ea
1832 1749 1993 1788 recipiant
2016 1751 2046 1780 et
2069 1751 2210 1781 habeant
2229 1752 2301 1782 sine

1291 1799 1480 1838 sumptibus
1493 1800 1662 1838 aliquibus
1674 1801 1709 1830 in
1723 1801 1924 1832 molendinis
1938 1805 2140 1833 memoratis.
2156 1805 2195 1834 In
2207 1804 2301 1843 cujus

1290 1853 1338 1882 rei
1363 1853 1559 1891 perpetuum
1577 1853 1806 1883 testimonium
1829 1857 2000 1893 presentes
2019 1856 2145 1886 litteras
2171 1858 2301 1887 nostras

1289 1905 1495 1944 patentesieis
1510 1906 1673 1935 tradimus
1685 1906 1787 1945 sigilli
1804 1908 1908 1937 nostri
1920 1908 2105 1938 munimine
2118 1910 2300 1945 roboratas,

1289 1960 1320 1988 et
1330 1959 1529 1988 mandamns
1540 1959 1572 1987 P.
1583 1958 1709 1993 0111011,
1720 1960 1839 1989 rectori
1851 1961 1987 1991 ecclesie
1999 1961 2037 1991 de
2048 1962 2162 1996 Olave,
2175 1963 2302 1993 notario

1288 2011 1420 2050 publico
1432 2012 1579 2050 etJurato
1596 2013 1817 2050 nostro,quod
1833 2022 1934 2051 super
1949 2013 2009 2044 hoc
2022 2015 2194 2052 publicum
2207 2015 2304 2045 saciat

1288 2065 1560 2094 instrumentum.
1574 2064 1615 2094 Et
1623 2073 1681 2103 ego
1694 2065 1733 2094 P.
1745 2065 1874 2102 Orticii,
1888 2068 2140 2098 rectorecclesie
2153 2069 2191 2098 de
2201 2069 2304 2099 Olave

1288 2117 1439 2147 notarius
1463 2117 1618 2156 publicus
1643 2119 1675 2147 et
1695 2118 1826 2156 juratus
1855 2120 2038 2157 predictus,
2066 2121 2122 2159 (1111
2149 2121 2305 2152 omnibus

1287 2169 1444 2210 predictis
1458 2169 1650 2204 interfui,de
1663 2171 1818 2201 mandato
1830 2173 2005 2202 memorati
2018 2173 2145 2203 domini
2155 2174 2303 2213 episcopi

1287 2231 1425 2262 presens
1450 2222 1711 2253 instrumentum
1731 2232 1833 2254 manu
1850 2226 1985 2263 propria
2001 2226 2119 2264 scripsi
2138 2228 2168 2256 et
2184 2227 2245 2257 hoe
2262 2228 2304 2257 si-

1288 2284 1391 2315 gnum
1406 2284 1518 2305 meum
1545 2276 1715 2306 assuetum
1740 2276 1803 2306 1001
1832 2277 1865 2307 111
1888 2278 2118 2308 testimonium
2149 2280 2300 2309 omnium

1288 2329 1539 2369 premissorum.
1559 2329 1681 2358 Datum
1704 2338 1761 2358 XVI
1786 2330 1948 2360 kalendas
1965 2332 2124 2370 januarii,
2141 2342 2230 2363 anno
2248 2333 2304 2362 do-

1289 2383 1373 2412 mini
1389 2382 1582 2412 M⁰CC⁰LX.
1593 2382 1674 2421 Ego,
1687 2382 1788 2412 frater
1806 2383 1849 2412 M.
1868 2384 1907 2413 de
1923 2385 2076 2419 Zavalza,
2092 2385 2220 2415 ordinis
2235 2386 2299 2415 sra-

1288 2437 1376 2465 trum
1396 2435 1658 2471 Predicatorum,
1687 2435 1772 2465 dicte
1785 2435 1955 2466 donationi
1983 2437 2117 2467 interfui
2143 2439 2173 2467 et
2196 2447 2299 2468 manu

1289 2488 1424 2527 propria
1434 2487 1631 2526 subscripsi.
1643 2487 1721 2526 Ego.
1734 2487 1835 2518 frater
1843 2488 2006 2519 Martinus
2023 2490 2162 2524 Enrieti,
2173 2491 2300 2521 ordinis

1288 2541 1552 2575 Predicatorum,
1568 2540 1725 2578 predictis
1743 2541 1878 2571 interfui
1896 2543 2070 2580 etpropria
2086 2551 2185 2573 manu
2204 2544 2298 2573 subs-

1289 2594 1401 2633 cripsi.
1413 2594 1492 2632 Ego,
1506 2593 1651 2629 P.Petri,
1670 2593 1824 2623 officialis
1844 2594 2129 2633 Pampilonensis,
2140 2596 2298 2634 predictis

1289 2647 1426 2677 interfui
1442 2647 1472 2676 et
1487 2646 1620 2684 propria
1636 2654 1737 2676 manu
1756 2646 1940 2677 subscribo.
1951 2647 2033 2685 Ego,
2050 2648 2250 2679 Dominicus
2264 2649 2305 2679 de

1289 2699 1477 2738 Ezquirest,
1486 2698 1648 2737 presbiter
1658 2698 1941 2737 Pampilonensis,
1952 2701 2110 2739 predictis
2121 2701 2256 2732 interfui
2273 2703 2305 2732 et

1290 2752 1424 2792 propria
1435 2760 1537 2781 manu
1549 2751 1742 2789 subscripsi.
1757 2752 2013 2790 Ego‚Arnaldus
2026 2754 2143 2784 Murde
2157 2755 2196 2784 de
2209 2755 2307 2784 Pam-

1291 2805 1402 2844 pilone
1432 2804 1588 2843 predictis
1619 2804 1766 2834 interfui.
1797 2805 1878 2843 Ego,
1894 2805 2099 2836 Johannetos
2127 2807 2167 2837 de
2194 2807 2305 2846 Burgo

1293 2857 1490 2896 Pampilone
1519 2857 1676 2896 predictis
1702 2857 1839 2887 interfui
1865 2859 1897 2888 et
1920 2859 2056 2898 propria
2080 2868 2183 2890 manu
2207 2861 2304 2891 subs-

1294 2910 1414 2949 crepsi.
1431 2910 1513 2948 Ego,
1529 2909 1667 2939 M.Petri
1684 2910 1723 2939 de
1740 2910 1851 2940 Zuazu
1865 2911 2023 2950 predictis
2036 2912 2173 2943 interfui
2189 2915 2218 2943 et
2236 2923 2309 2952 pro-

1295 2963 1369 3002 pria
1382 2971 1484 2993 manu
1494 2961 1690 3000 subscripsi.
1708 2962 1963 3001 Ego‚Martinus
1979 2965 2129 2995 Bonisazi
2143 2966 2182 2996 de
2196 2967 2307 3006 Burg.)

2154 3015 2171 3040 4-
