2547 3289
1049 249 1288 287 TROlSlEME
1312 249 1473 286 ANNEE.

211 349 296 378 quos
313 341 429 371 adhoc
441 341 592 379 ydoneos
603 349 677 370 esse
691 339 900 378 cognoveris,
916 338 1223 377 p1·opoue11s‚juxta

211 393 324 423 datam
343 393 436 423 tibia
448 394 518 423 Deo
532 393 758 432 prudentiam,
771 400 828 430 per
845 392 1056 426 Pernsinam,
1068 391 1222 421 Tuderti-

211 454 288 476 naiu
306 448 337 476 et
356 447 585 477 Assisinatem
608 446 763 476 civitates
782 446 813 475 et
830 445 982 474 dioceses
1001 444 1127 474 Christi
1148 444 1224 473 tide—

210 498 302 528 libus
318 499 459 530 verbum
471 499 600 535 Crucis,
616 508 673 529 eos
691 500 726 529 ut
744 500 859 528 contra
871 498 1084 528 Manfreduin
1102 499 1131 527 et
1150 498 1224 527 Sar-

210 561 351 582 racenos
377 553 548 591 predictos
583 560 767 590 eorumque
800 551 982 589 complices
1013 552 1043 580 et
1077 551 1224 580 fautores

209 606 384 644 tamquam
416 607 532 635 contra
561 605 670 643 ipsius
698 604 812 634 hostes
842 603 918 633 fidei
948 604 1083 642 signum
1116 603 1225 633 crucis

211 659 398 692 assumant,
418 660 449 688 et
471 657 582 696 posito
604 666 678 687 cum
704 657 820 695 Moyse
843 656 955 695 gladio
977 665 1079 694 supra
1104 656 1224 690 femur,

212 710 245 739 in
265 712 419 740 nostrum
446 712 477 740 et
494 710 603 748 ipsius
623 709 763 739 ecclesie
781 709 947 738 auxilium
964 708 1109 738 viriliter
1128 717 1224 737 exur-

209 765 338 802 gentes,
351 763 391 792 ad
401 762 640 793 conterendam
652 761 1032 801 ipsoruniinsolentiam
1049 763 1079 791 et
1096 763 1224 799 pestem
1254 760 1255 763 ’

210 818 278 849 tam
309 816 446 846 noxiam
475 816 514 846 de
551 816 653 845 terris
683 815 792 853 ipsius
821 815 962 845 ecclesie
995 814 1224 852 repellendam

210 868 339 907 absque
362 869 519 898 tarditate
548 868 741 906 procedant,
762 868 900 897 studeas
925 867 1054 897 sedulis
1073 867 1223 902 monitis,

211 924 243 952 et
257 921 423 952 studiosis
436 920 691 951 inductionibus
704 920 887 951 exhortari.
905 921 976 950 Nos
994 929 1083 958 ergo,
1102 920 1141 949 de
1156 929 1225 949 om-

209 974 394 1013 nipotentis
410 974 474 1004 Dei
486 973 721 1004 misericordia
734 974 765 1002 et
783 972 958 1003 beatorum
968 973 1060 1002 Petri
1071 974 1103 1002 et
1114 972 1223 1007 Pauli,

209 1027 442 1065 apostolorum
461 1027 546 1065 ejus,
569 1026 767 1056 auctoritate
787 1026 917 1061 contisi,
934 1028 965 1056 et
983 1034 1025 1055 ex
1044 1025 1103 1055 illa
1123 1034 1223 1064 quam

209 1080 320 1116 nobis,
334 1080 412 1110 licet
430 1080 591 1118 indignis,
606 1079 698 1109 Deus
714 1079 842 1118 ligandi
861 1081 960 1117 atque
978 1078 1131 1108 solvendi
1147 1087 1222 1108 con-

209 1133 288 1163 tulit
313 1135 491 1172 potestate,
517 1132 675 1163 omnibus
691 1133 749 1171 qui
765 1132 862 1162 uobis
881 1134 912 1162 et
931 1132 997 1170 ipsi
1016 1132 1168 1167 ecclesie,
1190 1131 1223 1160 in

209 1186 370 1216 instantis
383 1187 617 1225 prosecutione
629 1186 767 1225 negotii,
782 1188 898 1215 contra
915 1185 1129 1215 Manfredum
1147 1185 1222 1214 sar-

209 1248 416 1278 racenosque
432 1240 613 1278 predictos,
630 1247 814 1277 eorumque
827 1238 1009 1276 complices
1028 1239 1059 1268 et
1075 1238 1224 1268 fautores

208 1292 329 1323 efficax
351 1293 383 1322 in
410 1293 566 1330 personis
595 1293 648 1322 vel
677 1292 776 1322 bonis
800 1291 960 1330 juvamen
984 1291 1222 1330 impenderint,

208 1346 303 1376 illam
329 1354 469 1375 suorum
496 1346 728 1384 peccaminum
755 1345 794 1375 de
820 1344 944 1383 quibus
967 1345 1064 1374 corde
1087 1345 1222 1374 contriti

209 1400 241 1428 et
260 1408 316 1429 ore
335 1398 481 1428 confessi
504 1399 642 1432 fuerint,
666 1399 798 1429 veniam
817 1398 1043 1437 indulgemus,
1063 1398 1223 1437 ipsosque

208 1451 268 1482 illo
294 1452 474 1491 privilegio
500 1460 604 1491 eaque
635 1451 792 1481 volumus
821 1452 1034 1482 immunitate
1065 1451 1222 1490 gaudere,

209 1513 274 1543 que
290 1505 393 1535 Terre
407 1505 526 1535 Sancte
544 1504 824 1535 subvenientibus
850 1505 884 1534 in
909 1505 1057 1543 generali
1081 1504 1224 1534 concilio

210 1558 288 1587 sunt
306 1566 477 1588 concessa.
495 1558 621 1588 Datum
637 1558 725 1596 apud
737 1556 1025 1592 Urhemveterem,
1045 1558 1121 1587 idus
1133 1557 1222 1596 julii,

211 1620 297 1641 anno
315 1611 385 1641 1110.
407 1621 423 1640 »

251 1721 287 1750 In
315 1721 459 1751 eundem
488 1721 624 1750 moduni
659 1721 756 1750 fratri
789 1722 842 1757 A„
874 1720 1015 1750 basilice
1046 1721 1224 1750 duodecim

208 1774 442 1813 apostolorum
464 1774 664 1813 presbytero
682 1774 858 1804 cardinali.
881 1774 1011 1804 Clamat
1035 1776 1095 1804 etc.
1117 1783 1223 1813 usque

206 1835 266 1866 per
292 1827 503 1857 Narnienses
533 1827 704 1857 civitatem
728 1829 759 1857 et
788 1827 950 1857 diocesim
972 1829 1032 1857 etc.
1063 1827 1223 1865 usquein

207 1880 321 1911 finem.

246 1934 284 1964 In
302 1933 447 1963 eundem
465 1933 603 1964 modum
616 1933 673 1967 M.‚
692 1935 805 1963 sancte
822 1933 927 1963 Marie
946 1933 980 1963 iu
999 1933 1135 1963 Porticu
1155 1933 1224 1963 dia-

180 1991 183 1994 *
206 1995 289 2017 cono
304 1987 480 2017 cardinali.
502 1986 633 2017 Clamat
650 1988 711 2017 etc.
733 1995 839 2025 usque
855 1995 913 2025 per
927 1987 1126 2025 Spoletanas
1143 1987 1221 2016 civi-

203 2041 310 2070 tatem
327 2042 359 2070 et
375 2040 540 2070 diocesim
557 2040 618 2070 etc.
630 2048 745 2078 vusque
762 2039 795 2069 in
814 2040 925 2070 finem.
951 2051 964 2066 »

299 2214 369 2245 861

767 2212 891 2245 Orvieto,
909 2214 942 2239 20
957 2212 1051 2247 juillet
1075 2212 1151 2239 12o4.

242 2296 382 2331 Episcopo
399 2297 528 2323 Cumano
546 2297 663 2323 mandat
683 2298 844 2323 revertatur
865 2297 894 2323 in
918 2297 1056 2324 diocesim
1077 2305 1171 2331 suam,
1189 2298 1224 2323 ad

206 2346 321 2372 curiam
342 2346 502 2372 Romanam
520 2345 663 2371 rediturus
682 2345 756 2372 infra
771 2345 877 2372 festum
890 2346 917 2373 b.
937 2346 1060 2372 Martini.
1080 2346 1157 2378 (Risu.
1179 2348 1222 2375 28,

210 2394 259 2421 sol.
280 2394 337 2425 118,
354 2401 414 2421 cur.
431 2401 498 2420 ann.
514 2393 561 2423 111,
581 2398 612 2419 n⁰
629 2394 705 2425 1147.)

251 2514 264 2530 a
287 2528 314 2534 ..
340 2503 481 2543 episcopo
502 2502 649 2533 Cumano.
677 2503 762 2538 Quia
790 2502 903 2534 dilecti
926 2503 987 2532 lilii
1007 2528 1012 2533 .
1031 2527 1035 2531 .
1060 2504 1222 2542 potestas,
1254 2536 1255 2541 ¹

210 2556 392 2587 consilium
408 2557 440 2586 et
458 2564 634 2585 commune
652 2555 826 2585 Mantuani
843 2563 902 2593 per
926 2563 1006 2585 snos
1027 2555 1125 2586 nobis
1142 2564 1224 2585 nun-
1254 2564 1255 2571 ¹

208 2611 276 2641 tios
296 2618 442 2648 suasque
467 2608 599 2638 litteras
624 2608 800 2638 humiliter
825 2608 1071 2647 supplicarunt,
1098 2610 1134 2639 ut
1162 2609 1225 2638 tibi
1254 2643 1255 2649 ἵ

209 2663 372 2694 redeundi
392 2663 431 2692 ad
448 2662 626 2692 ecclesiam
649 2663 741 2691 tuam
759 2662 798 2691 de
814 2661 1022 2700 benignitate
1041 2662 1226 2700 apostolica
1254 2659 1255 2662 ’

211 2716 385 2747 licentiam
404 2715 619 2754 largiremur,
639 2723 711 2747 nos.
728 2716 904 2753 sperantes
922 2715 1011 2753 quod
1028 2715 1223 2754 hujusmodi

210 2773 290 2801 tuus
302 2770 431 2800 reditus
446 2768 586 2799 ecclesie
605 2768 700 2799 utilis
721 2776 796 2798 esse
811 2767 930 2798 debeat
945 2770 975 2798 et
990 2768 1232 2807 multipliciter

212 2823 419 2859 fructuosus
446 2822 646 2852 mandamus
668 2821 828 2860 quatinus
852 2821 893 2850 ad
915 2821 1101 2860 predictam
1122 2821 1224 2852 eccle-

211 2877 297 2907 siam
314 2878 405 2906 tuam
422 2875 577 2914 protinus
594 2874 789 2910 revertaris,
809 2876 839 2904 et
858 2875 1038 2913 postquam
1053 2874 1094 2904 ad
1110 2876 1224 2912 partes

210 2931 288 2960 tuas
309 2930 425 2965 fueris,
446 2929 517 2959 Deo
536 2928 631 2963 duce,
649 2936 817 2963 reversus
837 2936 1047 2966 quecumque
1065 2928 1105 2957 ad
1123 2927 1223 2957 hono-

2234 257 2294 285 415

1285 348 1355 368 rcm
1376 341 1406 368 et
1433 339 1673 368 exaltationem
1692 339 1875 377 apostolice
1901 339 1991 368 sedis
2015 340 2045 368 iu
2075 339 2200 368 eisdem
2223 348 2293 377 par-

1285 391 1375 420 tibus
1404 391 1588 421 redumlartt¹
1613 391 1821 429 cognovcris,
1849 392 1978 421 cunctis
2003 392 2126 421 studiis
2150 392 2291 420 cunctis-

1285 453 1347 482 que
1364 444 1493 473 viribus
1511 444 1674 482 opereris,
1692 444 1834 481 itaquod
1848 444 2031 482 apostolice
2049 444 2293 473 benedictionis

1284 497 1391 535 gratia
1418 499 1459 532 tc,
1487 497 1553 526 tuis
1581 497 1795 535 exigentibus
1821 498 1961 531 meritis,
1983 497 2153 535 preveniat
2183 499 2211 525 ot
2243 507 2292 523 si·-

1285 552 1422 587 quatur.
1458 551 1695 579 Verumtamen
1734 550 1887 579 volumus
1929 550 2056 588 tibiqiu¹
2098 550 2128 579 iu
2172 550 2294 579 virtut-⁵

1254 608 1255 612 ’
1286 602 1475 631 obedientie
1497 605 1528 632 ct
1556 602 1617 631 sub
1638 612 1720 640 pena
1748 604 2104 632 cxvounruuiafatiouis
2127 612 2225 640 quain
2258 614 2294 629 νυ

1287 655 1360 693 ipso
1386 656 1549 692 incurras,
1575 656 1602 684 si
1625 658 1816 693 preceptum
1843 665 1943 693 ⁴super
1969 656 2027 684 boc
2058 658 2208 685 uostruui
2231 664 2292 683 uon

1285 708 1537 746 adimpleveris,
1552 708 1750 737 auctoritate
1767 708 1962 746 apostolica,
1987 709 2136 737 districtc
2154 708 2294 746 precipi-

1286 770 1361 790 mus
1380 763 1413 790 ut
1434 761 1521 790 infra
1540 761 1663 790 festum
1680 760 1767 790 boati
1780 761 1914 790 Martini
1930 762 2082 799 proximo
2102 763 2291 790 venturum,

1286 813 1325 842 ad
1338 816 1486 843 nostram
1502 813 1706 851 presentiam
1727 814 1949 851 personaliter
1966 814 2156 843 revertaris.
2172 815 2292 843 banna

1255 867 1256 878 ¹
1287 866 2258 904 apudI'rbemveterem,xiiikalendas:uigiisti,aiiiiolll”.
2282 881 2293 890 v·

1861 1046 1984 1075 111-111110,
2007 1047 2035 1071 1ῖ»
2053 1054 2127 1070 uiui-s
2150 1045 2222 1070 12032.

1374 1048 1447 1077 862

1321 1129 1535 1155 Corrcctiouem
1556 1128 1663 1154 ordinis
1690 1127 1886 1154 tlistercicusis
1911 1127 2100 1161 infrascriptis
2128 1127 2294 1153 committit.

1284 1178 1363 1210 (Ιὶειὶ.
1383 1178 1426 1208 218⁵,
1441 1176 1490 1203 t'ol.
1513 1177 1570 1206 tls,
1585 1184 1643 1202 cur.
1663 1184 1729 1202 ann.
1755 1176 1799 1205 111,
1818 1183 1846 1202 11”
1869 1176 1940 1202 ΗΝ·

1325 1292 1341 1311 1(
1361 1305 1390 1312 ..
1418 1282 1559 1322 episcopo
1590 1281 1741 1318 Trecensz',
1769 1306 1796 1311 ..
1827 1281 1928 1310 abbati
1958 1281 2086 1321 ,lqul‘111·tlv
2121 1283 2298 1312 ,tlmzaswii

1288 1335 1479 1368 Turonensis,
1498 1335 1613 1364 ordinis
1631 1335 1731 1363 saizcti
1749 1335 1917 1368 Benedicti,
1938 1342 1962 1363 cl
1984 1336 2078 1373 fratri
2097 1335 2247 1373 (Pausi-blo
2264 1337 2298 1364 dc

1288 1387 1522 1427 Bello[los:r,›‚de
1532 1388 1888 1418 ordinepredicatorum.
1903 1389 1938 1418 In
1949 1390 2072 1418 sumini
2088 1389 2297 1426 apostolatus

1287 1460 1333 1472 -.
1362 1442 1455 1471 Licet
1481 1444 1593 1471 autem
1621 1442 1803 1471 commissa
1834 1441 1931 1471 nobis
1956 1451 1995 1471 ex
2022 1442 2090 1472 alto
2119 1443 2297 1480 potestatis

1286 1495 1514 1525 ecclesiastice
1538 1495 1712 1533 plenitudo
1737 1503 1797 1524 nos
1821 1495 2002 1525 constituat
2023 1495 2180 1524 omuibus
2207 1495 2297 1524 debi-

1284 1550 1387 1584 tores,
1407 1550 1519 1578 tamen
1539 1548 1578 1577 ad
1598 1548 1748 1578 ordinem
1768 1548 2029 1578 Cisterciensem
2043 1559 2080 1577 eo
2099 1548 2296 1585 diligentius

1286 1601 1390 1631 aciem
1411 1604 1523 1631 nostre
1546 1601 1829 1631 considerationis
1847 1601 2072 1636 extendimus,
2094 1610 2158 1639 quo
2177 1601 2295 1639 majori

1285 1657 1437 1685 coruscat
1450 1655 1628 1693 privilegio
1648 1654 1850 1690 sanctitatis,
1871 1657 1901 1684 et
1921 1663 1985 1693 quo
2005 1655 2112 1693 magis
2132 1655 2294 1684 virtutum

1284 1708 1429 1738 Domino
1449 1708 1654 1746 displiceret,
1676 1707 1704 1736 si
1726 1716 1873 1737 massam
1898 1707 2049 1737 caritatis
2067 1707 2217 1745 ejiisdern
2244 1716 2296 1736 01·-

1285 1761 1374 1790 dinis
1392 1761 1549 1791 fermenti
1569 1761 1774 1799 contingeret
1795 1760 1884 1790 inlici
1903 1761 2078 1799 pravitate.
2102 1762 2183 1790 (lum
2205 1761 2294 1790 enim

1285 1814 1373 1844 idem
1397 1815 1476 1844 ordo
1497 1813 1708 1852 prefulgidus
1731 1805 2056 1843 illustretimmensi
2072 1813 2178 1843 nitore
2197 1813 2296 1843 luini-

1285 1867 1338 1897 nis
1359 1867 1471 1897 aulam
1488 1867 1563 1902 Dei,
1581 1876 1620 1896 ne
1640 1866 1723 1896 illud
1742 1867 1860 1905 quevis
1880 1866 1986 1896 nubes
2010 1867 2150 1904 operiat,
2174 1866 2297 1895 sollici·

1284 1922 1355 1950 tuin
1380 1922 1430 1950 est
1459 1920 1607 1950 studium
1630 1928 1687 1957 per
1716 1919 1807 1949 sedis
1838 1919 2020 1957 apostolice
2049 1919 2295 1957 providentiam

1285 1973 1523 2003 adhibendum.
1558 1975 1643 2002 Sane
1677 1972 1882 2007 audivimus,
1914 1975 1944 2001 et
1983 1972 2081 2010 digne
2120 1972 2296 2001 materiam

1284 2026 1489 2057 turbationis
1509 2025 1684 2060 habemus,
1709 2026 1797 2063 quod
1816 2025 1926 2055 dictus
1945 2025 2025 2055 ‹ru-do
2042 2025 2206 2055 divinitus
2232 2025 2297 2054 ins-

1284 2080 1418 2113 titutus,
1440 2088 1505 2109 non
1522 2079 1632 2108 solum
1654 2078 1795 2108 minoris
1815 2078 1914 2108 solito
1932 2078 2106 2117 diligentie
2125 2087 2202 2107 cura
2219 2078 2298 2107 diri-

1285 2134 1385 2172 gitur,
1414 2133 1526 2169 ‚immo
1558 2132 1659 2162 etiam
1691 2132 1796 2162 nimia
1824 2131 2005 2170 negligitur
2031 2132 2161 2161 incuria
2189 2134 2296 2161 status

1285 2187 1358 2226 ejus
1380 2188 1410 2215 et
1429 2185 1469 2215 ab
1491 2186 1600 2224 ipsius
1623 2185 1749 2215 directo
1777 2185 1939 2223 regimine
1959 2184 2167 2223 dampnabili
2194 2185 2296 2223 negli-

1285 2240 1396 2278 sentia
1429 2239 1592 2268 deviatur.
1627 2239 1724 2271 Nam,
1758 2238 1831 2267 licet
1868 2238 1954 2267 idem
1982 2238 2061 2267 ordo
2092 2247 2109 2266 a
2147 2238 2198 2267 sui
2227 2238 2297 2267 sun-

1286 2292 1434 2322 dainenti
1460 2291 1667 2330 primordiis,
1690 2300 1748 2329 per
1770 2291 1962 2329 primitivos
1991 2290 2140 2328 ejusdem
2167 2291 2296 2319 ordinis

1287 2348 1399 2384 patres
1434 2345 1584 2374 munitus
1619 2345 1649 2373 et
1686 2343 1860 2373 ordinatus
1898 2343 2047 2372 extiterit
2084 2343 2296 2381 regularibus

1254 2407 1255 2413 ¹
1287 2398 1466 2433 institutis,
1495 2406 1558 2435 que
1587 2397 1724 2425 mritacis
1749 2401 1833 2424 carm
1862 2396 1893 2425 iu
1923 2395 2039 2425 eodem
2065 2396 2180 2425 ordine
2209 2405 2295 2424 coiu-

1287 2451 1434 2481 muniter
1462 2450 1689 2485 nominantur,
1708 2449 1831 2487 (piibus
1854 2449 1996 2487 sydereo
2015 2457 2148 2486 semper
2168 2449 2296 2487 fulgore

1287 2504 1443 2542 prefulsit
1463 2504 1496 2532 in
1511 2503 1651 2532 ecclesie
1670 2503 1893 2537 firmamento,
1913 2502 2029 2531 eodem
2046 2503 2157 2531 tamen
2180 2501 2296 2531 ordine

1283 2558 1352 2596 Jam
1371 2557 1493 2595 capitis
1513 2556 1677 2586 sentiente
1698 2555 1905 2594 languorem,
1927 2555 1965 2584 ad
1983 2554 2134 2584 membra
2153 2554 2225 2593 ejus
2241 2555 2296 2584 ‹lo-

1287 2611 1338 2640 lor
1367 2609 1579 2648 immergitur
1606 2609 1766 2638 hactenus
1794 2608 1909 2637 dolore
1947 2616 2011 2637 non
2049 2608 2162 2645 solita,
2192 2608 2296 2637 totius

1286 2663 1482 2702 compagine
1499 2662 1649 2700 corporis
1668 2661 1775 2691 solida
1790 2661 1915 2690 ‹lii-tum
1935 2661 2007 2690 sine
2023 2661 2152 2690 macula
2171 2661 2296 2699 persis-

1287 2718 1386 2746 tentev
1407 2717 1476 2746 Hec
1495 2716 1662 2753 siquidem
1683 2714 1835 2744 caritatis
1852 2716 1942 2744 carta
1969 2714 2071 2743 veluti
2094 2715 2163 2743 veri
2183 2713 2296 2743 tabula

1286 2769 1491 2803 testamenti,
1507 2778 1525 2797 a
1540 2768 1700 2806 predictis
1719 2767 1872 2797 instituta
1886 2766 2037 2805 patribus
2053 2768 2082 2796 et
2095 2776 2110 2796 a
2124 2767 2296 2796 nonnullis

1286 2821 1583 2860 predecessoribus
1601 2821 1726 2850 nostris
1740 2819 2127 2858 Romanispontificibus
2141 2819 2296 2857 sollemp-

1288 2876 1375 2904 niter
1409 2875 1617 2909 contirniata,
1651 2873 1690 2903 de
1727 2873 1825 2903 niodo
1858 2873 2002 2911 eligendi
2035 2873 2294 2902 (listerciensem

1287 2927 1452 2961 abbatem,
1475 2930 1505 2957 et
1530 2927 1665 2966 quibus,
1690 2928 1827 2956 vacante
1851 2926 2052 2956 Cistercensi
2077 2926 2293 2961 monasterio,
