<?xml version="1.0" encoding="UTF-8"?>
<!DOCTYPE html PUBLIC "-//W3C//DTD XHTML 1.0 Transitional//EN"
    "http://www.w3.org/TR/xhtml1/DTD/xhtml1-transitional.dtd">
<html xmlns="http://www.w3.org/1999/xhtml" xml:lang="en" lang="en">
 <head>
  <title>
</title>
<meta http-equiv="Content-Type" content="text/html;charset=utf-8" />
  <meta name='ocr-system' content='tesseract 3.04.00' />
  <meta name='ocr-capabilities' content='ocr_page ocr_carea ocr_par ocr_line ocrx_word'/>
</head>
<body>
  <div class='ocr_page' id='page_1' title='image "./lesregistresdurb12cath/lesregistresdurb12cath_0739.png"; bbox 0 0 2547 3289; ppageno 0'>
   <div class='ocr_carea' id='block_1_1' title="bbox 1018 254 1441 292">
    <p class='ocr_par' dir='ltr' id='par_1_1' title="bbox 1018 254 1441 292">
     <span class='ocr_line' id='line_1_1' title="bbox 1018 254 1441 292; baseline 0.005 -2"><span class='ocrx_word' id='word_1_1' title='bbox 1018 261 1043 290; x_wconf 76' lang='lat'>&#39;1&#39;</span> <span class='ocrx_word' id='word_1_2' title='bbox 1049 254 1257 291; x_wconf 75' lang='lat' dir='ltr'>ROISIEME</span> <span class='ocrx_word' id='word_1_3' title='bbox 1281 256 1441 292; x_wconf 70' lang='lat' dir='ltr'>ANNFJE.</span> 
     </span>
    </p>
   </div>
   <div class='ocr_carea' id='block_1_2' title="bbox 179 342 1222 381">
    <p class='ocr_par' dir='ltr' id='par_1_2' title="bbox 179 342 1222 381">
     <span class='ocr_line' id='line_1_2' title="bbox 179 342 1222 381; baseline 0 -9"><span class='ocrx_word' id='word_1_4' title='bbox 179 351 214 372; x_wconf 87' lang='lat' dir='ltr'>se</span> <span class='ocrx_word' id='word_1_5' title='bbox 234 343 376 372; x_wconf 73' lang='lat' dir='ltr'>facultas</span> <span class='ocrx_word' id='word_1_6' title='bbox 395 343 566 378; x_wconf 87' lang='lat' dir='ltr'>obtulerit,</span> <span class='ocrx_word' id='word_1_7' title='bbox 582 352 640 381; x_wconf 90' lang='lat' dir='ltr'>per</span> <span class='ocrx_word' id='word_1_8' title='bbox 658 345 688 372; x_wconf 89' lang='lat' dir='ltr'>tc</span> <span class='ocrx_word' id='word_1_9' title='bbox 706 343 757 372; x_wconf 77' lang='lat' dir='ltr'>vel</span> <span class='ocrx_word' id='word_1_10' title='bbox 771 351 829 381; x_wconf 88' lang='lat' dir='ltr'>pcr</span> <span class='ocrx_word' id='word_1_11' title='bbox 846 343 950 372; x_wconf 83' lang='lat' dir='ltr'>alium</span> <span class='ocrx_word' id='word_1_12' title='bbox 967 342 1102 372; x_wconf 78' lang='lat' dir='ltr'>studeas</span> <span class='ocrx_word' id='word_1_13' title='bbox 1116 351 1189 380; x_wconf 91' lang='lat' dir='ltr'>pro·</span> <span class='ocrx_word' id='word_1_14' title='bbox 1221 346 1222 351; x_wconf 62' lang='lat'>¹</span> 
     </span>
    </p>
   </div>
   <div class='ocr_carea' id='block_1_3' title="bbox 175 395 1188 748">
    <p class='ocr_par' dir='ltr' id='par_1_3' title="bbox 175 395 1188 748">
     <span class='ocr_line' id='line_1_3' title="bbox 180 395 1187 434; baseline 0.001 -11"><span class='ocrx_word' id='word_1_15' title='bbox 180 395 306 431; x_wconf 75' lang='lat' dir='ltr'>videre,</span> <span class='ocrx_word' id='word_1_16' title='bbox 320 395 445 425; x_wconf 78' lang='lat' dir='ltr'>faciens</span> <span class='ocrx_word' id='word_1_17' title='bbox 461 396 603 426; x_wconf 89' lang='lat' dir='ltr'>eundem</span> <span class='ocrx_word' id='word_1_18' title='bbox 619 396 778 426; x_wconf 84' lang='lat' dir='ltr'>clericum</span> <span class='ocrx_word' id='word_1_19' title='bbox 796 395 835 425; x_wconf 89' lang='lat' dir='ltr'>ad</span> <span class='ocrx_word' id='word_1_20' title='bbox 850 395 1048 425; x_wconf 84' lang='lat' dir='ltr'>beneficium</span> <span class='ocrx_word' id='word_1_21' title='bbox 1065 396 1187 434; x_wconf 90' lang='lat' dir='ltr'>ipsum,</span> 
     </span>
     <span class='ocr_line' id='line_1_4' title="bbox 178 448 1188 487; baseline 0.001 -10"><span class='ocrx_word' id='word_1_22' title='bbox 178 449 359 486; x_wconf 72' lang='lat' dir='ltr'>postquam</span> <span class='ocrx_word' id='word_1_23' title='bbox 386 449 425 478; x_wconf 89' lang='lat' dir='ltr'>de</span> <span class='ocrx_word' id='word_1_24' title='bbox 442 449 516 487; x_wconf 88' lang='lat' dir='ltr'>ipso</span> <span class='ocrx_word' id='word_1_25' title='bbox 536 450 673 478; x_wconf 85' lang='lat' dir='ltr'>vacante</span> <span class='ocrx_word' id='word_1_26' title='bbox 691 448 755 478; x_wconf 92' lang='lat' dir='ltr'>sibi</span> <span class='ocrx_word' id='word_1_27' title='bbox 775 448 949 486; x_wconf 71' lang='lat' dir='ltr'>provisum</span> <span class='ocrx_word' id='word_1_28' title='bbox 970 448 1080 484; x_wconf 87' lang='lat' dir='ltr'>fuerit,</span> <span class='ocrx_word' id='word_1_29' title='bbox 1102 448 1129 477; x_wconf 82' lang='lat' dir='ltr'>si</span> <span class='ocrx_word' id='word_1_30' title='bbox 1155 449 1188 478; x_wconf 90' lang='lat' dir='ltr'>in</span> 
     </span>
     <span class='ocr_line' id='line_1_5' title="bbox 177 500 1187 540; baseline 0.001 -11"><span class='ocrx_word' id='word_1_31' title='bbox 177 500 353 540; x_wconf 75' lang='lat' dir='ltr'>collegiata</span> <span class='ocrx_word' id='word_1_32' title='bbox 379 501 522 531; x_wconf 81' lang='lat' dir='ltr'>ecclesia</span> <span class='ocrx_word' id='word_1_33' title='bbox 547 501 659 536; x_wconf 77' lang='lat' dir='ltr'>fuerit,</span> <span class='ocrx_word' id='word_1_34' title='bbox 681 501 783 539; x_wconf 88' lang='lat' dir='ltr'>recipi</span> <span class='ocrx_word' id='word_1_35' title='bbox 813 501 845 530; x_wconf 93' lang='lat' dir='ltr'>in</span> <span class='ocrx_word' id='word_1_36' title='bbox 870 501 1067 530; x_wconf 82' lang='lat' dir='ltr'>canonicum</span> <span class='ocrx_word' id='word_1_37' title='bbox 1096 503 1127 531; x_wconf 89' lang='lat' dir='ltr'>et</span> <span class='ocrx_word' id='word_1_38' title='bbox 1155 501 1187 530; x_wconf 92' lang='lat' dir='ltr'>in</span> 
     </span>
     <span class='ocr_line' id='line_1_6' title="bbox 178 553 1186 592; baseline -0.001 -10"><span class='ocrx_word' id='word_1_39' title='bbox 178 553 328 590; x_wconf 84' lang='lat' dir='ltr'>fratrem,</span> <span class='ocrx_word' id='word_1_40' title='bbox 347 562 412 584; x_wconf 88' lang='lat' dir='ltr'>non</span> <span class='ocrx_word' id='word_1_41' title='bbox 435 553 589 584; x_wconf 85' lang='lat' dir='ltr'>obstante</span> <span class='ocrx_word' id='word_1_42' title='bbox 608 556 698 584; x_wconf 82' lang='lat' dir='ltr'>certo</span> <span class='ocrx_word' id='word_1_43' title='bbox 722 554 832 592; x_wconf 86' lang='lat' dir='ltr'>ipsius</span> <span class='ocrx_word' id='word_1_44' title='bbox 855 554 994 583; x_wconf 74' lang='lat' dir='ltr'>ecclesie</span> <span class='ocrx_word' id='word_1_45' title='bbox 1013 554 1186 583; x_wconf 75' lang='lat' dir='ltr'>canonico-</span> 
     </span>
     <span class='ocr_line' id='line_1_7' title="bbox 176 607 1187 643; baseline 0 -7"><span class='ocrx_word' id='word_1_46' title='bbox 176 615 250 636; x_wconf 89' lang='lat' dir='ltr'>rum</span> <span class='ocrx_word' id='word_1_47' title='bbox 275 615 427 643; x_wconf 86' lang='lat' dir='ltr'>numero,</span> <span class='ocrx_word' id='word_1_48' title='bbox 446 608 507 637; x_wconf 84' lang='lat' dir='ltr'>etc.</span> <span class='ocrx_word' id='word_1_49' title='bbox 528 625 563 628; x_wconf 97' lang='lat'><strong>—</strong></span> <span class='ocrx_word' id='word_1_50' title='bbox 583 607 866 642; x_wconf 77' lang='lat' dir='ltr'>Contradictores,</span> <span class='ocrx_word' id='word_1_51' title='bbox 885 609 945 636; x_wconf 83' lang='lat' dir='ltr'>etc.</span> <span class='ocrx_word' id='word_1_52' title='bbox 966 625 1000 629; x_wconf 82' lang='lat'>-</span> <span class='ocrx_word' id='word_1_53' title='bbox 1020 607 1187 637; x_wconf 65' lang='lat' dir='ltr'>Volumus</span> 
     </span>
     <span class='ocr_line' id='line_1_8' title="bbox 175 659 1187 698; baseline 0.001 -10"><span class='ocrx_word' id='word_1_54' title='bbox 175 661 299 694; x_wconf 90' lang='lat' dir='ltr'>tamen,</span> <span class='ocrx_word' id='word_1_55' title='bbox 324 661 385 689; x_wconf 87' lang='lat' dir='ltr'>etc.</span> <span class='ocrx_word' id='word_1_56' title='bbox 407 678 443 681; x_wconf 91' lang='lat'>——</span> <span class='ocrx_word' id='word_1_57' title='bbox 468 660 591 689; x_wconf 88' lang='lat' dir='ltr'>Datum</span> <span class='ocrx_word' id='word_1_58' title='bbox 611 660 697 698; x_wconf 88' lang='lat' dir='ltr'>apud</span> <span class='ocrx_word' id='word_1_59' title='bbox 720 659 1008 694; x_wconf 76' lang='lat' dir='ltr'>Urbemveterem,</span> <span class='ocrx_word' id='word_1_60' title='bbox 1029 670 1062 689; x_wconf 91' lang='grc'>111</span> <span class='ocrx_word' id='word_1_61' title='bbox 1083 668 1187 689; x_wconf 85' lang='lat' dir='ltr'>nonas</span> 
     </span>
     <span class='ocr_line' id='line_1_9' title="bbox 177 711 612 748; baseline 0 -7"><span class='ocrx_word' id='word_1_62' title='bbox 177 711 382 748; x_wconf 72' lang='lat' dir='ltr'>novembris,</span> <span class='ocrx_word' id='word_1_63' title='bbox 400 721 486 742; x_wconf 84' lang='lat' dir='ltr'>anno</span> <span class='ocrx_word' id='word_1_64' title='bbox 503 712 577 742; x_wconf 84' lang='lat'>111⁰.</span> <span class='ocrx_word' id='word_1_65' title='bbox 598 722 612 741; x_wconf 85' lang='lat'>»</span> 
     </span>
    </p>
   </div>
   <div class='ocr_carea' id='block_1_4' title="bbox 711 867 1112 894">
    <p class='ocr_par' dir='ltr' id='par_1_4' title="bbox 711 867 1112 894">
     <span class='ocr_line' id='line_1_10' title="bbox 711 867 1112 894; baseline -0.002 -1"><span class='ocrx_word' id='word_1_66' title='bbox 711 867 834 893; x_wconf 56' lang='lat' dir='ltr'>Urvinto.</span> <span class='ocrx_word' id='word_1_67' title='bbox 852 868 884 892; x_wconf 73' lang='lat'>27</span> <span class='ocrx_word' id='word_1_68' title='bbox 901 868 1016 893; x_wconf 77' lang='lat' dir='ltr'>octobre</span> <span class='ocrx_word' id='word_1_69' title='bbox 1036 868 1112 894; x_wconf 71' lang='lat'>1203.</span> 
     </span>
    </p>
   </div>
   <div class='ocr_carea' id='block_1_5' title="bbox 264 868 334 898">
    <p class='ocr_par' dir='ltr' id='par_1_5' title="bbox 264 868 334 898">
     <span class='ocr_line' id='line_1_11' title="bbox 264 868 334 898; baseline 0.014 -1"><span class='ocrx_word' id='word_1_70' title='bbox 264 868 334 898; x_wconf 71' lang='lat'>901</span> 
     </span>
    </p>
   </div>
   <div class='ocr_carea' id='block_1_6' title="bbox 175 943 1186 1070">
    <p class='ocr_par' dir='ltr' id='par_1_6' title="bbox 175 943 1186 1070">
     <span class='ocr_line' id='line_1_12' title="bbox 213 943 1185 978; baseline 0 -8"><span class='ocrx_word' id='word_1_71' title='bbox 213 943 348 978; x_wconf 77' lang='lat' dir='ltr'>Magistro</span> <span class='ocrx_word' id='word_1_72' title='bbox 363 943 514 978; x_wconf 77' lang='lat' dir='ltr'>Aymerico</span> <span class='ocrx_word' id='word_1_73' title='bbox 533 944 657 970; x_wconf 80' lang='lat' dir='ltr'>Brunelli</span> <span class='ocrx_word' id='word_1_74' title='bbox 679 945 881 970; x_wconf 81' lang='lat' dir='ltr'>canonicatum</span> <span class='ocrx_word' id='word_1_75' title='bbox 900 947 928 971; x_wconf 86' lang='lat' dir='ltr'>et</span> <span class='ocrx_word' id='word_1_76' title='bbox 948 946 1140 978; x_wconf 78' lang='lat' dir='ltr'>praebendam</span> <span class='ocrx_word' id='word_1_77' title='bbox 1158 945 1185 970; x_wconf 88' lang='lat' dir='ltr'>in</span> 
     </span>
     <span class='ocr_line' id='line_1_13' title="bbox 176 991 1186 1027; baseline 0.001 -9"><span class='ocrx_word' id='word_1_78' title='bbox 176 991 296 1018; x_wconf 81' lang='lat' dir='ltr'>ecclesia</span> <span class='ocrx_word' id='word_1_79' title='bbox 320 992 482 1018; x_wconf 82' lang='lat' dir='ltr'>Pictavensi</span> <span class='ocrx_word' id='word_1_80' title='bbox 512 992 632 1019; x_wconf 74' lang='lat' dir='ltr'>confert.</span> <span class='ocrx_word' id='word_1_81' title='bbox 660 992 736 1024; x_wconf 60' lang='lat' dir='ltr'><strong>(Rau.</strong></span> <span class='ocrx_word' id='word_1_82' title='bbox 761 994 804 1019; x_wconf 71' lang='lat'>28.</span> <span class='ocrx_word' id='word_1_83' title='bbox 830 992 880 1019; x_wconf 89' lang='lat' dir='ltr'>l&#39;ol.</span> <span class='ocrx_word' id='word_1_84' title='bbox 908 993 956 1019; x_wconf 76' lang='lat'>128</span> <span class='ocrx_word' id='word_1_85' title='bbox 981 999 1016 1023; x_wconf 56' lang='grc' dir='ltr'>νο,</span> <span class='ocrx_word' id='word_1_86' title='bbox 1044 1001 1110 1019; x_wconf 86' lang='lat' dir='ltr'>anu.</span> <span class='ocrx_word' id='word_1_87' title='bbox 1138 994 1186 1027; x_wconf 87' lang='lat'>111,</span> 
     </span>
     <span class='ocr_line' id='line_1_14' title="bbox 175 1040 392 1070; baseline 0.009 -3"><span class='ocrx_word' id='word_1_88' title='bbox 175 1040 268 1067; x_wconf 84' lang='lat' dir='ltr'>benef.</span> <span class='ocrx_word' id='word_1_89' title='bbox 287 1046 315 1066; x_wconf 77' lang='grc' dir='ltr'>[1ο</span> <span class='ocrx_word' id='word_1_90' title='bbox 336 1040 392 1070; x_wconf 85' lang='grc'><strong>19.)</strong></span> 
     </span>
    </p>
   </div>
   <div class='ocr_carea' id='block_1_7' title="bbox 172 1129 1190 1958">
    <p class='ocr_par' dir='ltr' id='par_1_7' title="bbox 172 1129 1190 1958">
     <span class='ocr_line' id='line_1_15' title="bbox 215 1129 1188 1170; baseline 0.001 -11"><span class='ocrx_word' id='word_1_91' title='bbox 215 1141 229 1159; x_wconf 76' lang='grc'>1(</span> <span class='ocrx_word' id='word_1_92' title='bbox 253 1130 400 1169; x_wconf 72' lang='lat' dir='ltr'>Maye&#39;stro</span> <span class='ocrx_word' id='word_1_93' title='bbox 418 1130 578 1170; x_wconf 76' lang='lat' dir='ltr'>Aymerico</span> <span class='ocrx_word' id='word_1_94' title='bbox 599 1129 748 1163; x_wconf 78' lang='lat' dir='ltr'>Brunelli,</span> <span class='ocrx_word' id='word_1_95' title='bbox 761 1129 869 1158; x_wconf 67' lang='lat' dir='ltr'>clerico</span> <span class='ocrx_word' id='word_1_96' title='bbox 889 1129 1076 1159; x_wconf 70' lang='lat' dir='ltr'>pictavensis</span> <span class='ocrx_word' id='word_1_97' title='bbox 1094 1130 1188 1160; x_wconf 80' lang='lat' dir='ltr'>dioce-</span> 
     </span>
     <span class='ocr_line' id='line_1_16' title="bbox 173 1183 1185 1222; baseline 0 -9"><span class='ocrx_word' id='word_1_98' title='bbox 173 1185 224 1213; x_wconf 85' lang='lat' dir='ltr'>sis.</span> <span class='ocrx_word' id='word_1_99' title='bbox 251 1183 356 1214; x_wconf 88' lang='lat' dir='ltr'>Sedes</span> <span class='ocrx_word' id='word_1_100' title='bbox 385 1183 571 1222; x_wconf 76' lang='lat' dir='ltr'>apostoliea</span> <span class='ocrx_word' id='word_1_101' title='bbox 598 1183 737 1221; x_wconf 77' lang='lat' dir='ltr'>provide</span> <span class='ocrx_word' id='word_1_102' title='bbox 755 1201 804 1213; x_wconf 84' lang='lat'>—-.</span> <span class='ocrx_word' id='word_1_103' title='bbox 827 1183 915 1212; x_wconf 84' lang='lat' dir='ltr'>Hinc</span> <span class='ocrx_word' id='word_1_104' title='bbox 932 1185 983 1213; x_wconf 85' lang='lat' dir='ltr'>est</span> <span class='ocrx_word' id='word_1_105' title='bbox 1007 1184 1096 1222; x_wconf 87' lang='lat' dir='ltr'>quod</span> <span class='ocrx_word' id='word_1_106' title='bbox 1113 1192 1185 1220; x_wconf 84' lang='lat' dir='ltr'>nos,</span> 
     </span>
     <span class='ocr_line' id='line_1_17' title="bbox 175 1236 1187 1275; baseline 0 -9"><span class='ocrx_word' id='word_1_107' title='bbox 175 1237 386 1267; x_wconf 84' lang='lat' dir='ltr'>attendentes</span> <span class='ocrx_word' id='word_1_108' title='bbox 414 1236 594 1274; x_wconf 75' lang='lat' dir='ltr'>probitatis</span> <span class='ocrx_word' id='word_1_109' title='bbox 624 1238 656 1266; x_wconf 85' lang='lat' dir='ltr'>et</span> <span class='ocrx_word' id='word_1_110' title='bbox 681 1236 820 1266; x_wconf 80' lang='lat' dir='ltr'>scientie</span> <span class='ocrx_word' id='word_1_111' title='bbox 840 1238 895 1266; x_wconf 90' lang='lat' dir='ltr'>tue</span> <span class='ocrx_word' id='word_1_112' title='bbox 914 1236 1044 1270; x_wconf 83' lang='lat' dir='ltr'>merita,</span> <span class='ocrx_word' id='word_1_113' title='bbox 1064 1236 1187 1275; x_wconf 86' lang='lat' dir='ltr'>quibus</span> 
     </span>
     <span class='ocr_line' id='line_1_18' title="bbox 172 1289 1187 1329; baseline 0.001 -10"><span class='ocrx_word' id='word_1_114' title='bbox 172 1290 282 1329; x_wconf 78' lang='lat' dir='ltr'>jiivari</span> <span class='ocrx_word' id='word_1_115' title='bbox 313 1290 512 1325; x_wconf 84' lang='lat' dir='ltr'>dinosceris,</span> <span class='ocrx_word' id='word_1_116' title='bbox 534 1298 570 1319; x_wconf 86' lang='lat' dir='ltr'>ac</span> <span class='ocrx_word' id='word_1_117' title='bbox 600 1290 738 1328; x_wconf 90' lang='lat' dir='ltr'>propter</span> <span class='ocrx_word' id='word_1_118' title='bbox 768 1289 829 1319; x_wconf 82' lang='lat' dir='ltr'>hoo</span> <span class='ocrx_word' id='word_1_119' title='bbox 860 1290 892 1319; x_wconf 90' lang='lat' dir='ltr'>et</span> <span class='ocrx_word' id='word_1_120' title='bbox 920 1289 1187 1320; x_wconf 79' lang='lat' dir='ltr'>consideratione</span> 
     </span>
     <span class='ocr_line' id='line_1_19' title="bbox 175 1342 1187 1381; baseline 0.001 -8"><span class='ocrx_word' id='word_1_121' title='bbox 175 1343 289 1373; x_wconf 76' lang='lat' dir='ltr'>dilecti</span> <span class='ocrx_word' id='word_1_122' title='bbox 308 1343 370 1372; x_wconf 86' lang='lat' dir='ltr'>filii</span> <span class='ocrx_word' id='word_1_123' title='bbox 388 1343 542 1381; x_wconf 81' lang='lat' dir='ltr'>magistri</span> <span class='ocrx_word' id='word_1_124' title='bbox 559 1343 650 1373; x_wconf 85' lang='lat' dir='ltr'>Petri</span> <span class='ocrx_word' id='word_1_125' title='bbox 668 1342 748 1372; x_wconf 85' lang='lat' dir='ltr'>dicti</span> <span class='ocrx_word' id='word_1_126' title='bbox 771 1342 894 1379; x_wconf 75' lang='lat' dir='ltr'>Veteris,</span> <span class='ocrx_word' id='word_1_127' title='bbox 911 1343 1027 1373; x_wconf 78' lang='lat' dir='ltr'>decani</span> <span class='ocrx_word' id='word_1_128' title='bbox 1046 1343 1187 1374; x_wconf 81' lang='lat' dir='ltr'>ecclesie</span> 
     </span>
     <span class='ocr_line' id='line_1_20' title="bbox 176 1396 1188 1435; baseline -0.001 -9"><span class='ocrx_word' id='word_1_129' title='bbox 176 1397 283 1426; x_wconf 87' lang='lat' dir='ltr'>sancti</span> <span class='ocrx_word' id='word_1_130' title='bbox 302 1396 436 1435; x_wconf 71' lang='lat' dir='ltr'>Hylarii</span> <span class='ocrx_word' id='word_1_131' title='bbox 452 1396 675 1430; x_wconf 75' lang='lat' dir='ltr'>pictavensis,</span> <span class='ocrx_word' id='word_1_132' title='bbox 693 1396 859 1434; x_wconf 80' lang='lat' dir='ltr'>capellani</span> <span class='ocrx_word' id='word_1_133' title='bbox 878 1396 996 1431; x_wconf 82' lang='lat' dir='ltr'>nostri,</span> <span class='ocrx_word' id='word_1_134' title='bbox 1019 1396 1115 1434; x_wconf 85' lang='lat' dir='ltr'>cujus</span> <span class='ocrx_word' id='word_1_135' title='bbox 1134 1405 1188 1426; x_wconf 86' lang='lat' dir='ltr'>ne-</span> 
     </span>
     <span class='ocr_line' id='line_1_21' title="bbox 175 1448 1189 1487; baseline 0 -9"><span class='ocrx_word' id='word_1_136' title='bbox 175 1457 237 1487; x_wconf 90' lang='lat' dir='ltr'>pos</span> <span class='ocrx_word' id='word_1_137' title='bbox 262 1449 395 1483; x_wconf 72' lang='lat' dir='ltr'>existis,</span> <span class='ocrx_word' id='word_1_138' title='bbox 420 1450 452 1479; x_wconf 91' lang='lat' dir='ltr'>te</span> <span class='ocrx_word' id='word_1_139' title='bbox 482 1449 628 1487; x_wconf 76' lang='lat' dir='ltr'>gratiose</span> <span class='ocrx_word' id='word_1_140' title='bbox 652 1449 812 1487; x_wconf 77' lang='lat' dir='ltr'>prosequi</span> <span class='ocrx_word' id='word_1_141' title='bbox 831 1458 868 1478; x_wconf 79' lang='lat' dir='ltr'>ao</span> <span class='ocrx_word' id='word_1_142' title='bbox 889 1448 1121 1479; x_wconf 75' lang='lat' dir='ltr'>favorabiliter</span> <span class='ocrx_word' id='word_1_143' title='bbox 1142 1449 1189 1478; x_wconf 90' lang='lat' dir='ltr'>in-</span> 
     </span>
     <span class='ocr_line' id='line_1_22' title="bbox 174 1502 1188 1541; baseline 0 -9"><span class='ocrx_word' id='word_1_144' title='bbox 174 1502 364 1538; x_wconf 74' lang='lat' dir='ltr'>tendentes,</span> <span class='ocrx_word' id='word_1_145' title='bbox 378 1502 612 1532; x_wconf 75' lang='lat' dir='ltr'>canonicatum</span> <span class='ocrx_word' id='word_1_146' title='bbox 623 1502 772 1541; x_wconf 85' lang='lat' dir='ltr'>ejusdem</span> <span class='ocrx_word' id='word_1_147' title='bbox 791 1502 931 1532; x_wconf 76' lang='lat' dir='ltr'>ecclesie</span> <span class='ocrx_word' id='word_1_148' title='bbox 947 1502 986 1531; x_wconf 87' lang='lat' dir='ltr'>ad</span> <span class='ocrx_word' id='word_1_149' title='bbox 1000 1503 1188 1532; x_wconf 80' lang='lat' dir='ltr'>Romanam</span> 
     </span>
     <span class='ocr_line' id='line_1_23' title="bbox 176 1555 1190 1593; baseline 0 -8"><span class='ocrx_word' id='word_1_150' title='bbox 176 1555 353 1585; x_wconf 85' lang='lat' dir='ltr'>ecclesiam</span> <span class='ocrx_word' id='word_1_151' title='bbox 371 1555 477 1589; x_wconf 84' lang='lat' dir='ltr'>nullo,</span> <span class='ocrx_word' id='word_1_152' title='bbox 497 1557 531 1585; x_wconf 90' lang='lat' dir='ltr'>ut</span> <span class='ocrx_word' id='word_1_153' title='bbox 552 1555 686 1588; x_wconf 83' lang='lat' dir='ltr'>dieitur,</span> <span class='ocrx_word' id='word_1_154' title='bbox 709 1555 818 1585; x_wconf 87' lang='lat' dir='ltr'>medio</span> <span class='ocrx_word' id='word_1_155' title='bbox 835 1555 1048 1593; x_wconf 88' lang='lat' dir='ltr'>pertinentis,</span> <span class='ocrx_word' id='word_1_156' title='bbox 1068 1555 1102 1584; x_wconf 91' lang='lat' dir='ltr'>in</span> <span class='ocrx_word' id='word_1_157' title='bbox 1124 1564 1190 1593; x_wconf 91' lang='lat' dir='ltr'>qua</span> 
     </span>
     <span class='ocr_line' id='line_1_24' title="bbox 174 1608 1188 1644; baseline 0 -7"><span class='ocrx_word' id='word_1_158' title='bbox 174 1616 241 1638; x_wconf 88' lang='lat' dir='ltr'>non</span> <span class='ocrx_word' id='word_1_159' title='bbox 258 1611 320 1643; x_wconf 80' lang='lat' dir='ltr'>est,</span> <span class='ocrx_word' id='word_1_160' title='bbox 341 1610 376 1638; x_wconf 88' lang='lat' dir='ltr'>ut</span> <span class='ocrx_word' id='word_1_161' title='bbox 394 1608 532 1644; x_wconf 85' lang='lat' dir='ltr'>asseris,</span> <span class='ocrx_word' id='word_1_162' title='bbox 554 1610 666 1638; x_wconf 75' lang='lat' dir='ltr'>certus</span> <span class='ocrx_word' id='word_1_163' title='bbox 690 1608 927 1638; x_wconf 80' lang='lat' dir='ltr'>canonicorum</span> <span class='ocrx_word' id='word_1_164' title='bbox 947 1616 1110 1638; x_wconf 89' lang='lat' dir='ltr'>numerus</span> <span class='ocrx_word' id='word_1_165' title='bbox 1129 1617 1188 1638; x_wconf 88' lang='lat' dir='ltr'>nec</span> 
     </span>
     <span class='ocr_line' id='line_1_25' title="bbox 175 1661 1188 1700; baseline 0 -9"><span class='ocrx_word' id='word_1_166' title='bbox 175 1661 348 1691; x_wconf 75' lang='lat' dir='ltr'>distinctio</span> <span class='ocrx_word' id='word_1_167' title='bbox 377 1661 635 1700; x_wconf 80' lang='lat' dir='ltr'>prebendarum,</span> <span class='ocrx_word' id='word_1_168' title='bbox 657 1670 731 1690; x_wconf 81' lang='lat' dir='ltr'>cum</span> <span class='ocrx_word' id='word_1_169' title='bbox 749 1661 960 1700; x_wconf 86' lang='lat' dir='ltr'>plenitudine</span> <span class='ocrx_word' id='word_1_170' title='bbox 977 1661 1064 1700; x_wconf 87' lang='lat' dir='ltr'>juris</span> <span class='ocrx_word' id='word_1_171' title='bbox 1089 1671 1188 1692; x_wconf 79' lang='lat' dir='ltr'>cano-</span> 
     </span>
     <span class='ocr_line' id='line_1_26' title="bbox 174 1714 1188 1754; baseline 0 -10"><span class='ocrx_word' id='word_1_172' title='bbox 174 1715 255 1750; x_wconf 85' lang='lat' dir='ltr'>nici,</span> <span class='ocrx_word' id='word_1_173' title='bbox 274 1714 336 1744; x_wconf 86' lang='lat' dir='ltr'>tibi</span> <span class='ocrx_word' id='word_1_174' title='bbox 363 1715 402 1745; x_wconf 89' lang='lat' dir='ltr'>de</span> <span class='ocrx_word' id='word_1_175' title='bbox 427 1715 536 1754; x_wconf 81' lang='lat' dir='ltr'>gratia</span> <span class='ocrx_word' id='word_1_176' title='bbox 562 1715 768 1745; x_wconf 80' lang='lat' dir='ltr'>conferimus</span> <span class='ocrx_word' id='word_1_177' title='bbox 796 1715 947 1753; x_wconf 77' lang='lat' dir='ltr'>speciali,</span> <span class='ocrx_word' id='word_1_178' title='bbox 971 1715 1188 1753; x_wconf 83' lang='lat' dir='ltr'>providemus</span> 
     </span>
     <span class='ocr_line' id='line_1_27' title="bbox 174 1767 1187 1807; baseline -0.001 -9"><span class='ocrx_word' id='word_1_179' title='bbox 174 1767 236 1797; x_wconf 84' lang='lat' dir='ltr'>tibi</span> <span class='ocrx_word' id='word_1_180' title='bbox 255 1768 294 1797; x_wconf 82' lang='lat' dir='ltr'>de</span> <span class='ocrx_word' id='word_1_181' title='bbox 313 1768 373 1798; x_wconf 86' lang='lat' dir='ltr'>illo</span> <span class='ocrx_word' id='word_1_182' title='bbox 390 1770 489 1807; x_wconf 81' lang='lat' dir='ltr'>teque</span> <span class='ocrx_word' id='word_1_183' title='bbox 513 1769 552 1798; x_wconf 89' lang='lat' dir='ltr'>de</span> <span class='ocrx_word' id='word_1_184' title='bbox 574 1769 648 1807; x_wconf 87' lang='lat' dir='ltr'>ipso</span> <span class='ocrx_word' id='word_1_185' title='bbox 666 1776 725 1806; x_wconf 90' lang='lat' dir='ltr'>per</span> <span class='ocrx_word' id='word_1_186' title='bbox 743 1770 898 1798; x_wconf 89' lang='lat' dir='ltr'>nostrum</span> <span class='ocrx_word' id='word_1_187' title='bbox 918 1768 1057 1798; x_wconf 85' lang='lat' dir='ltr'>anulum</span> <span class='ocrx_word' id='word_1_188' title='bbox 1078 1769 1187 1798; x_wconf 76' lang='lat' dir='ltr'>inves-</span> 
     </span>
     <span class='ocr_line' id='line_1_28' title="bbox 173 1821 1187 1860; baseline 0.001 -10"><span class='ocrx_word' id='word_1_189' title='bbox 173 1821 289 1851; x_wconf 82' lang='lat' dir='ltr'>timus.</span> <span class='ocrx_word' id='word_1_190' title='bbox 307 1822 382 1852; x_wconf 85' lang='lat' dir='ltr'>Non</span> <span class='ocrx_word' id='word_1_191' title='bbox 395 1821 560 1857; x_wconf 84' lang='lat' dir='ltr'>obstante,</span> <span class='ocrx_word' id='word_1_192' title='bbox 579 1824 639 1852; x_wconf 87' lang='lat' dir='ltr'>etc.</span> <span class='ocrx_word' id='word_1_193' title='bbox 655 1839 692 1842; x_wconf 97' lang='lat'><strong>—</strong></span> <span class='ocrx_word' id='word_1_194' title='bbox 706 1821 801 1852; x_wconf 88' lang='lat' dir='ltr'>Nulli</span> <span class='ocrx_word' id='word_1_195' title='bbox 817 1830 907 1860; x_wconf 87' lang='lat' dir='ltr'>ergo,</span> <span class='ocrx_word' id='word_1_196' title='bbox 925 1822 987 1851; x_wconf 83' lang='lat' dir='ltr'>etc.</span> <span class='ocrx_word' id='word_1_197' title='bbox 1007 1839 1045 1842; x_wconf 97' lang='lat'><strong>—</strong></span> <span class='ocrx_word' id='word_1_198' title='bbox 1062 1821 1187 1851; x_wconf 86' lang='lat' dir='ltr'>Datum</span> 
     </span>
     <span class='ocr_line' id='line_1_29' title="bbox 174 1874 1187 1911; baseline 0.002 -8"><span class='ocrx_word' id='word_1_199' title='bbox 174 1874 263 1911; x_wconf 83' lang='lat' dir='ltr'>apud</span> <span class='ocrx_word' id='word_1_200' title='bbox 293 1874 581 1910; x_wconf 83' lang='lat' dir='ltr'>Urbemveterem,</span> <span class='ocrx_word' id='word_1_201' title='bbox 615 1885 645 1904; x_wconf 93' lang='lat' dir='ltr'>v1</span> <span class='ocrx_word' id='word_1_202' title='bbox 679 1874 841 1904; x_wconf 77' lang='lat' dir='ltr'>kalendas</span> <span class='ocrx_word' id='word_1_203' title='bbox 867 1874 1072 1907; x_wconf 67' lang='lat' dir='ltr'>novembris</span> <span class='ocrx_word' id='word_1_204' title='bbox 1101 1883 1187 1905; x_wconf 90' lang='lat' dir='ltr'>anno</span> 
     </span>
     <span class='ocr_line' id='line_1_30' title="bbox 174 1927 293 1958; baseline 0 -1"><span class='ocrx_word' id='word_1_205' title='bbox 174 1927 246 1958; x_wconf 83' lang='lat'>111⁰.</span> <span class='ocrx_word' id='word_1_206' title='bbox 279 1938 293 1957; x_wconf 86' lang='lat'>›)</span> 
     </span>
    </p>
   </div>
   <div class='ocr_carea' id='block_1_8' title="bbox 711 2082 1112 2113">
    <p class='ocr_par' dir='ltr' id='par_1_8' title="bbox 711 2082 1112 2113">
     <span class='ocr_line' id='line_1_31' title="bbox 711 2082 1112 2113; baseline -0.002 -5"><span class='ocrx_word' id='word_1_207' title='bbox 711 2082 835 2113; x_wconf 80' lang='lat' dir='ltr'>Orvieto,</span> <span class='ocrx_word' id='word_1_208' title='bbox 851 2082 884 2108; x_wconf 75' lang='lat'>27</span> <span class='ocrx_word' id='word_1_209' title='bbox 902 2082 1017 2108; x_wconf 79' lang='lat' dir='ltr'>octobrc</span> <span class='ocrx_word' id='word_1_210' title='bbox 1037 2083 1112 2109; x_wconf 70' lang='lat'><strong>1203.</strong></span> 
     </span>
    </p>
   </div>
   <div class='ocr_carea' id='block_1_9' title="bbox 261 2084 334 2114">
    <p class='ocr_par' dir='ltr' id='par_1_9' title="bbox 261 2084 334 2114">
     <span class='ocr_line' id='line_1_32' title="bbox 261 2084 334 2114; baseline 0 0"><span class='ocrx_word' id='word_1_211' title='bbox 261 2084 334 2114; x_wconf 77' lang='lat'>902</span> 
     </span>
    </p>
   </div>
   <div class='ocr_carea' id='block_1_10' title="bbox 173 2161 1185 2293">
    <p class='ocr_par' dir='ltr' id='par_1_10' title="bbox 173 2161 1185 2293">
     <span class='ocr_line' id='line_1_33' title="bbox 209 2161 1185 2195; baseline 0 -7"><span class='ocrx_word' id='word_1_212' title='bbox 209 2162 351 2189; x_wconf 81' lang='lat' dir='ltr'>Briocensi</span> <span class='ocrx_word' id='word_1_213' title='bbox 367 2165 392 2188; x_wconf 89' lang='lat' dir='ltr'>et</span> <span class='ocrx_word' id='word_1_214' title='bbox 408 2161 802 2188; x_wconf 78' lang='lat' dir='ltr'>Thoarcensiarchidiaconis</span> <span class='ocrx_word' id='word_1_215' title='bbox 815 2162 1010 2187; x_wconf 75' lang='lat' dir='ltr'>executionem</span> <span class='ocrx_word' id='word_1_216' title='bbox 1024 2162 1185 2195; x_wconf 78' lang='lat' dir='ltr'>praedictae</span> 
     </span>
     <span class='ocr_line' id='line_1_34' title="bbox 173 2210 1184 2243; baseline 0 -7"><span class='ocrx_word' id='word_1_217' title='bbox 173 2211 333 2237; x_wconf 81' lang='lat' dir='ltr'>collationis</span> <span class='ocrx_word' id='word_1_218' title='bbox 362 2210 530 2237; x_wconf 81' lang='lat' dir='ltr'>committit.</span> <span class='ocrx_word' id='word_1_219' title='bbox 554 2210 632 2243; x_wconf 57' lang='lat' dir='ltr'>(Rae.</span> <span class='ocrx_word' id='word_1_220' title='bbox 656 2211 699 2240; x_wconf 61' lang='grc'>25,</span> <span class='ocrx_word' id='word_1_221' title='bbox 726 2210 774 2236; x_wconf 83' lang='lat' dir='ltr'>fol.</span> <span class='ocrx_word' id='word_1_222' title='bbox 802 2211 848 2237; x_wconf 66' lang='grc'>128</span> <span class='ocrx_word' id='word_1_223' title='bbox 867 2215 904 2239; x_wconf 79' lang='lat' dir='ltr'>v0,</span> <span class='ocrx_word' id='word_1_224' title='bbox 931 2218 997 2236; x_wconf 88' lang='lat' dir='ltr'>ann.</span> <span class='ocrx_word' id='word_1_225' title='bbox 1020 2210 1065 2241; x_wconf 75' lang='grc' dir='ltr'><strong>ΙΙΙ,</strong></span> <span class='ocrx_word' id='word_1_226' title='bbox 1091 2210 1184 2236; x_wconf 76' lang='lat' dir='ltr'>benef.</span> 
     </span>
     <span class='ocr_line' id='line_1_35' title="bbox 173 2260 278 2293; baseline -0.019 -7"><span class='ocrx_word' id='word_1_227' title='bbox 173 2266 202 2286; x_wconf 77' lang='lat' dir='ltr'>n⁰</span> <span class='ocrx_word' id='word_1_228' title='bbox 222 2260 278 2293; x_wconf 71' lang='lat'>20.)</span> 
     </span>
    </p>
   </div>
   <div class='ocr_carea' id='block_1_11' title="bbox 173 2347 1185 2493">
    <p class='ocr_par' dir='ltr' id='par_1_11' title="bbox 173 2347 1185 2493">
     <span class='ocr_line' id='line_1_36' title="bbox 213 2347 1185 2382; baseline 0.001 -6"><span class='ocrx_word' id='word_1_229' title='bbox 213 2359 227 2376; x_wconf 72' lang='grc' dir='ltr'>(ι</span> <span class='ocrx_word' id='word_1_230' title='bbox 258 2372 289 2378; x_wconf 94' lang='grc'>..</span> <span class='ocrx_word' id='word_1_231' title='bbox 322 2347 488 2382; x_wconf 70' lang='lat' dir='ltr'>Briocenst&#39;,</span> <span class='ocrx_word' id='word_1_232' title='bbox 514 2353 541 2376; x_wconf 81' lang='lat' dir='ltr'>et</span> <span class='ocrx_word' id='word_1_233' title='bbox 564 2372 593 2377; x_wconf 94' lang='lat'>..</span> <span class='ocrx_word' id='word_1_234' title='bbox 624 2347 808 2376; x_wconf 67' lang='lat' dir='ltr'>Thoarcensi</span> <span class='ocrx_word' id='word_1_235' title='bbox 834 2347 1056 2377; x_wconf 74' lang='lat' dir='ltr'>archidiaconis</span> <span class='ocrx_word' id='word_1_236' title='bbox 1083 2348 1111 2376; x_wconf 81' lang='grc' dir='ltr'>ἱη</span> <span class='ocrx_word' id='word_1_237' title='bbox 1142 2358 1185 2377; x_wconf 76' lang='lat' dir='ltr'>ec-</span> 
     </span>
     <span class='ocr_line' id='line_1_37' title="bbox 173 2400 1184 2439; baseline 0.002 -10"><span class='ocrx_word' id='word_1_238' title='bbox 173 2401 263 2430; x_wconf 78' lang='lat' dir='ltr'>clesia</span> <span class='ocrx_word' id='word_1_239' title='bbox 296 2400 485 2430; x_wconf 58' lang='lat' dir='ltr'>Pit-cavensi.</span> <span class='ocrx_word' id='word_1_240' title='bbox 520 2400 623 2430; x_wconf 83' lang='lat' dir='ltr'>Sedes</span> <span class='ocrx_word' id='word_1_241' title='bbox 657 2400 858 2439; x_wconf 84' lang='lat' dir='ltr'>apostolica,</span> <span class='ocrx_word' id='word_1_242' title='bbox 891 2402 956 2430; x_wconf 77' lang='lat' dir='ltr'>etc.</span> <span class='ocrx_word' id='word_1_243' title='bbox 990 2419 1026 2421; x_wconf 96' lang='lat'><strong>—</strong></span> <span class='ocrx_word' id='word_1_244' title='bbox 1060 2401 1184 2431; x_wconf 89' lang='lat' dir='ltr'>Datum</span> 
     </span>
     <span class='ocr_line' id='line_1_38' title="bbox 174 2453 1184 2493; baseline -0.001 -9"><span class='ocrx_word' id='word_1_245' title='bbox 174 2454 261 2493; x_wconf 81' lang='lat' dir='ltr'>apud</span> <span class='ocrx_word' id='word_1_246' title='bbox 289 2453 577 2489; x_wconf 69' lang='lat' dir='ltr'>Urbemveterem,</span> <span class='ocrx_word' id='word_1_247' title='bbox 607 2462 639 2483; x_wconf 88' lang='grc' dir='ltr'>ν1</span> <span class='ocrx_word' id='word_1_248' title='bbox 667 2453 830 2483; x_wconf 81' lang='lat' dir='ltr'>kalendas</span> <span class='ocrx_word' id='word_1_249' title='bbox 860 2453 1064 2487; x_wconf 84' lang='lat' dir='ltr'>novembris,</span> <span class='ocrx_word' id='word_1_250' title='bbox 1099 2463 1184 2484; x_wconf 89' lang='lat' dir='ltr'>anno</span> 
     </span>
    </p>
   </div>
   <div class='ocr_carea' id='block_1_12' title="bbox 173 2507 1183 2774">
    <p class='ocr_par' dir='ltr' id='par_1_12' title="bbox 173 2507 1183 2774">
     <span class='ocr_line' id='line_1_39' title="bbox 173 2507 282 2537; baseline -0.018 0"><span class='ocrx_word' id='word_1_251' title='bbox 173 2507 247 2537; x_wconf 80' lang='lat'>111⁰.</span> <span class='ocrx_word' id='word_1_252' title='bbox 268 2517 282 2535; x_wconf 79' lang='grc'>1)</span> 
     </span>
     <span class='ocr_line' id='line_1_40' title="bbox 263 2659 1111 2693; baseline 0.002 -8"><span class='ocrx_word' id='word_1_253' title='bbox 263 2662 335 2693; x_wconf 75' lang='grc'>903</span> <span class='ocrx_word' id='word_1_254' title='bbox 711 2659 834 2689; x_wconf 80' lang='lat' dir='ltr'>Orvieto,</span> <span class='ocrx_word' id='word_1_255' title='bbox 851 2660 885 2686; x_wconf 77' lang='lat'>30</span> <span class='ocrx_word' id='word_1_256' title='bbox 903 2660 1016 2689; x_wconf 84' lang='lat' dir='ltr'>octobre</span> <span class='ocrx_word' id='word_1_257' title='bbox 1035 2661 1111 2688; x_wconf 70' lang='lat'>1203.</span> 
     </span>
     <span class='ocr_line' id='line_1_41' title="bbox 210 2738 1183 2774; baseline -0.001 -8"><span class='ocrx_word' id='word_1_258' title='bbox 210 2740 388 2774; x_wconf 84' lang='lat' dir='ltr'>Dispensatio</span> <span class='ocrx_word' id='word_1_259' title='bbox 417 2746 502 2773; x_wconf 79' lang='lat' dir='ltr'>super</span> <span class='ocrx_word' id='word_1_260' title='bbox 523 2738 666 2765; x_wconf 77' lang='lat' dir='ltr'>absentia.</span> <span class='ocrx_word' id='word_1_261' title='bbox 694 2739 773 2773; x_wconf 62' lang='lat' dir='ltr'>(itae.</span> <span class='ocrx_word' id='word_1_262' title='bbox 802 2740 845 2768; x_wconf 62' lang='lat'>28,</span> <span class='ocrx_word' id='word_1_263' title='bbox 873 2738 920 2765; x_wconf 85' lang='lat' dir='ltr'>t&#39;ol.</span> <span class='ocrx_word' id='word_1_264' title='bbox 950 2739 1010 2771; x_wconf 71' lang='lat'>129,</span> <span class='ocrx_word' id='word_1_265' title='bbox 1039 2747 1106 2766; x_wconf 89' lang='lat' dir='ltr'>anu.</span> <span class='ocrx_word' id='word_1_266' title='bbox 1138 2739 1183 2771; x_wconf 90' lang='grc' dir='ltr'><strong>ΙΙΙ,</strong></span> 
     </span>
    </p>
   </div>
   <div class='ocr_carea' id='block_1_13' title="bbox 175 2788 388 2822">
    <p class='ocr_par' dir='ltr' id='par_1_13' title="bbox 175 2788 388 2822">
     <span class='ocr_line' id='line_1_42' title="bbox 175 2788 388 2822; baseline 0.005 -8"><span class='ocrx_word' id='word_1_267' title='bbox 175 2789 266 2815; x_wconf 76' lang='lat' dir='ltr'>benef.</span> <span class='ocrx_word' id='word_1_268' title='bbox 286 2794 315 2814; x_wconf 82' lang='lat' dir='ltr'>n⁰</span> <span class='ocrx_word' id='word_1_269' title='bbox 330 2788 388 2822; x_wconf 68' lang='lat' dir='ltr'>zi.)</span> 
     </span>
    </p>
   </div>
   <div class='ocr_carea' id='block_1_14' title="bbox 175 2879 1188 2972">
    <p class='ocr_par' dir='ltr' id='par_1_14' title="bbox 175 2879 1188 2972">
     <span class='ocr_line' id='line_1_43' title="bbox 215 2879 1187 2920; baseline -0.002 -10"><span class='ocrx_word' id='word_1_270' title='bbox 215 2892 230 2910; x_wconf 81' lang='lat'>«</span> <span class='ocrx_word' id='word_1_271' title='bbox 246 2881 392 2920; x_wconf 73' lang='lat' dir='ltr'>Maqisero</span> <span class='ocrx_word' id='word_1_272' title='bbox 403 2880 506 2915; x_wconf 80' lang='lat' dir='ltr'>Petro,</span> <span class='ocrx_word' id='word_1_273' title='bbox 521 2879 602 2909; x_wconf 73' lang='lat' dir='ltr'>dicto</span> <span class='ocrx_word' id='word_1_274' title='bbox 615 2880 741 2915; x_wconf 84' lang='lat' dir='ltr'>Veteri,</span> <span class='ocrx_word' id='word_1_275' title='bbox 755 2879 910 2918; x_wconf 75' lang='lat' dir='ltr'>capellano</span> <span class='ocrx_word' id='word_1_276' title='bbox 924 2885 1039 2915; x_wconf 77' lang='lat' dir='ltr'>nostro,</span> <span class='ocrx_word' id='word_1_277' title='bbox 1050 2880 1187 2919; x_wconf 69' lang='lat' dir='ltr'>generali</span> 
     </span>
     <span class='ocr_line' id='line_1_44' title="bbox 175 2931 1188 2972; baseline -0.001 -9"><span class='ocrx_word' id='word_1_278' title='bbox 175 2943 333 2963; x_wconf 72' lang='lat' dir='ltr'>causarum</span> <span class='ocrx_word' id='word_1_279' title='bbox 359 2933 456 2962; x_wconf 73' lang='lat' dir='ltr'>nostri</span> <span class='ocrx_word' id='word_1_280' title='bbox 476 2932 590 2972; x_wconf 77' lang='lat' dir='ltr'>palatii</span> <span class='ocrx_word' id='word_1_281' title='bbox 619 2931 762 2968; x_wconf 72' lang='lat' dir='ltr'>auditori,</span> <span class='ocrx_word' id='word_1_282' title='bbox 794 2932 906 2962; x_wconf 81' lang='lat' dir='ltr'>decano</span> <span class='ocrx_word' id='word_1_283' title='bbox 937 2932 1058 2962; x_wconf 78' lang='lat' dir='ltr'>ecclesie</span> <span class='ocrx_word' id='word_1_284' title='bbox 1087 2934 1188 2962; x_wconf 74' lang='lat' dir='ltr'>sancti</span> 
     </span>
    </p>
   </div>
   <div class='ocr_carea' id='block_1_15' title="bbox 1218 463 1220 1185">
    <p class='ocr_par' dir='ltr' id='par_1_15' title="bbox 1218 463 1220 1185">
     <span class='ocr_line' id='line_1_45' title="bbox 1218 463 1220 1185; baseline 0 0"><span class='ocrx_word' id='word_1_285' title='bbox 1218 463 1220 1185; x_wconf 95' lang='lat' dir='ltr'> </span> 
     </span>
    </p>
   </div>
   <div class='ocr_carea' id='block_1_16' title="bbox 2202 272 2262 302">
    <p class='ocr_par' dir='ltr' id='par_1_16' title="bbox 2202 272 2262 302">
     <span class='ocr_line' id='line_1_46' title="bbox 2202 272 2262 302; baseline 0.033 -2"><span class='ocrx_word' id='word_1_286' title='bbox 2202 272 2262 302; x_wconf 72' lang='lat'>435</span> 
     </span>
    </p>
   </div>
   <div class='ocr_carea' id='block_1_17' title="bbox 1259 343 2261 389">
    <p class='ocr_par' dir='ltr' id='par_1_17' title="bbox 1259 343 2261 389">
     <span class='ocr_line' id='line_1_47' title="bbox 1259 343 2261 389; baseline 0.012 -17"><span class='ocrx_word' id='word_1_287' title='bbox 1259 343 1354 373; x_wconf 75' lang='lat' dir='ltr'>Ylarz&#39;i</span> <span class='ocrx_word' id='word_1_288' title='bbox 1376 345 1576 378; x_wconf 58' lang='lat' dir='ltr'>Pictas-ensis.</span> <span class='ocrx_word' id='word_1_289' title='bbox 1599 349 1668 378; x_wconf 74' lang='lat' dir='ltr'>&#39;l&#39;ue</span> <span class='ocrx_word' id='word_1_290' title='bbox 1691 350 1880 380; x_wconf 73' lang='lat' dir='ltr'>devotionis</span> <span class='ocrx_word' id='word_1_291' title='bbox 1903 353 2034 388; x_wconf 76' lang='lat' dir='ltr'>merita,</span> <span class='ocrx_word' id='word_1_292' title='bbox 2055 355 2130 389; x_wconf 60' lang='lat' dir='ltr'>etc„</span> <span class='ocrx_word' id='word_1_293' title='bbox 2151 371 2187 374; x_wconf 90' lang='lat'>—</span> <span class='ocrx_word' id='word_1_294' title='bbox 2209 363 2261 384; x_wconf 88' lang='lat' dir='ltr'>us-</span> 
     </span>
    </p>
   </div>
   <div class='ocr_carea' id='block_1_18' title="bbox 1218 400 2259 444">
    <p class='ocr_par' dir='ltr' id='par_1_18' title="bbox 1218 400 2259 444">
     <span class='ocr_line' id='line_1_48' title="bbox 1218 400 2259 444; baseline 0.01 -17"><span class='ocrx_word' id='word_1_295' title='bbox 1218 409 1220 427; x_wconf 81' lang='grc'>1</span> <span class='ocrx_word' id='word_1_296' title='bbox 1249 406 1324 434; x_wconf 72' lang='lat' dir='ltr'>quc,</span> <span class='ocrx_word' id='word_1_297' title='bbox 1337 407 1396 427; x_wconf 67' lang='lat' dir='ltr'>nos</span> <span class='ocrx_word' id='word_1_298' title='bbox 1408 400 1474 429; x_wconf 87' lang='lat' dir='ltr'>tuis</span> <span class='ocrx_word' id='word_1_299' title='bbox 1485 400 1642 438; x_wconf 64' lang='lat' dir='ltr'>precibus·</span> <span class='ocrx_word' id='word_1_300' title='bbox 1655 401 1817 438; x_wconf 81' lang='lat' dir='ltr'>inclinati,</span> <span class='ocrx_word' id='word_1_301' title='bbox 1832 406 1866 433; x_wconf 86' lang='lat' dir='ltr'>ut</span> <span class='ocrx_word' id='word_1_302' title='bbox 1877 412 1895 433; x_wconf 83' lang='lat' dir='ltr'>a</span> <span class='ocrx_word' id='word_1_303' title='bbox 1907 405 1993 434; x_wconf 80' lang='lat' dir='ltr'>sesto</span> <span class='ocrx_word' id='word_1_304' title='bbox 2004 407 2259 444; x_wconf 68' lang='lat' dir='ltr'>Assumptionis</span> 
     </span>
    </p>
   </div>
   <div class='ocr_carea' id='block_1_19' title="bbox 1248 449 2257 547">
    <p class='ocr_par' dir='ltr' id='par_1_19' title="bbox 1248 449 2257 547">
     <span class='ocr_line' id='line_1_49' title="bbox 1248 449 2257 496; baseline 0.011 -18"><span class='ocrx_word' id='word_1_305' title='bbox 1248 449 1344 480; x_wconf 84' lang='lat' dir='ltr'>beate</span> <span class='ocrx_word' id='word_1_306' title='bbox 1371 452 1520 490; x_wconf 75' lang='lat' dir='ltr'>Virginis</span> <span class='ocrx_word' id='word_1_307' title='bbox 1544 455 1698 491; x_wconf 81' lang='lat' dir='ltr'>proximo</span> <span class='ocrx_word' id='word_1_308' title='bbox 1730 457 1901 493; x_wconf 80' lang='lat' dir='ltr'>preterito,</span> <span class='ocrx_word' id='word_1_309' title='bbox 1923 467 1987 496; x_wconf 85' lang='lat' dir='ltr'>quo</span> <span class='ocrx_word' id='word_1_310' title='bbox 2019 460 2049 488; x_wconf 88' lang='lat' dir='ltr'>te</span> <span class='ocrx_word' id='word_1_311' title='bbox 2080 468 2257 489; x_wconf 76' lang='lat' dir='ltr'>causarum</span> 
     </span>
     <span class='ocr_line' id='line_1_50' title="bbox 1248 503 2255 547; baseline 0.012 -16"><span class='ocrx_word' id='word_1_312' title='bbox 1248 503 1364 540; x_wconf 86' lang='lat' dir='ltr'>palatii</span> <span class='ocrx_word' id='word_1_313' title='bbox 1405 506 1509 535; x_wconf 81' lang='lat' dir='ltr'>nostri</span> <span class='ocrx_word' id='word_1_314' title='bbox 1547 508 1736 544; x_wconf 74' lang='lat' dir='ltr'>generalem</span> <span class='ocrx_word' id='word_1_315' title='bbox 1776 509 2014 547; x_wconf 66' lang='lat' dir='ltr'>deputavimus</span> <span class='ocrx_word' id='word_1_316' title='bbox 2051 511 2255 547; x_wconf 74' lang='lat' dir='ltr'>auditorem,</span> 
     </span>
    </p>
   </div>
   <div class='ocr_carea' id='block_1_20' title="bbox 1217 559 2257 603">
    <p class='ocr_par' dir='ltr' id='par_1_20' title="bbox 1217 559 2257 603">
     <span class='ocr_line' id='line_1_51' title="bbox 1217 559 2257 603; baseline 0.011 -20"><span class='ocrx_word' id='word_1_317' title='bbox 1217 600 1218 603; x_wconf 13' lang='grc' dir='ltr'><strong>Ἰ</strong></span> <span class='ocrx_word' id='word_1_318' title='bbox 1248 564 1420 595; x_wconf 73' lang='lat' dir='ltr'>quousque</span> <span class='ocrx_word' id='word_1_319' title='bbox 1440 559 1566 587; x_wconf 86' lang='lat' dir='ltr'>nostris</span> <span class='ocrx_word' id='word_1_320' title='bbox 1589 560 1754 589; x_wconf 77' lang='lat' dir='ltr'>institeris</span> <span class='ocrx_word' id='word_1_321' title='bbox 1774 561 1957 600; x_wconf 76' lang='lat' dir='ltr'>obsequiis,</span> <span class='ocrx_word' id='word_1_322' title='bbox 1979 564 2126 593; x_wconf 74' lang='lat' dir='ltr'>osticium</span> <span class='ocrx_word' id='word_1_323' title='bbox 2143 564 2257 603; x_wconf 57' lang='grc'><strong>11111115-</strong></span> 
     </span>
    </p>
   </div>
   <div class='ocr_carea' id='block_1_21' title="bbox 1247 609 2259 1496">
    <p class='ocr_par' dir='ltr' id='par_1_21' title="bbox 1247 609 2259 1496">
     <span class='ocr_line' id='line_1_52' title="bbox 1247 609 2255 653; baseline 0.011 -16"><span class='ocrx_word' id='word_1_324' title='bbox 1247 609 1336 637; x_wconf 83' lang='lat' dir='ltr'>modi</span> <span class='ocrx_word' id='word_1_325' title='bbox 1356 611 1552 647; x_wconf 73' lang='lat' dir='ltr'>exercendo,</span> <span class='ocrx_word' id='word_1_326' title='bbox 1574 615 1755 650; x_wconf 74' lang='lat' dir='ltr'>proventus</span> <span class='ocrx_word' id='word_1_327' title='bbox 1773 624 1984 653; x_wconf 67' lang='lat' dir='ltr'>tpiocumque</span> <span class='ocrx_word' id='word_1_328' title='bbox 2002 620 2255 648; x_wconf 75' lang='lat' dir='ltr'>accensainento</span> 
     </span>
     <span class='ocr_line' id='line_1_53' title="bbox 1247 661 2255 702; baseline 0.01 -12"><span class='ocrx_word' id='word_1_329' title='bbox 1247 661 1374 692; x_wconf 80' lang='lat' dir='ltr'>scilicet</span> <span class='ocrx_word' id='word_1_330' title='bbox 1393 663 1442 692; x_wconf 78' lang='lat' dir='ltr'>vel</span> <span class='ocrx_word' id='word_1_331' title='bbox 1456 664 1522 693; x_wconf 87' lang='lat' dir='ltr'>alio</span> <span class='ocrx_word' id='word_1_332' title='bbox 1535 665 1669 695; x_wconf 77' lang='grc'><strong>1101111110</strong></span> <span class='ocrx_word' id='word_1_333' title='bbox 1688 669 1897 702; x_wconf 65' lang='lat' dir='ltr'>censeantur,</span> <span class='ocrx_word' id='word_1_334' title='bbox 1916 668 2098 698; x_wconf 71' lang='lat' dir='ltr'>decanatus</span> <span class='ocrx_word' id='word_1_335' title='bbox 2115 670 2255 700; x_wconf 75' lang='lat' dir='ltr'>ecclesie</span> 
     </span>
     <span class='ocr_line' id='line_1_54' title="bbox 1247 715 2255 753; baseline 0.011 -11"><span class='ocrx_word' id='word_1_336' title='bbox 1247 715 1354 743; x_wconf 84' lang='lat' dir='ltr'>sancti</span> <span class='ocrx_word' id='word_1_337' title='bbox 1369 715 1475 745; x_wconf 75' lang='lat' dir='ltr'>Ylarii</span> <span class='ocrx_word' id='word_1_338' title='bbox 1494 717 1704 747; x_wconf 77' lang='lat' dir='ltr'>Pictavensis</span> <span class='ocrx_word' id='word_1_339' title='bbox 1717 721 1747 747; x_wconf 87' lang='lat' dir='ltr'>et</span> <span class='ocrx_word' id='word_1_340' title='bbox 1764 719 1907 750; x_wconf 88' lang='lat' dir='ltr'>aliorum</span> <span class='ocrx_word' id='word_1_341' title='bbox 1929 720 2167 751; x_wconf 76' lang='lat' dir='ltr'>beneficiorum</span> <span class='ocrx_word' id='word_1_342' title='bbox 2184 725 2255 753; x_wconf 86' lang='lat' dir='ltr'>tuo-</span> 
     </span>
     <span class='ocr_line' id='line_1_55' title="bbox 1247 769 2255 811; baseline 0.01 -16"><span class='ocrx_word' id='word_1_343' title='bbox 1247 775 1319 796; x_wconf 86' lang='lat' dir='ltr'>rum</span> <span class='ocrx_word' id='word_1_344' title='bbox 1350 777 1424 797; x_wconf 84' lang='lat' dir='ltr'>cum</span> <span class='ocrx_word' id='word_1_345' title='bbox 1451 778 1488 798; x_wconf 89' lang='lat' dir='ltr'>ea</span> <span class='ocrx_word' id='word_1_346' title='bbox 1519 769 1710 808; x_wconf 83' lang='lat' dir='ltr'>integritate</span> <span class='ocrx_word' id='word_1_347' title='bbox 1736 773 1908 810; x_wconf 86' lang='lat' dir='ltr'>percipere</span> <span class='ocrx_word' id='word_1_348' title='bbox 1932 774 2055 811; x_wconf 84' lang='lat' dir='ltr'>possis,</span> <span class='ocrx_word' id='word_1_349' title='bbox 2075 775 2255 805; x_wconf 74' lang='lat' dir='ltr'>cotidianis</span> 
     </span>
     <span class='ocr_line' id='line_1_56' title="bbox 1247 819 2256 864; baseline 0.01 -17"><span class='ocrx_word' id='word_1_350' title='bbox 1247 819 1545 852; x_wconf 86' lang='lat' dir='ltr'>distributionibus</span> <span class='ocrx_word' id='word_1_351' title='bbox 1567 831 1630 861; x_wconf 86' lang='lat' dir='ltr'>que</span> <span class='ocrx_word' id='word_1_352' title='bbox 1652 825 1772 854; x_wconf 80' lang='lat' dir='ltr'>dantur</span> <span class='ocrx_word' id='word_1_353' title='bbox 1794 825 1870 861; x_wconf 79' lang='lat' dir='ltr'>biis,</span> <span class='ocrx_word' id='word_1_354' title='bbox 1898 827 1954 864; x_wconf 83' lang='lat' dir='ltr'>qui</span> <span class='ocrx_word' id='word_1_355' title='bbox 1978 828 2148 857; x_wconf 77' lang='lat' dir='ltr'>canonicis</span> <span class='ocrx_word' id='word_1_356' title='bbox 2167 828 2256 857; x_wconf 85' lang='lat' dir='ltr'>boris</span> 
     </span>
     <span class='ocr_line' id='line_1_57' title="bbox 1247 872 2255 919; baseline 0.01 -18"><span class='ocrx_word' id='word_1_357' title='bbox 1247 872 1614 908; x_wconf 78' lang='lat' dir='ltr'>intersunt‚dumtaxat</span> <span class='ocrx_word' id='word_1_358' title='bbox 1627 878 1790 914; x_wconf 78' lang='lat' dir='ltr'>exceptis,</span> <span class='ocrx_word' id='word_1_359' title='bbox 1803 887 1876 907; x_wconf 81' lang='lat' dir='ltr'>cum</span> <span class='ocrx_word' id='word_1_360' title='bbox 1891 888 1956 916; x_wconf 89' lang='lat' dir='ltr'>qua</span> <span class='ocrx_word' id='word_1_361' title='bbox 1974 879 2050 909; x_wconf 85' lang='lat' dir='ltr'>illos</span> <span class='ocrx_word' id='word_1_362' title='bbox 2064 881 2255 919; x_wconf 71' lang='lat' dir='ltr'>perciperes</span> 
     </span>
     <span class='ocr_line' id='line_1_58' title="bbox 1247 925 2256 972; baseline 0.009 -18"><span class='ocrx_word' id='word_1_363' title='bbox 1247 925 1276 954; x_wconf 89' lang='lat' dir='ltr'>si</span> <span class='ocrx_word' id='word_1_364' title='bbox 1301 927 1523 963; x_wconf 74' lang='lat' dir='ltr'>personaliter</span> <span class='ocrx_word' id='word_1_365' title='bbox 1552 928 1584 958; x_wconf 92' lang='lat' dir='ltr'>in</span> <span class='ocrx_word' id='word_1_366' title='bbox 1612 930 1764 959; x_wconf 78' lang='lat' dir='ltr'>ecclesiis</span> <span class='ocrx_word' id='word_1_367' title='bbox 1791 931 1822 959; x_wconf 86' lang='lat' dir='ltr'>in</span> <span class='ocrx_word' id='word_1_368' title='bbox 1847 931 1970 969; x_wconf 74' lang='lat' dir='ltr'>quibus</span> <span class='ocrx_word' id='word_1_369' title='bbox 1997 932 2157 962; x_wconf 73' lang='lat' dir='ltr'>beneficia</span> <span class='ocrx_word' id='word_1_370' title='bbox 2182 934 2256 972; x_wconf 83' lang='lat' dir='ltr'>ipsa</span> 
     </span>
     <span class='ocr_line' id='line_1_59' title="bbox 1247 977 2255 1024; baseline 0.01 -18"><span class='ocrx_word' id='word_1_371' title='bbox 1247 977 1390 1012; x_wconf 85' lang='lat' dir='ltr'>obtines,</span> <span class='ocrx_word' id='word_1_372' title='bbox 1409 981 1588 1016; x_wconf 86' lang='lat' dir='ltr'>resideres,</span> <span class='ocrx_word' id='word_1_373' title='bbox 1600 983 1766 1012; x_wconf 82' lang='lat' dir='ltr'>contraria</span> <span class='ocrx_word' id='word_1_374' title='bbox 1779 984 1998 1014; x_wconf 84' lang='lat' dir='ltr'>ecclesiarum</span> <span class='ocrx_word' id='word_1_375' title='bbox 2016 985 2165 1024; x_wconf 88' lang='lat' dir='ltr'>ipsarum</span> <span class='ocrx_word' id='word_1_376' title='bbox 2177 995 2255 1016; x_wconf 80' lang='lat' dir='ltr'>con-</span> 
     </span>
     <span class='ocr_line' id='line_1_60' title="bbox 1248 1032 2258 1073; baseline 0.009 -13"><span class='ocrx_word' id='word_1_377' title='bbox 1248 1032 1425 1062; x_wconf 80' lang='lat' dir='ltr'>suetudine</span> <span class='ocrx_word' id='word_1_378' title='bbox 1451 1034 1503 1063; x_wconf 82' lang='lat' dir='ltr'>vel</span> <span class='ocrx_word' id='word_1_379' title='bbox 1522 1036 1647 1065; x_wconf 85' lang='lat' dir='ltr'>statuto</span> <span class='ocrx_word' id='word_1_380' title='bbox 1666 1036 1870 1073; x_wconf 82' lang='lat' dir='ltr'>juramento,</span> <span class='ocrx_word' id='word_1_381' title='bbox 1889 1038 2143 1068; x_wconf 82' lang='lat' dir='ltr'>confirmatione</span> <span class='ocrx_word' id='word_1_382' title='bbox 2167 1039 2258 1069; x_wconf 87' lang='lat' dir='ltr'>sedis</span> 
     </span>
     <span class='ocr_line' id='line_1_61' title="bbox 1248 1085 2257 1130; baseline 0.008 -17"><span class='ocrx_word' id='word_1_383' title='bbox 1248 1085 1430 1121; x_wconf 88' lang='lat' dir='ltr'>apostolice</span> <span class='ocrx_word' id='word_1_384' title='bbox 1452 1086 1502 1115; x_wconf 74' lang='lat' dir='ltr'>vel</span> <span class='ocrx_word' id='word_1_385' title='bbox 1523 1095 1733 1126; x_wconf 81' lang='lat' dir='ltr'>quacumque</span> <span class='ocrx_word' id='word_1_386' title='bbox 1752 1089 1909 1119; x_wconf 85' lang='lat' dir='ltr'>firmitate</span> <span class='ocrx_word' id='word_1_387' title='bbox 1928 1091 2064 1127; x_wconf 78' lang='lat' dir='ltr'>vallato,</span> <span class='ocrx_word' id='word_1_388' title='bbox 2089 1092 2160 1120; x_wconf 67' lang='lat' dir='ltr'>sive</span> <span class='ocrx_word' id='word_1_389' title='bbox 2181 1100 2257 1130; x_wconf 84' lang='lat' dir='ltr'>qua-</span> 
     </span>
     <span class='ocr_line' id='line_1_62' title="bbox 1247 1137 2258 1181; baseline 0.009 -16"><span class='ocrx_word' id='word_1_390' title='bbox 1247 1137 1299 1166; x_wconf 80' lang='lat' dir='ltr'>vis</span> <span class='ocrx_word' id='word_1_391' title='bbox 1317 1137 1526 1176; x_wconf 78' lang='lat' dir='ltr'>indulgentia</span> <span class='ocrx_word' id='word_1_392' title='bbox 1540 1140 1627 1170; x_wconf 83' lang='lat' dir='ltr'>dicte</span> <span class='ocrx_word' id='word_1_393' title='bbox 1640 1141 1743 1175; x_wconf 85' lang='lat' dir='ltr'>sedis,</span> <span class='ocrx_word' id='word_1_394' title='bbox 1758 1142 1797 1171; x_wconf 88' lang='lat' dir='ltr'>de</span> <span class='ocrx_word' id='word_1_395' title='bbox 1810 1151 1875 1180; x_wconf 85' lang='lat' dir='ltr'>qua</span> <span class='ocrx_word' id='word_1_396' title='bbox 1885 1143 2047 1181; x_wconf 84' lang='lat' dir='ltr'>cujusque</span> <span class='ocrx_word' id='word_1_397' title='bbox 2059 1145 2128 1173; x_wconf 88' lang='lat' dir='ltr'>toto</span> <span class='ocrx_word' id='word_1_398' title='bbox 2144 1146 2258 1174; x_wconf 84' lang='lat' dir='ltr'>tenore</span> 
     </span>
     <span class='ocr_line' id='line_1_63' title="bbox 1247 1189 2258 1235; baseline 0.009 -17"><span class='ocrx_word' id='word_1_399' title='bbox 1247 1189 1286 1219; x_wconf 90' lang='lat' dir='ltr'>de</span> <span class='ocrx_word' id='word_1_400' title='bbox 1301 1190 1400 1220; x_wconf 82' lang='lat' dir='ltr'>verbo</span> <span class='ocrx_word' id='word_1_401' title='bbox 1416 1191 1457 1220; x_wconf 88' lang='lat' dir='ltr'>ad</span> <span class='ocrx_word' id='word_1_402' title='bbox 1470 1192 1609 1222; x_wconf 83' lang='lat' dir='ltr'>verbum</span> <span class='ocrx_word' id='word_1_403' title='bbox 1624 1196 1776 1231; x_wconf 86' lang='lat' dir='ltr'>oporteat</span> <span class='ocrx_word' id='word_1_404' title='bbox 1792 1195 1826 1224; x_wconf 92' lang='lat' dir='ltr'>in</span> <span class='ocrx_word' id='word_1_405' title='bbox 1838 1196 1965 1225; x_wconf 85' lang='lat' dir='ltr'>nostris</span> <span class='ocrx_word' id='word_1_406' title='bbox 1983 1196 2106 1226; x_wconf 83' lang='lat' dir='ltr'>litteris</span> <span class='ocrx_word' id='word_1_407' title='bbox 2123 1197 2258 1235; x_wconf 80' lang='lat' dir='ltr'>plenam</span> 
     </span>
     <span class='ocr_line' id='line_1_64' title="bbox 1248 1244 2259 1287; baseline 0.008 -16"><span class='ocrx_word' id='word_1_408' title='bbox 1248 1244 1277 1272; x_wconf 92' lang='lat' dir='ltr'>et</span> <span class='ocrx_word' id='word_1_409' title='bbox 1299 1251 1496 1281; x_wconf 80' lang='lat' dir='ltr'>expressam</span> <span class='ocrx_word' id='word_1_410' title='bbox 1518 1245 1723 1276; x_wconf 87' lang='lat' dir='ltr'>mentionem</span> <span class='ocrx_word' id='word_1_411' title='bbox 1742 1246 1826 1283; x_wconf 85' lang='lat' dir='ltr'>fieri,</span> <span class='ocrx_word' id='word_1_412' title='bbox 1855 1249 1885 1277; x_wconf 91' lang='lat' dir='ltr'>et</span> <span class='ocrx_word' id='word_1_413' title='bbox 1907 1256 1966 1286; x_wconf 88' lang='lat' dir='ltr'>per</span> <span class='ocrx_word' id='word_1_414' title='bbox 1992 1257 2093 1287; x_wconf 84' lang='lat' dir='ltr'>quam</span> <span class='ocrx_word' id='word_1_415' title='bbox 2122 1250 2259 1279; x_wconf 74' lang='lat' dir='ltr'>effeetus</span> 
     </span>
     <span class='ocr_line' id='line_1_65' title="bbox 1247 1297 2258 1339; baseline 0.008 -15"><span class='ocrx_word' id='word_1_416' title='bbox 1247 1297 1458 1333; x_wconf 87' lang='lat' dir='ltr'>presentium</span> <span class='ocrx_word' id='word_1_417' title='bbox 1475 1298 1633 1335; x_wconf 87' lang='lat' dir='ltr'>impediri</span> <span class='ocrx_word' id='word_1_418' title='bbox 1652 1300 1904 1337; x_wconf 86' lang='lat' dir='ltr'>quomodolibet</span> <span class='ocrx_word' id='word_1_419' title='bbox 1922 1301 1973 1331; x_wconf 81' lang='lat' dir='ltr'>vel</span> <span class='ocrx_word' id='word_1_420' title='bbox 1992 1301 2118 1331; x_wconf 83' lang='lat' dir='ltr'>differri</span> <span class='ocrx_word' id='word_1_421' title='bbox 2139 1303 2258 1339; x_wconf 70' lang='lat' dir='ltr'>valeat,</span> 
     </span>
     <span class='ocr_line' id='line_1_66' title="bbox 1248 1349 2256 1393; baseline 0.008 -16"><span class='ocrx_word' id='word_1_422' title='bbox 1248 1357 1313 1378; x_wconf 89' lang='lat' dir='ltr'>nou</span> <span class='ocrx_word' id='word_1_423' title='bbox 1333 1349 1498 1387; x_wconf 86' lang='lat' dir='ltr'>obstante,</span> <span class='ocrx_word' id='word_1_424' title='bbox 1511 1351 1709 1382; x_wconf 83' lang='lat' dir='ltr'>auctoritate</span> <span class='ocrx_word' id='word_1_425' title='bbox 1729 1352 1787 1382; x_wconf 91' lang='lat' dir='ltr'>tibi</span> <span class='ocrx_word' id='word_1_426' title='bbox 1806 1355 2016 1392; x_wconf 85' lang='lat' dir='ltr'>presentium</span> <span class='ocrx_word' id='word_1_427' title='bbox 2031 1355 2256 1393; x_wconf 72' lang='lat' dir='ltr'>indulgemus.</span> 
     </span>
     <span class='ocr_line' id='line_1_67' title="bbox 1247 1402 2258 1446; baseline 0.007 -15"><span class='ocrx_word' id='word_1_428' title='bbox 1247 1402 1343 1432; x_wconf 85' lang='lat' dir='ltr'>Nulli</span> <span class='ocrx_word' id='word_1_429' title='bbox 1367 1411 1444 1441; x_wconf 84' lang='lat' dir='ltr'>ergo</span> <span class='ocrx_word' id='word_1_430' title='bbox 1470 1406 1582 1434; x_wconf 84' lang='lat' dir='ltr'>nostre</span> <span class='ocrx_word' id='word_1_431' title='bbox 1607 1406 1848 1442; x_wconf 74' lang='lat' dir='ltr'>concessionis,</span> <span class='ocrx_word' id='word_1_432' title='bbox 1881 1409 1942 1436; x_wconf 78' lang='lat' dir='ltr'>etc.</span> <span class='ocrx_word' id='word_1_433' title='bbox 1963 1425 1998 1428; x_wconf 92' lang='lat'>—</span> <span class='ocrx_word' id='word_1_434' title='bbox 2020 1407 2142 1438; x_wconf 87' lang='lat' dir='ltr'>Datum</span> <span class='ocrx_word' id='word_1_435' title='bbox 2170 1409 2258 1446; x_wconf 85' lang='lat' dir='ltr'>apud</span> 
     </span>
     <span class='ocr_line' id='line_1_68' title="bbox 1249 1455 2258 1496; baseline 0.006 -11"><span class='ocrx_word' id='word_1_436' title='bbox 1249 1455 1537 1493; x_wconf 77' lang='lat' dir='ltr'>Urbemveterem,</span> <span class='ocrx_word' id='word_1_437' title='bbox 1563 1467 1597 1486; x_wconf 93' lang='grc'>111</span> <span class='ocrx_word' id='word_1_438' title='bbox 1623 1458 1785 1488; x_wconf 80' lang='lat' dir='ltr'>kalendas</span> <span class='ocrx_word' id='word_1_439' title='bbox 1809 1459 2015 1496; x_wconf 76' lang='lat' dir='ltr'>novembris,</span> <span class='ocrx_word' id='word_1_440' title='bbox 2036 1469 2122 1491; x_wconf 91' lang='lat' dir='ltr'>anno</span> <span class='ocrx_word' id='word_1_441' title='bbox 2147 1462 2217 1491; x_wconf 71' lang='lat'>111⁰.</span> <span class='ocrx_word' id='word_1_442' title='bbox 2245 1474 2258 1488; x_wconf 87' lang='lat'>»</span> 
     </span>
    </p>
   </div>
   <div class='ocr_carea' id='block_1_22' title="bbox 1337 1619 1409 1649">
    <p class='ocr_par' dir='ltr' id='par_1_22' title="bbox 1337 1619 1409 1649">
     <span class='ocr_line' id='line_1_69' title="bbox 1337 1619 1409 1649; baseline 0 0"><span class='ocrx_word' id='word_1_443' title='bbox 1337 1619 1409 1649; x_wconf 71' lang='lat'>904</span> 
     </span>
    </p>
   </div>
   <div class='ocr_carea' id='block_1_23' title="bbox 1750 1620 2186 1649">
    <p class='ocr_par' dir='ltr' id='par_1_23' title="bbox 1750 1620 2186 1649">
     <span class='ocr_line' id='line_1_70' title="bbox 1750 1620 2186 1649; baseline 0.007 -3"><span class='ocrx_word' id='word_1_444' title='bbox 1750 1620 1873 1646; x_wconf 52' lang='lat' dir='ltr'>Ort-jeu».</span> <span class='ocrx_word' id='word_1_445' title='bbox 1900 1622 1915 1647; x_wconf 73' lang='grc' dir='ltr'>Ξ)</span> <span class='ocrx_word' id='word_1_446' title='bbox 1933 1622 2088 1647; x_wconf 74' lang='lat' dir='ltr'>novembre</span> <span class='ocrx_word' id='word_1_447' title='bbox 2111 1623 2186 1649; x_wconf 65' lang='grc'><strong>12113.</strong></span> 
     </span>
    </p>
   </div>
   <div class='ocr_carea' id='block_1_24' title="bbox 1248 1702 2257 1780">
    <p class='ocr_par' dir='ltr' id='par_1_24' title="bbox 1248 1702 2257 1780">
     <span class='ocr_line' id='line_1_71' title="bbox 1285 1702 2257 1736; baseline 0.005 -9"><span class='ocrx_word' id='word_1_448' title='bbox 1285 1702 1464 1736; x_wconf 79' lang='lat' dir='ltr'>Dispcnsatio</span> <span class='ocrx_word' id='word_1_449' title='bbox 1478 1703 1711 1736; x_wconf 78' lang='lat' dir='ltr'>supcrabsentia.</span> <span class='ocrx_word' id='word_1_450' title='bbox 1727 1704 1804 1733; x_wconf 70' lang='lat' dir='ltr'><strong>(REG.</strong></span> <span class='ocrx_word' id='word_1_451' title='bbox 1823 1704 1926 1735; x_wconf 42' lang='grc'><strong>28111</strong></span> <span class='ocrx_word' id='word_1_452' title='bbox 1948 1705 2003 1735; x_wconf 58' lang='lat'>1220,</span> <span class='ocrx_word' id='word_1_453' title='bbox 2021 1713 2086 1731; x_wconf 73' lang='lat' dir='ltr'>annv</span> <span class='ocrx_word' id='word_1_454' title='bbox 2103 1705 2147 1731; x_wconf 89' lang='grc' dir='ltr'><strong>ΙΙΙ.</strong></span> <span class='ocrx_word' id='word_1_455' title='bbox 2163 1706 2257 1733; x_wconf 79' lang='lat' dir='ltr'>benef.</span> 
     </span>
     <span class='ocr_line' id='line_1_72' title="bbox 1248 1752 1350 1780; baseline 0 -4"><span class='ocrx_word' id='word_1_456' title='bbox 1248 1755 1278 1776; x_wconf 79' lang='lat' dir='ltr'>n⁰</span> <span class='ocrx_word' id='word_1_457' title='bbox 1293 1752 1350 1780; x_wconf 70' lang='lat'>22.)</span> 
     </span>
    </p>
   </div>
   <div class='ocr_carea' id='block_1_25' title="bbox 1246 1848 2259 2672">
    <p class='ocr_par' dir='ltr' id='par_1_25' title="bbox 1246 1848 2259 2672">
     <span class='ocr_line' id='line_1_73' title="bbox 1289 1848 2257 1890; baseline 0.005 -14"><span class='ocrx_word' id='word_1_458' title='bbox 1289 1858 1303 1876; x_wconf 78' lang='grc'>(1</span> <span class='ocrx_word' id='word_1_459' title='bbox 1338 1848 1486 1887; x_wconf 71' lang='lat' dir='ltr'>illciyz&#39;sero</span> <span class='ocrx_word' id='word_1_460' title='bbox 1521 1848 1680 1878; x_wconf 72' lang='lat' dir='ltr'>Guiclelmo</span> <span class='ocrx_word' id='word_1_461' title='bbox 1707 1849 1847 1888; x_wconf 70' lang='lat' dir='ltr'>Beryerc,</span> <span class='ocrx_word' id='word_1_462' title='bbox 1880 1851 1998 1878; x_wconf 67' lang='lat' dir='ltr'>crincort‘</span> <span class='ocrx_word' id='word_1_463' title='bbox 2036 1851 2257 1890; x_wconf 68' lang='lat' dir='ltr'>Andcqavensi,</span> 
     </span>
     <span class='ocr_line' id='line_1_74' title="bbox 1247 1900 2259 1937; baseline 0.006 -9"><span class='ocrx_word' id='word_1_464' title='bbox 1247 1900 1431 1930; x_wconf 70' lang='lat' dir='ltr'>subdiacono</span> <span class='ocrx_word' id='word_1_465' title='bbox 1453 1907 1566 1931; x_wconf 75' lang='lat' dir='ltr'>nostro.</span> <span class='ocrx_word' id='word_1_466' title='bbox 1585 1902 1716 1931; x_wconf 86' lang='lat' dir='ltr'>Meritis</span> <span class='ocrx_word' id='word_1_467' title='bbox 1738 1902 1928 1932; x_wconf 82' lang='lat' dir='ltr'>devotionis</span> <span class='ocrx_word' id='word_1_468' title='bbox 1947 1905 2014 1937; x_wconf 86' lang='lat' dir='ltr'>tue,</span> <span class='ocrx_word' id='word_1_469' title='bbox 2034 1906 2095 1933; x_wconf 84' lang='lat' dir='ltr'>etc.</span> <span class='ocrx_word' id='word_1_470' title='bbox 2114 1923 2151 1925; x_wconf 96' lang='lat'><strong>—</strong></span> <span class='ocrx_word' id='word_1_471' title='bbox 2171 1904 2259 1935; x_wconf 86' lang='lat' dir='ltr'>Hine</span> 
     </span>
     <span class='ocr_line' id='line_1_75' title="bbox 1248 1955 2259 1992; baseline 0.004 -9"><span class='ocrx_word' id='word_1_472' title='bbox 1248 1955 1299 1984; x_wconf 86' lang='lat' dir='ltr'>est</span> <span class='ocrx_word' id='word_1_473' title='bbox 1314 1955 1402 1992; x_wconf 82' lang='lat' dir='ltr'>quod</span> <span class='ocrx_word' id='word_1_474' title='bbox 1418 1963 1490 1988; x_wconf 72' lang='grc'><strong>1105,</strong></span> <span class='ocrx_word' id='word_1_475' title='bbox 1508 1955 1576 1984; x_wconf 85' lang='lat' dir='ltr'>tuis</span> <span class='ocrx_word' id='word_1_476' title='bbox 1593 1955 1900 1992; x_wconf 75' lang='lat' dir='ltr'>supplicationibus</span> <span class='ocrx_word' id='word_1_477' title='bbox 1919 1956 2082 1992; x_wconf 67' lang='lat' dir='ltr'>inclinati,</span> <span class='ocrx_word' id='word_1_478' title='bbox 2100 1957 2162 1986; x_wconf 92' lang='lat' dir='ltr'>tibi</span> <span class='ocrx_word' id='word_1_479' title='bbox 2184 1966 2259 1988; x_wconf 82' lang='lat' dir='ltr'>aue-</span> 
     </span>
     <span class='ocr_line' id='line_1_76' title="bbox 1247 2007 2259 2047; baseline 0.004 -11"><span class='ocrx_word' id='word_1_480' title='bbox 1247 2007 1382 2037; x_wconf 84' lang='lat' dir='ltr'>toritate</span> <span class='ocrx_word' id='word_1_481' title='bbox 1397 2007 1606 2045; x_wconf 88' lang='lat' dir='ltr'>presentium</span> <span class='ocrx_word' id='word_1_482' title='bbox 1626 2008 1840 2045; x_wconf 72' lang='lat' dir='ltr'>indulgemus</span> <span class='ocrx_word' id='word_1_483' title='bbox 1859 2010 1893 2038; x_wconf 86' lang='lat' dir='ltr'>ut</span> <span class='ocrx_word' id='word_1_484' title='bbox 1909 2009 2071 2039; x_wconf 80' lang='lat' dir='ltr'>insistens</span> <span class='ocrx_word' id='word_1_485' title='bbox 2086 2018 2144 2047; x_wconf 87' lang='lat' dir='ltr'>per</span> <span class='ocrx_word' id='word_1_486' title='bbox 2161 2011 2259 2040; x_wconf 85' lang='lat' dir='ltr'>trien-</span> 
     </span>
     <span class='ocr_line' id='line_1_77' title="bbox 1247 2060 2254 2099; baseline 0.006 -10"><span class='ocrx_word' id='word_1_487' title='bbox 1247 2061 1341 2090; x_wconf 87' lang='lat' dir='ltr'>nium</span> <span class='ocrx_word' id='word_1_488' title='bbox 1365 2060 1476 2090; x_wconf 88' lang='lat' dir='ltr'>studio</span> <span class='ocrx_word' id='word_1_489' title='bbox 1500 2060 1686 2099; x_wconf 83' lang='lat' dir='ltr'>theologice</span> <span class='ocrx_word' id='word_1_490' title='bbox 1704 2061 1875 2091; x_wconf 77' lang='lat' dir='ltr'>facultatis</span> <span class='ocrx_word' id='word_1_491' title='bbox 1899 2070 1958 2091; x_wconf 87' lang='lat' dir='ltr'>seu</span> <span class='ocrx_word' id='word_1_492' title='bbox 1982 2063 2070 2099; x_wconf 79' lang='lat' dir='ltr'>juris</span> <span class='ocrx_word' id='word_1_493' title='bbox 2091 2064 2254 2095; x_wconf 78' lang='lat' dir='ltr'>canonici,</span> 
     </span>
     <span class='ocr_line' id='line_1_78' title="bbox 1247 2112 2255 2153; baseline 0.005 -12"><span class='ocrx_word' id='word_1_494' title='bbox 1247 2112 1280 2141; x_wconf 91' lang='lat' dir='ltr'>in</span> <span class='ocrx_word' id='word_1_495' title='bbox 1302 2112 1385 2142; x_wconf 83' lang='lat' dir='ltr'>loc-is</span> <span class='ocrx_word' id='word_1_496' title='bbox 1405 2113 1439 2141; x_wconf 90' lang='lat' dir='ltr'>in</span> <span class='ocrx_word' id='word_1_497' title='bbox 1467 2112 1590 2150; x_wconf 78' lang='lat' dir='ltr'>quibus</span> <span class='ocrx_word' id='word_1_498' title='bbox 1615 2113 1808 2151; x_wconf 84' lang='lat' dir='ltr'>hujusmodi</span> <span class='ocrx_word' id='word_1_499' title='bbox 1830 2114 1981 2143; x_wconf 83' lang='lat' dir='ltr'>studium</span> <span class='ocrx_word' id='word_1_500' title='bbox 2000 2116 2119 2153; x_wconf 69' lang='lat' dir='ltr'>vigeat.</span> <span class='ocrx_word' id='word_1_501' title='bbox 2142 2117 2255 2153; x_wconf 81' lang='lat' dir='ltr'>possis</span> 
     </span>
     <span class='ocr_line' id='line_1_79' title="bbox 1246 2166 2256 2204; baseline 0.005 -10"><span class='ocrx_word' id='word_1_502' title='bbox 1246 2167 1430 2203; x_wconf 80' lang='lat' dir='ltr'>proventus</span> <span class='ocrx_word' id='word_1_503' title='bbox 1450 2166 1598 2195; x_wconf 78' lang='lat' dir='ltr'>cantorie</span> <span class='ocrx_word' id='word_1_504' title='bbox 1612 2166 1865 2204; x_wconf 66' lang='lat' dir='ltr'>Andegaveusis</span> <span class='ocrx_word' id='word_1_505' title='bbox 1883 2169 1913 2196; x_wconf 89' lang='lat' dir='ltr'>et</span> <span class='ocrx_word' id='word_1_506' title='bbox 1933 2167 2114 2198; x_wconf 79' lang='lat' dir='ltr'>decanatus</span> <span class='ocrx_word' id='word_1_507' title='bbox 2132 2169 2256 2199; x_wconf 85' lang='lat' dir='ltr'>ruralis</span> 
     </span>
     <span class='ocr_line' id='line_1_80' title="bbox 1247 2219 2254 2258; baseline 0.004 -11"><span class='ocrx_word' id='word_1_508' title='bbox 1247 2219 1286 2248; x_wconf 88' lang='lat' dir='ltr'>de</span> <span class='ocrx_word' id='word_1_509' title='bbox 1308 2219 1394 2248; x_wconf 88' lang='lat' dir='ltr'>inter</span> <span class='ocrx_word' id='word_1_510' title='bbox 1412 2219 1543 2248; x_wconf 74' lang='lat' dir='ltr'>Sartaiu</span> <span class='ocrx_word' id='word_1_511' title='bbox 1559 2221 1591 2248; x_wconf 90' lang='lat' dir='ltr'>et</span> <span class='ocrx_word' id='word_1_512' title='bbox 1609 2219 1821 2254; x_wconf 87' lang='lat' dir='ltr'>Meduanam,</span> <span class='ocrx_word' id='word_1_513' title='bbox 1839 2220 1934 2258; x_wconf 83' lang='lat' dir='ltr'>cujus</span> <span class='ocrx_word' id='word_1_514' title='bbox 1955 2221 2100 2250; x_wconf 85' lang='lat' dir='ltr'>decanus</span> <span class='ocrx_word' id='word_1_515' title='bbox 2121 2222 2254 2257; x_wconf 77' lang='lat' dir='ltr'>existis,</span> 
     </span>
     <span class='ocr_line' id='line_1_81' title="bbox 1248 2271 2255 2313; baseline 0.004 -12"><span class='ocrx_word' id='word_1_516' title='bbox 1248 2281 1283 2301; x_wconf 78' lang='lat' dir='ltr'>ac</span> <span class='ocrx_word' id='word_1_517' title='bbox 1309 2272 1453 2301; x_wconf 79' lang='lat' dir='ltr'>aliorum</span> <span class='ocrx_word' id='word_1_518' title='bbox 1479 2271 1719 2301; x_wconf 79' lang='lat' dir='ltr'>beneficiorum</span> <span class='ocrx_word' id='word_1_519' title='bbox 1747 2275 1879 2301; x_wconf 89' lang='lat' dir='ltr'>tuorum</span> <span class='ocrx_word' id='word_1_520' title='bbox 1906 2282 1979 2302; x_wconf 85' lang='lat' dir='ltr'>cum</span> <span class='ocrx_word' id='word_1_521' title='bbox 2000 2283 2036 2302; x_wconf 83' lang='lat' dir='ltr'>ea</span> <span class='ocrx_word' id='word_1_522' title='bbox 2065 2275 2255 2313; x_wconf 79' lang='lat' dir='ltr'>integritate</span> 
     </span>
     <span class='ocr_line' id='line_1_82' title="bbox 1246 2325 2253 2367; baseline 0.004 -13"><span class='ocrx_word' id='word_1_523' title='bbox 1246 2325 1430 2364; x_wconf 73' lang='lat' dir='ltr'>percipere,</span> <span class='ocrx_word' id='word_1_524' title='bbox 1442 2325 1621 2355; x_wconf 79' lang='lat' dir='ltr'>cotidianis</span> <span class='ocrx_word' id='word_1_525' title='bbox 1633 2325 1932 2355; x_wconf 76' lang='lat' dir='ltr'>distrilmtionibus</span> <span class='ocrx_word' id='word_1_526' title='bbox 1945 2327 2118 2357; x_wconf 82' lang='lat' dir='ltr'>dumtaxat</span> <span class='ocrx_word' id='word_1_527' title='bbox 2136 2337 2253 2367; x_wconf 80' lang='lat' dir='ltr'>excep-</span> 
     </span>
     <span class='ocr_line' id='line_1_83' title="bbox 1246 2378 2254 2418; baseline 0.003 -11"><span class='ocrx_word' id='word_1_528' title='bbox 1246 2379 1301 2411; x_wconf 85' lang='lat' dir='ltr'>tis,</span> <span class='ocrx_word' id='word_1_529' title='bbox 1320 2387 1396 2407; x_wconf 80' lang='lat' dir='ltr'>cum</span> <span class='ocrx_word' id='word_1_530' title='bbox 1417 2387 1482 2416; x_wconf 81' lang='lat' dir='ltr'>qua</span> <span class='ocrx_word' id='word_1_531' title='bbox 1500 2378 1577 2407; x_wconf 84' lang='lat' dir='ltr'>illos</span> <span class='ocrx_word' id='word_1_532' title='bbox 1594 2378 1795 2415; x_wconf 75' lang='lat' dir='ltr'>perciperes,</span> <span class='ocrx_word' id='word_1_533' title='bbox 1809 2379 1836 2407; x_wconf 78' lang='lat' dir='ltr'>si</span> <span class='ocrx_word' id='word_1_534' title='bbox 1856 2379 1887 2407; x_wconf 87' lang='lat' dir='ltr'>in</span> <span class='ocrx_word' id='word_1_535' title='bbox 1907 2379 2060 2409; x_wconf 80' lang='lat' dir='ltr'>ecclesiis</span> <span class='ocrx_word' id='word_1_536' title='bbox 2079 2380 2111 2409; x_wconf 89' lang='lat' dir='ltr'>in</span> <span class='ocrx_word' id='word_1_537' title='bbox 2131 2380 2254 2418; x_wconf 88' lang='lat' dir='ltr'>quibus</span> 
     </span>
     <span class='ocr_line' id='line_1_84' title="bbox 1246 2431 2254 2469; baseline 0.003 -9"><span class='ocrx_word' id='word_1_538' title='bbox 1246 2431 1406 2461; x_wconf 82' lang='lat' dir='ltr'>beneficia</span> <span class='ocrx_word' id='word_1_539' title='bbox 1418 2431 1491 2469; x_wconf 84' lang='lat' dir='ltr'>ipsa</span> <span class='ocrx_word' id='word_1_540' title='bbox 1501 2431 1645 2465; x_wconf 86' lang='lat' dir='ltr'>obtines,</span> <span class='ocrx_word' id='word_1_541' title='bbox 1654 2431 1878 2469; x_wconf 75' lang='lat' dir='ltr'>personaliter</span> <span class='ocrx_word' id='word_1_542' title='bbox 1890 2432 2068 2468; x_wconf 83' lang='lat' dir='ltr'>resideres,</span> <span class='ocrx_word' id='word_1_543' title='bbox 2077 2436 2107 2462; x_wconf 84' lang='lat' dir='ltr'>et</span> <span class='ocrx_word' id='word_1_544' title='bbox 2118 2434 2254 2463; x_wconf 88' lang='lat' dir='ltr'>interim</span> 
     </span>
     <span class='ocr_line' id='line_1_85' title="bbox 1247 2484 2254 2524; baseline 0.004 -11"><span class='ocrx_word' id='word_1_545' title='bbox 1247 2485 1288 2514; x_wconf 87' lang='lat' dir='ltr'>ad</span> <span class='ocrx_word' id='word_1_546' title='bbox 1322 2484 1575 2522; x_wconf 84' lang='lat' dir='ltr'>suscipiendum</span> <span class='ocrx_word' id='word_1_547' title='bbox 1608 2484 1759 2513; x_wconf 86' lang='lat' dir='ltr'>ordinem</span> <span class='ocrx_word' id='word_1_548' title='bbox 1791 2485 1969 2514; x_wconf 81' lang='lat' dir='ltr'>sacerdotii</span> <span class='ocrx_word' id='word_1_549' title='bbox 2003 2486 2160 2524; x_wconf 86' lang='lat' dir='ltr'>compelli</span> <span class='ocrx_word' id='word_1_550' title='bbox 2189 2496 2254 2517; x_wconf 89' lang='lat' dir='ltr'>non</span> 
     </span>
     <span class='ocr_line' id='line_1_86' title="bbox 1247 2537 2252 2577; baseline 0.003 -10"><span class='ocrx_word' id='word_1_551' title='bbox 1247 2538 1359 2576; x_wconf 85' lang='lat' dir='ltr'>possis</span> <span class='ocrx_word' id='word_1_552' title='bbox 1382 2537 1520 2571; x_wconf 82' lang='lat' dir='ltr'>invitus,</span> <span class='ocrx_word' id='word_1_553' title='bbox 1552 2546 1616 2567; x_wconf 92' lang='lat' dir='ltr'>non</span> <span class='ocrx_word' id='word_1_554' title='bbox 1645 2537 1860 2567; x_wconf 82' lang='lat' dir='ltr'>obstantibus</span> <span class='ocrx_word' id='word_1_555' title='bbox 1885 2539 2065 2568; x_wconf 86' lang='lat' dir='ltr'>contrariis</span> <span class='ocrx_word' id='word_1_556' title='bbox 2088 2539 2252 2577; x_wconf 85' lang='lat' dir='ltr'>ipsarum,</span> 
     </span>
     <span class='ocr_line' id='line_1_87' title="bbox 1247 2589 2253 2628; baseline 0.003 -8"><span class='ocrx_word' id='word_1_557' title='bbox 1247 2593 1308 2620; x_wconf 89' lang='lat' dir='ltr'>etc.</span> <span class='ocrx_word' id='word_1_558' title='bbox 1332 2607 1368 2611; x_wconf 93' lang='lat'>—</span> <span class='ocrx_word' id='word_1_559' title='bbox 1386 2590 1509 2619; x_wconf 89' lang='lat' dir='ltr'>Datum</span> <span class='ocrx_word' id='word_1_560' title='bbox 1525 2590 1611 2628; x_wconf 82' lang='lat' dir='ltr'>apud</span> <span class='ocrx_word' id='word_1_561' title='bbox 1631 2589 1915 2625; x_wconf 75' lang='lat' dir='ltr'>Urbemveterem‚</span> <span class='ocrx_word' id='word_1_562' title='bbox 1934 2591 2031 2621; x_wconf 80' lang='lat' dir='ltr'>nonis</span> <span class='ocrx_word' id='word_1_563' title='bbox 2048 2592 2253 2627; x_wconf 89' lang='lat' dir='ltr'>novembris,</span> 
     </span>
     <span class='ocr_line' id='line_1_88' title="bbox 1247 2643 1456 2672; baseline -0.01 0"><span class='ocrx_word' id='word_1_564' title='bbox 1247 2651 1332 2672; x_wconf 86' lang='lat' dir='ltr'>anno</span> <span class='ocrx_word' id='word_1_565' title='bbox 1349 2643 1420 2672; x_wconf 72' lang='grc' dir='ltr'>ΠΡ.</span> <span class='ocrx_word' id='word_1_566' title='bbox 1442 2653 1456 2671; x_wconf 87' lang='lat'>»</span> 
     </span>
    </p>
   </div>
   <div class='ocr_carea' id='block_1_26' title="bbox 1337 2810 2183 2840">
    <p class='ocr_par' dir='ltr' id='par_1_26' title="bbox 1337 2810 2183 2840">
     <span class='ocr_line' id='line_1_89' title="bbox 1337 2810 2183 2840; baseline 0.013 -12"><span class='ocrx_word' id='word_1_567' title='bbox 1337 2810 1409 2840; x_wconf 73' lang='lat'>905</span> <span class='ocrx_word' id='word_1_568' title='bbox 1784 2810 1906 2837; x_wconf 84' lang='lat' dir='ltr'>Orvieto.</span> <span class='ocrx_word' id='word_1_569' title='bbox 1924 2811 1956 2837; x_wconf 80' lang='lat'>31</span> <span class='ocrx_word' id='word_1_570' title='bbox 1972 2812 2087 2838; x_wconf 76' lang='lat' dir='ltr'>octobre</span> <span class='ocrx_word' id='word_1_571' title='bbox 2109 2813 2183 2839; x_wconf 64' lang='grc'><strong>12113.</strong></span> 
     </span>
    </p>
   </div>
   <div class='ocr_carea' id='block_1_27' title="bbox 1249 2888 2254 2970">
    <p class='ocr_par' dir='ltr' id='par_1_27' title="bbox 1249 2888 2254 2970">
     <span class='ocr_line' id='line_1_90' title="bbox 1285 2888 2254 2923; baseline 0.004 -9"><span class='ocrx_word' id='word_1_572' title='bbox 1285 2888 1462 2922; x_wconf 77' lang='lat' dir='ltr'>Dispensatio</span> <span class='ocrx_word' id='word_1_573' title='bbox 1491 2896 1574 2922; x_wconf 85' lang='lat' dir='ltr'>super</span> <span class='ocrx_word' id='word_1_574' title='bbox 1599 2889 1738 2915; x_wconf 78' lang='lat' dir='ltr'>absentia.</span> <span class='ocrx_word' id='word_1_575' title='bbox 1768 2889 1845 2923; x_wconf 66' lang='lat' dir='ltr'>(lien.</span> <span class='ocrx_word' id='word_1_576' title='bbox 1879 2892 1924 2922; x_wconf 55' lang='lat'>25,</span> <span class='ocrx_word' id='word_1_577' title='bbox 1951 2890 1998 2916; x_wconf 82' lang='lat' dir='ltr'>l&#39;ol.</span> <span class='ocrx_word' id='word_1_578' title='bbox 2031 2892 2088 2920; x_wconf 75' lang='lat'>1:29,</span> <span class='ocrx_word' id='word_1_579' title='bbox 2114 2899 2180 2918; x_wconf 81' lang='lat' dir='ltr'>anu.</span> <span class='ocrx_word' id='word_1_580' title='bbox 2208 2892 2254 2922; x_wconf 89' lang='lat'>111,</span> 
     </span>
     <span class='ocr_line' id='line_1_91' title="bbox 1249 2937 1463 2970; baseline 0.005 -7"><span class='ocrx_word' id='word_1_581' title='bbox 1249 2937 1340 2963; x_wconf 70' lang='lat' dir='ltr'>benef.</span> <span class='ocrx_word' id='word_1_582' title='bbox 1361 2944 1392 2963; x_wconf 80' lang='lat'>12⁰</span> <span class='ocrx_word' id='word_1_583' title='bbox 1407 2938 1463 2970; x_wconf 75' lang='lat'><strong>23.)</strong></span> 
     </span>
    </p>
   </div>
  </div>
 </body>
</html>
