2547 3289
1153 269 1364 300 D’URBAIN
1388 269 1445 299 IV.

256 358 386 385 nemus,
409 350 626 380 serenitatem
643 351 770 390 regiam
788 351 969 390 rogandam
989 351 1149 381 duximus
1167 353 1271 381 atten-

255 403 324 433 tius
332 403 569 434 ethortandam
580 404 740 442 quatinus
750 404 873 443 ipsum,
886 413 961 434 cum
970 404 1012 434 ad
1021 406 1052 434 te
1065 404 1268 442 pervenerit,

254 455 398 494 benigne
415 456 585 495 recipiens
602 460 632 487 et
649 456 788 488 honeste
805 459 1014 496 pertractans
1029 465 1178 487 annuum
1195 465 1270 487 cen-

255 509 446 547 suminquo
455 509 565 539 eidem
574 510 714 540 ecclesie
724 510 830 540 teneri
840 510 1108 548 dinoscerisfflro
1119 509 1270 548 presenti

255 563 287 592 et
305 562 479 600 preteritis
501 563 598 592 annis
622 572 640 593 a
660 565 812 602 tempore
831 572 896 602 quo
914 571 1053 593 censum
1075 562 1270 600 hujusmodi

255 623 321 645 non
337 615 484 651 solvisti,
496 615 627 654 prefato
641 616 773 653 clerico>
786 617 901 646 nostro
917 617 947 645 et
961 615 1110 654 predicte
1126 615 1269 645 ecclesie

256 668 403 704 nomine,
424 668 530 699 facias
546 669 734 699 liberaliter
747 672 777 700 et
794 669 922 707 integre
938 668 1117 707 assignari,
1137 676 1173 697 ac
1191 676 1270 698 eun-

255 721 331 751 dem
345 721 507 752 clericum
517 722 551 752 in
564 722 726 760 predictis
739 721 978 760 promovendis
992 720 1270 759 negotiishabens

254 782 314 812 pro
333 775 515 813 apostolice
535 775 626 805 sedis
646 776 678 805 et
700 776 816 804 nostra
832 774 1021 804 reverentia
1038 773 1271 804 favorabiliter

254 827 540 862 commendatum,
570 827 680 857 eidem
707 835 809 865 super
833 826 901 856 hiis
922 835 958 856 ac
981 826 1083 857 etiam
1102 826 1136 856 in
1153 834 1270 856 securo
1301 839 1303 848 ›

257 880 423 910 conductu
441 888 500 918 per
517 881 627 910 terras
642 882 730 916 tuas,
744 888 819 910 cum
838 879 878 909 ab
894 888 932 910 eo
951 879 1055 910 fueris
1072 879 1269 918 requisitus,

254 932 433 971 impendas
449 932 616 962 auxilium
633 933 665 963 et
682 932 863 963 consilium
882 934 1097 971 oportunum,
1118 932 1164 962 ita
1182 931 1272 970 quod

254 994 315 1016 nos
332 986 365 1015 id
381 986 514 1024 gratum
531 985 706 1022 habentes,
726 986 961 1016 celsitudinem
976 987 1069 1016 tuam
1086 985 1270 1015 debeamus

254 1038 377 1068 exinde
392 1047 467 1069 cum
480 1039 666 1078 gratiarum
683 1038 872 1069 actionibus
887 1040 1006 1069 merito
1022 1038 1267 1069 commendare.

254 1092 380 1122 Datum
412 1091 501 1130 apud
533 1091 829 1129 Urbemveterem,
858 1101 904 1122 xn
934 1092 1098 1122 kalendas
1129 1091 1248 1130 aprilis
1261 1115 1268 1127 ‚

255 1152 342 1175 anno
359 1144 472 1174 tertio.
494 1155 507 1171 »

296 1198 334 1228 In
351 1198 496 1228 eundem
522 1198 661 1228 modum
679 1199 858 1229 carissimo
882 1198 917 1228 in
944 1198 1080 1229 Christo
1103 1197 1173 1228 filio
1194 1223 1199 1228 .
1223 1222 1228 1228 .

254 1251 324 1290 regi
340 1251 535 1290 Portugalie
552 1251 690 1288 illustri,
709 1253 785 1288 etc,
806 1253 841 1282 ut
859 1260 963 1291 supra
985 1259 1045 1291 per
1060 1253 1180 1282 totum.

343 1434 415 1465 456
827 1432 955 1466 Orvieto,
971 1433 1006 1459 20
1022 1440 1100 1459 mars
1118 1433 1196 1459 1264.

287 1512 386 1539 Simile
408 1513 578 1540 mandatum
602 1513 729 1540 mittitur
749 1512 849 1540 comiti
878 1512 1095 1540 Barchinoniae.
1119 1512 1198 1547 (REGV
1222 1514 1267 1543 27,

256 1561 383 1592 101131,
404 1566 436 1588 n⁰
453 1562 493 1596 2.)

298 1668 313 1687 u
348 1681 355 1687 .
382 1683 388 1688 .
426 1656 531 1686 comiti
552 1656 772 1686 Barchinonie.
806 1656 978 1686 Honorem
1003 1656 1099 1685 tuum
1130 1656 1192 1685 etc.
1218 1672 1267 1684 —.

254 1712 379 1742 Datum
412 1710 501 1748 apud
531 1709 820 1746 Urbemveterem,
854 1719 911 1738 xm
945 1709 1109 1738 kalendas
1140 1707 1268 1746 aprilis,

254 1773 341 1795 anno
354 1763 467 1794 tertio.
489 1775 504 1791 »

823 1941 947 1973 Orvicto,
966 1941 1000 1967 ‘20
1020 1947 1098 1966 mars
1122 1941 1197 1967 1262.

344 1945 416 1976 457

290 2023 388 2051 Simile
407 2023 577 2050 mandatum
599 2021 726 2049 mittitur
742 2021 876 2056 episcopo
895 2020 1101 2056 magalonensi.
1130 2020 1209 2055 (Rae.
1229 2022 1272 2054 27,

253 2072 306 2100 fol.
329 2073 387 2103 131,
408 2078 439 2098 110
456 2073 497 2107 3.)

296 2176 311 2192 «
333 2190 339 2196 .
362 2189 367 2194 .
385 2164 528 2204 episcopo
545 2163 770 2204 Mayalonensi.
786 2163 959 2194 Honorem
976 2164 1072 2193 tuum
1091 2163 1207 2193 decere
1220 2181 1270 2196 —,

255 2219 291 2249 ut
311 2227 414 2257 supra
432 2218 467 2248 in
483 2218 642 2256 proxima
663 2226 723 2256 per
740 2218 862 2248 totum.
882 2229 897 2245 »

299 2284 312 2297 «
330 2271 367 2301 In
381 2271 525 2301 eundem
541 2271 682 2302 modum
701 2295 706 2300 .
723 2295 728 2301 .
747 2271 906 2309 episcopo
923 2269 1121 2309 Agathensi‚
1141 2270 1217 2306 eto,
1236 2270 1273 2299 ut

258 2333 361 2363 supra
374 2324 410 2354 in
426 2324 591 2363 proxima,
611 2333 720 2363 usque
734 2324 850 2355 datum
869 2323 960 2362 apud
979 2323 1270 2359 Urbemveterem‚

258 2386 302 2407 xn
318 2377 481 2407 kalendas
497 2377 627 2416 aprilis,
648 2385 735 2408 anno
751 2377 865 2408 tertio.
883 2385 900 2407 »

298 2442 312 2458 «
334 2430 373 2460 In
399 2430 545 2460 eundem
572 2430 710 2461 modum
741 2454 747 2459 .
775 2453 783 2461 .
807 2430 965 2469 episcopo
987 2429 1270 2469 Petragoricensi‚

259 2486 334 2518 etc.,
353 2491 462 2522 usque
482 2483 597 2513 datum
615 2484 704 2522 apud
719 2482 1008 2518 Urbemveterem,
1029 2492 1091 2513 xm
1107 2482 1273 2512 kalendas

259 2536 391 2575 aprilis,
413 2544 499 2566 anno
517 2536 630 2566 tertio.
653 2547 667 2562 »

349 2715 423 2747 458
830 2711 954 2744 Orvieto,
970 2713 1004 2739 20
1024 2721 1101 2740 mars
1121 2713 1197 2740 ¹264.

293 2793 393 2821 Simile
421 2793 591 2820 mandatum
619 2792 746 2820 mittitur
773 2791 948 2824 consulibus,
978 2793 1094 2820 vicariis
1120 2795 1149 2820 et
1172 2792 1273 2820 comiti

259 2841 536 2878 Montispessulanis.
554 2842 632 2877 (Rae.
652 2842 697 2874 27,
718 2840 766 2868 sol.
793 2842 852 2872 131,
871 2846 901 2867 n⁰
915 2841 957 2877 4.)

301 2947 316 2964 «
348 2935 540 2974 Consulibus,
574 2935 699 2966 vicariis
727 2939 755 2965 et
783 2960 788 2965 .
818 2935 948 2965 ,εωηὶίί
974 2934 1271 2975 Montispessulam's.

2288 267 2345 296 127

1332 351 1502 381 Honorem
1527 352 1677 380 vestrum
1695 350 1811 380 decere
1836 368 1882 380 —.
1910 350 2034 380 Datum
2055 350 2142 388 apud
2160 349 2347 380 Urbemve·

1331 405 1448 440 terem,
1470 414 1512 433 x11
1530 404 1692 433 kalendas
1712 404 1842 442 aprilis,
1865 412 1950 433 anno
1968 403 2078 433 tertio.
2099 416 2112 429 »

1878 592 2001 623 orvieto,
2020 594 2053 619 Ξῖ
2071 592 2175 619 sevi-ier
2193 593 2267 620 1264.

1421 594 1494 624 459

1367 671 1561 706 infrascriptis
1580 672 1697 697 mandat
1722 674 1861 705 quatenus
1879 672 2018 703 magistro
2038 672 2146 706 Syuitio
2173 673 2342 706 impendant

1331 720 1495 747 consilium,
1513 721 1650 747 auxilium
1668 723 1695 747 ct
1709 720 1847 746 savorem.
1866 721 1943 753 (Rea.
1962 723 2004 747 27.
2022 720 2069 748 sol.
2093 723 2150 752 131,
2169 726 2199 747 110
2216 723 2256 755 5,)

1374 833 1388 851 u
1411 847 1416 852 .
1439 848 1444 853 .
1469 822 1569 862 priori
1593 827 1619 851 e!
1643 822 1795 861 maqistrz's
1817 831 1868 850 scu
1891 822 2120 861 preceptoribus
2140 831 2174 850 w:
2192 822 2344 860 frutribus

1332 875 1488 905 domorum
1506 875 1678 915 Hospitalis
1695 874 1922 904 Roscidmwllis.
1942 875 1981 903 al
1998 885 2071 914 quos
2087 875 2188 903 litam—«1
2206 875 2258 903 istc
2274 885 2344 914 per-

1332 930 1481 959 venerint.
1510 929 1593 959 Cum
1617 929 1777 958 dilectum
1807 928 1914 958 tilium
1934 928 2133 967 magistrum
2157 928 2342 966 Synitium,

1333 991 1463 1013 camere
1479 983 1591 1012 nostre
1610 981 1782 1017 clericum,
1802 981 1843 1010 ad
1865 983 1977 1019 partes
1995 981 2156 1019 Yspanie,
2177 981 2345 1019 Aragonie

1333 1038 1361 1066 et
1382 1035 1570 1066 Guasconie
1593 1044 1627 1065 ac
1650 1035 1734 1064 alias
1752 1035 1906 1073 regiones
1925 1043 1983 1072 pro
2000 1034 2126 1064 nostris
2150 1036 2179 1063 et
2204 1034 2344 1064 ecclesie

1348 1090 1484 1119 {omane
1508 1088 1652 1126 negotiis
1671 1087 1893 1122 destinemus,
1914 1087 2171 1117 universitatem
2196 1088 2344 1116 vestram

1334 1141 1510 1181 rogandam
1539 1140 1700 1170 duximus
1718 1140 1879 1170 attentius
1900 1142 1930 1170 et
1955 1140 2153 1169 hortandam
2173 1148 2231 1177 per
2248 1148 2346 1178 apos-

1332 1195 1433 1225 tolica
1447 1194 1543 1224 vobis
1562 1194 1687 1232 scripta
1703 1193 1915 1228 mandantes,
1933 1192 2093 1231 quatinus·
2111 1192 2254 1222 eundem
2274 1201 2345 1222 ma—

1332 1249 1475 1287 gistrum
1494 1247 1666 1283 habentes,
1684 1256 1744 1286 pro
1761 1248 1876 1276 nostra
1892 1249 1923 1276 et
1941 1245 2124 1284 aposttdice
2143 1245 2234 1275 sedis
2252 1253 2345 1275 reve-

1332 1302 1450 1337 rentia,
1463 1301 1496 1330 in
1508 1300 1700 1340 hujusmodi
1709 1300 1853 1339 negotiis
1865 1299 2103 1338 promovendis
2115 1298 2344 1328 favorabiliter

1332 1355 1614 1390 commendatum,
1630 1354 1740 1384 eidem
1751 1352 1931 1391 superbiis
1944 1361 1979 1382 ac
1992 1352 2026 1381 in
2037 1360 2153 1382 securo
2165 1352 2344 1388 conductu,

1331 1417 1406 1438 cum
1424 1407 1464 1437 ab
1480 1416 1517 1437 eo
1541 1407 1674 1437 fueritis
1695 1406 1863 1445 requisiti,
1886 1405 2090 1444 impendatis
2110 1405 2289 1434 consitium
2311 1405 2343 1434 et

1331 1461 1498 1491 auxilium
1512 1462 1727 1499 oportunum,
1742 1460 1787 1489 ita
1800 1459 1889 1498 quod
1902 1467 1962 1488 nos
1975 1458 2008 1488 id
2021 1460 2152 1497 gratum
2167 1457 2341 1493 habentes,

1331 1514 1542 1544 devotionem
1559 1515 1707 1543 vvestram
1724 1512 1906 1542 debeamus
1925 1511 2045 1542 exinde
2064 1520 2138 1540 cum
2157 1511 2343 1549 gratiarum

1331 1566 1522 1597 actionibus
1540 1567 1662 1596 merito
1680 1565 1928 1596 commendare.
1948 1566 2073 1595 Datum
2094 1564 2182 1602 apud
2203 1563 2341 1593 [rbem-

1289 1621 1292 1625 ’
1330 1622 1490 1653 veterem,
1508 1629 1542 1649 111
1561 1619 1723 1649 kalendas
1738 1618 1863 1654 martii,
1884 1627 1970 1648 anno
1988 1618 2100 1647 tertio.
2124 1630 2136 1642 ιι

1372 1678 1409 1707 Ι11
1427 1678 1570 1708 eundem
1587 1677 1724 1707 modum
1742 1676 1928 1715 magistris,
1949 1674 2203 1714 preceptorilms
2224 1675 2256 1704 et
2278 1673 2340 1703 fra-

1331 1731 1441 1761 tribus
1468 1731 1645 1760 domorum
1662 1729 1852 1769 Hospitalis
1869 1728 1976 1758 sancti
1996 1726 2341 1758 ]01111111115.]01’05011-

1332 1784 1463 1820 mitani,
1483 1784 1523 1813 ad
1541 1792 1626 1822 quos
1645 1783 1756 1813 littere
1779 1783 1842 1813 iste
1859 1781 2086 1820 pervenerint.
2109 1779 2176 1810 Sub
2201 1780 2270 1809 dat.
2297 1789 2342 1808 vn

1333 1837 1496 1867 kalendas
1513 1837 1638 1872 martii,
1655 1845 1741 1866 anno
1758 1835 1871 1865 tertio.
1892 1844 1908 1863 >›

1372 1895 1410 1924 In
1428 1895 1572 1925 eundem
1598 1894 1735 1923 niodum
1749 1892 1935 1931 magistris,
1949 1890 2203 1930 preceptoribus
2222 1892 2253 1919 et
2276 1889 2341 1918 fra-

1332 1948 1442 1978 tribus
1456 1948 1631 1977 domorum
1644 1946 1765 1977 Militie
1781 1946 1886 1976 sancti
1901 1944 2029 1978 Jacobi‚
2044 1944 2084 1974 ad
2098 1952 2193 1982 quos,
2212 1945 2288 1978 etc,
2304 1943 2341 1971 ut

1334 2002 1367 2031 in
1384 2001 1540 2039 proxima
1559 1999 1727 2038 superiori
1745 2007 1803 2037 per
1819 2000 1939 2028 totum.

1373 2059 1411 2089 In
1429 2058 1572 2089 eundem
1589 2057 1726 2087 modum
1744 2055 1930 2095 magistris,
1947 2054 2201 2094 preceptoribus
2220 2055 2251 2084 et
2279 2053 2345 2083 sra-

1333 2112 1443 2143 tribus
1461 2111 1639 2142 domorum
1657 2110 1779 2141 Militie
1798 2109 1942 2148 Templi,
1967 2108 2009 2138 ad
2030 2116 2114 2146 quos
2130 2109 2206 2143 etc„
2235 2115 2343 2145 usque

1333 2167 1449 2196 datum
1465 2165 1555 2204 apud
1574 2163 1863 2199 Urbemveterem,
1886 2172 1902 2191 v
1921 2161 2084 2192 kalendas
2108 2160 2234 2194 martii⁷
2257 2168 2344 2190 anno

1333 2219 1446 2250 tertio.

1373 2277 1412 2306 ln
1444 2275 1588 2306 eundem
1625 2274 1763 2304 modum
1799 2272 1984 2311 magistris,
2020 2270 2277 2310 preceptoribus
2312 2271 2344 2300 et

1334 2329 1497 2360 fratribus
1518 2329 1693 2359 domorum
1710 2327 1831 2357 Militie
1851 2325 2112 2357 Calatravensis,

1373 2384 1411 2413 In
1431 2383 1574 2413 eundem
1603 2381 1740 2411 modum
1770 2378 1942 2419 prioribus
1967 2380 1997 2408 et
2023 2377 2185 2408 fratribus
2215 2375 2345 2406 ordinis

1333 2436 1599 2467 Predicatorum.
1629 2434 1697 2465 Sub
1728 2434 1795 2463 dat.
1826 2442 1867 2462 xv
1898 2431 2060 2461 kalendas
2099 2430 2228 2468 aprilis,
2258 2437 2344 2459 anno

1334 2490 1445 2520 tertio,
1467 2502 1480 2515 »

1373 2548 1412 2577 In
1435 2547 1578 2577 eundem
1598 2545 1735 2575 modum
1756 2543 1936 2578 ministris,
1959 2540 2157 2581 guardianis
2181 2542 2212 2570 et
2235 2539 2346 2570 fratri-

1334 2600 1397 2631 bus
1417 2600 1547 2630 ordinis
1561 2599 1742 2632 Minorum,
1763 2597 1804 2627 ad
1822 2605 1907 2635 quos
1926 2595 2050 2631 littere,
2068 2596 2131 2623 etc.

1373 2658 1412 2688 In
1438 2657 1583 2688 eundem
1610 2656 1747 2686 modum
1768 2679 1774 2685 .
1797 2679 1802 2684 .
1836 2653 2089 2690 archiepiscopo
2110 2649 2344 2685 Bracharensi,

1334 2711 1476 2741 mutatis
1496 2709 1680 2745 mutandis,
1700 2707 1762 2738 sub
1785 2707 1852 2737 dat.
1873 2716 1889 2735 v
1916 2705 2078 2735 kalendas
2102 2703 2227 2739 martii,
2257 2710 2344 2733 anno

1334 2764 1448 2794 tertio.
1468 2775 1483 2791 »

1373 2821 1412 2851 In
1430 2820 1573 2850 eundem
1592 2818 1728 2849 modum
1749 2842 1755 2848 .
1779 2840 1784 2846 .

1374 2878 1413 2908 In
1431 2877 1575 2908 eundem
1593 2876 1731 2906 modum
1751 2900 1756 2905 .
1778 2898 1784 2905 .
1803 2873 2056 2912 archiepiscopo
2075 2871 2233 2903 Arbensi.

1779 2957 1784 2962 .
1803 2931 2055 2970 archiepiscopo
2074 2930 2256 2961 Auxitano.

1808 2816 2059 2855 archiepiscopo
2086 2812 2342 2852 Burdegalensi.

1374 2936 1413 2966 In
1432 2935 1576 2966 eundem
1594 2934 1731 2964 modum
1752 2957 1757 2963 .
