2547 3289
1021 242 1262 281 TROIsOEME
1295 243 1458 280 ANNEE.

197 333 397 372 Cagatosici,
419 333 500 363 olim
519 333 627 371 ipsius
646 332 786 363 ecclesie
806 332 931 369 clerici,
951 332 1094 363 materia
1108 341 1204 371 ques-

195 386 311 422 tionis,
332 388 363 416 et
381 395 483 416 causa
500 394 601 424 super
619 385 680 416 hoc
696 386 737 416 ad
756 386 976 424 apostolicam
994 386 1108 416 sedem
1126 385 1205 423 legi-

195 439 276 469 time
289 439 457 475 devoluta,
470 439 580 469 felicis
589 439 832 469 recordationis
842 439 1034 469 Alexander
1043 447 1129 477 papa
1140 438 1204 468 IIII

195 501 257 522 nos
269 492 361 522 dedit
376 492 530 531 partibus
540 492 741 522 auditorem.
754 492 914 522 Partibus
932 492 1032 531 igitur
1048 491 1204 522 videlicet
1235 505 1237 515 ι

195 545 376 575 Ambrosio
393 545 433 575 de
457 545 609 584 Juciago,
628 544 751 583 prefati
771 545 959 580 Guillelmi,
981 546 1011 575 et
1036 544 1205 575 Bonifatio

196 598 235 628 de
256 598 422 637 Unglonis
451 598 530 628 dicti
550 597 691 628 Arnoldi
718 597 1005 636 procuratoribus,
1035 606 1095 636 pro
1120 597 1205 635 ipsis

194 651 378 681 Guillelmo
393 652 426 681 et
441 651 591 681 Arnoldo
610 651 644 680 in
661 652 776 680 nostra
797 651 968 689 presentia
984 650 1206 688 comparenti-

193 703 270 739 bus,
307 704 396 734 idem
431 703 645 739 Ambrosius,
684 704 915 742 procuratorio
956 704 1092 733 nomine
1126 703 1205 733 dicti

193 757 384 793 Guillelmi,
414 758 530 786 contra
558 756 686 786 dictum
718 756 927 787 Bonifatium
960 764 1020 794 pro
1056 756 1205 786 Arnoldo

193 810 344 848 predicto
371 809 527 839 libellum
550 808 671 839 obtulit
696 818 808 839 coram
826 808 924 839 nobis
944 809 977 838 in
998 808 1125 847 judicio
1143 808 1206 838 sub

193 863 253 892 hac
271 863 380 892 forma
396 871 402 891 z

233 924 247 943 «
268 916 390 945 Coram
407 913 515 949 vobis,
533 913 720 944 venerabili
738 915 845 952 patre,
866 914 1002 943 domino
1025 914 1079 949 O.,
1098 914 1205 943 sancti

195 978 209 994 »
229 967 371 997 Adriani
400 967 540 996 diacono
565 966 742 1002 cardinali,
773 975 792 995 a
824 966 961 996 domino
986 975 1074 1005 papa
1104 966 1206 996 infra-

194 1032 208 1046 »
226 1020 364 1058 scriptis
375 1019 530 1058 partibus
544 1019 697 1049 auditore
712 1027 884 1054 concesso,
901 1019 982 1049 dicit
1002 1021 1031 1049 et
1050 1020 1205 1058 proponit

193 1083 208 1103 »
224 1073 430 1104 Guillelmus
449 1072 630 1107 Crivellus,
650 1072 794 1102 clericus
813 1074 845 1102 et
862 1071 1085 1102 beneficiatus
1103 1073 1206 1102 eccle-

193 1137 208 1153 »
225 1126 274 1156 sie
293 1126 401 1156 sancti
417 1125 566 1156 Victoris
585 1125 626 1156 ad
645 1125 829 1156 Theatrum
847 1125 1110 1162 Mediolanense,
1131 1134 1206 1155 con-

192 1191 208 1207 »
226 1180 279 1209 tra
301 1179 491 1209 Arnoldum
507 1179 547 1209 de
575 1178 763 1218 Mayneriis
789 1180 820 1208 et
848 1178 921 1217 ejus
951 1180 1205 1217 procuratorem

193 1244 208 1260 »
227 1232 354 1267 dicens,
376 1232 476 1271 quod,
499 1240 576 1262 cum
594 1232 634 1262 de
650 1231 814 1262 beneficio
835 1231 923 1270 quod
947 1231 1029 1262 olim
1051 1232 1206 1270 Preposi-

193 1287 282 1316 »tus
300 1285 520 1324 Cagatosicus
546 1285 581 1314 in
602 1285 755 1324 predicta
782 1285 925 1315 ecclesia
954 1284 1138 1320 obtinebat,
1162 1285 1205 1316 sit

192 1347 209 1368 1)
227 1339 386 1368 canonice
404 1339 586 1368 investitus
609 1339 641 1368 et
660 1338 694 1368 in
712 1338 966 1376 possessionem
984 1338 1154 1375 inductus,
1174 1341 1206 1369 et

193 1392 269 1422 »ad
295 1400 373 1422 eum
396 1391 472 1430 jure
501 1392 680 1430 pertineat,
709 1391 820 1421 dictus
844 1391 1017 1421 Arnoldus
1045 1392 1084 1421 de
1104 1391 1202 1428 facto,

193 1455 208 1474 »
227 1453 303 1474 cum
320 1445 359 1474 de
374 1444 448 1482 jure
465 1453 531 1474 non
545 1444 666 1483 possit,
681 1453 838 1474 asserens
855 1444 895 1474 ad
912 1453 946 1474 se
961 1444 1089 1474 dictum
1106 1444 1206 1474 bene-

192 1508 207 1527 »
227 1498 341 1528 tioium
357 1498 526 1536 pertinere
544 1500 575 1527 et
595 1506 629 1527 se
646 1498 687 1527 ad
705 1506 783 1527 eum
801 1499 1069 1536 representatum
1084 1497 1203 1531 fuisse,

191 1551 371 1581 »eundem
396 1551 618 1581 Guillelmum
646 1559 747 1589 super
775 1551 849 1589 ipso
878 1550 1040 1581 beneticio
1063 1551 1204 1589 impedit

192 1615 207 1633 »
224 1604 462 1643 multipliciter
482 1606 512 1634 et
528 1604 698 1634 molestat.
717 1604 827 1639 Quare
843 1604 928 1642 petit
946 1613 1005 1642 per
1022 1613 1094 1640 vos,
1113 1613 1206 1634 reve-

191 1668 207 1686 »
225 1658 327 1687 rende
351 1659 456 1695 pater,
476 1657 638 1696 quicquid
657 1657 782 1686 factum
807 1659 857 1687 est
882 1657 914 1686 in
932 1665 1077 1695 persona
1095 1657 1204 1695 ipsius

192 1721 208 1740 »
225 1710 401 1741 Gruillelmi
426 1711 466 1740 de
484 1711 571 1740 dicto
595 1709 770 1745 beneficio,
797 1712 994 1740 auctoritate
1018 1710 1204 1749 apostolica

191 1774 206 1793 »
224 1763 429 1797 confirmari,
457 1766 487 1793 et
518 1763 645 1793 dictum
668 1763 881 1799 beneficium,
908 1772 983 1793 cum
1007 1763 1143 1802 juribus
1172 1766 1203 1794 et

192 1829 206 1844 »
225 1817 442 1855 pertinentiis
470 1816 554 1852 suis,
576 1815 641 1846 sibi
661 1816 861 1854 adjudicari,
884 1818 915 1846 et-
938 1817 979 1846 ad
1003 1825 1079 1846 eum
1100 1817 1202 1855 perti-

191 1880 206 1899 »
226 1878 305 1900 nere
325 1870 365 1899 de
386 1870 461 1908 jure
483 1869 732 1900 sententialiter
755 1869 931 1903 declarari,
960 1871 989 1899 et
1014 1878 1048 1900 se
1070 1870 1203 1900 institui

189 1933 204 1952 »
222 1923 256 1952 in
275 1923 406 1958 eodem,
426 1925 457 1952 et
487 1923 596 1952 eidem
618 1923 768 1952 Arnoldo
791 1925 992 1961 perpetuum
1016 1923 1146 1961 imponi
1163 1924 1204 1953 51-

189 1986 204 2006 ))
223 1976 367 2006 lentium
385 1985 488 2014 super
504 1985 554 2012 eo,
571 1984 645 2005 cum
661 1975 793 2005 nullum
809 1977 865 2014 Jus
883 1975 1002 2006 habeat
1022 1976 1056 2005 in
1073 1976 1201 2006 eodem.

188 2040 202 2057 »
222 2029 311 2059 Petit
329 2037 498 2066 expensas
517 2028 623 2063 factas
632 2030 664 2058 et
679 2028 851 2058 faciendas
867 2029 969 2058 etiam
984 2024 1202 2067 protestatur,

188 2095 203 2110 »
221 2082 316 2112 salvo
333 2082 408 2121 jure
433 2085 493 2112 etc.
515 2092 530 2111 »

228 2145 242 2164 1(
266 2135 424 2165 Prefatus
456 2144 534 2166 vero
568 2135 774 2171 Bonifatius,
806 2136 1038 2174 procuratorio
1067 2137 1203 2166 nomine

187 2188 268 2218 dicti
304 2189 462 2225 Arnoldi,
498 2191 613 2218 contra
641 2191 863 2218 memoratum
894 2188 1116 2219 Ambrosium
1143 2198 1203 2228 pro

189 2241 278 2271 dicto
297 2241 482 2271 Guillelmo
498 2241 653 2271 libellum
669 2242 703 2271 in
717 2241 844 2280 ι10111010
860 2250 971 2271 coram
994 2241 1092 2272 nobis
1111 2242 1204 2272 obtu-

190 2294 229 2324 lit
247 2295 283 2324 in
299 2294 386 2324 hunc
403 2295 559 2324 modum:

229 2357 243 2375 1(
262 2347 301 2376 111
321 2347 456 2377 nomine
472 2347 621 2377 Domini.
639 2347 759 2377 Coram
774 2347 884 2382 vobis,
903 2348 1092 2378 venerando
1108 2351 1203 2387 patre

188 2411 202 2428 n
222 2400 361 2430 domino
389 2400 441 2435 O.,
471 2400 577 2430 sancti
607 2400 750 2430 Adriani
773 2400 913 2430 diacono
934 2401 1109 2437 cardinali,
1130 2410 1204 2440 par·
1233 2408 1234 2413 ¹

189 2453 315 2483 »tibus
344 2453 498 2483 auditore
526 2462 697 2489 concesso,
728 2454 884 2492 proponit
911 2454 1103 2484 Bonifatius
1128 2464 1202 2493 pro-
1233 2453 1234 2463 ¹

188 2508 357 2536 »curator
387 2506 529 2536 Arnoldi
564 2506 731 2546 Maynerii
766 2509 881 2537 contra
910 2507 1130 2538 Ambrosium
1162 2508 1202 2538 de

190 2570 205 2588 »
222 2560 374 2598 Juciago,
394 2560 592 2589 canonicum
608 2560 749 2590 ecclesie
766 2562 880 2590 sancte
900 2561 1004 2590 Marie
1022 2561 1063 2590 ad
1080 2561 1203 2591 Fusco·
1233 2548 1234 2559 ¹

188 2622 203 2641 »
223 2612 345 2648 rinum,
364 2614 617 2650 procuratorem
636 2613 814 2643 Guillelmi
830 2613 983 2648 Crivelli,
1006 2614 1106 2652 quod,
1126 2623 1202 2644 cum

188 2728 203 2748 »
222 2719 363 2749 ecclesie
379 2719 487 2749 sancti
507 2719 656 2749 Victoris
676 2720 716 2749 ad
737 2719 920 2750 Theatrum
936 2720 1202 2758 Mediolanense,

189 2772 266 2802 »ad
294 2781 379 2810 quos
409 2772 555 2811 pertinet
586 2772 642 2811 jus
673 2773 891 2811 presentandi
920 2775 951 2803 et
983 2774 1041 2812 qui
1068 2776 1146 2804 sunt
1173 2777 1205 2805 et

190 2835 205 2854 »
224 2825 361 2855 fuerunt
388 2825 422 2855 in
445 2826 663 2863 possessione
685 2826 737 2856 vel
757 2826 854 2864 quasi
879 2826 968 2865 Juris
986 2828 1204 2865 presentandi

193 2942 208 2960 »
228 2932 310 2966 tam,
328 2931 549 2970 postulasset,
572 2931 731 2971 elegisset
750 2941 810 2963 seu
831 2934 1062 2971 presentasset
1080 2933 1205 2964 dictum

322 2993 461 3021 Ummu
483 2993 536 3025 lv,
557 2996 581 3020 t.
599 2993 640 3027 11,
661 2994 727 3027 Req.
747 2994 807 3020 ord.

2218 256 2277 285 465

1270 343 1285 360 »
1306 333 1493 363 Arnoldum
1516 334 1556 364 ad
1579 336 1755 365 rectoriam
1780 345 1838 366 500
1858 336 2055 367 beneficium
2072 338 2160 376 quod
2183 347 2277 369 vaca-

1270 396 1284 412 »
1304 385 1350 415 vit
1372 386 1403 415 in
1421 386 1494 424 ipsa
1517 387 1658 417 ecclesia
1675 397 1734 426 per
1752 392 1892 419 mortem
1912 390 2103 429 presbyteri
2122 390 2276 422 Prevosti

1269 438 1382 468 »dicti
1409 438 1593 477 Caqatosz‘ci.
1614 440 1693 470 olim
1723 441 1914 480 presbyteri
1941 451 2000 472 seu
2024 443 2162 473 rectori>
2189 444 2276 474 dicte

1270 501 1284 518 »
1303 491 1455 526 ecclesie,
1486 493 1621 523 domino
1648 516 1667 523 ..
1695 494 1989 533 archipresbytero
2017 496 2274 529 Mediolanensi,

1270 545 1429 582 »gerenti
1458 546 1548 575 x'Ices
1580 547 1719 585 capituli
1751 547 1892 577 ecclesie
1923 548 2197 580 Mediolanensis.
2223 558 2277 579 no-

1270 599 1394 628 »mine
1421 599 1560 637 capituli
1587 600 1695 639 ipsius
1717 601 1869 631 ecclesie.
1895 602 1972 632 sede
1997 603 2276 642 archiepiscopali

1270 661 1284 678 »
1303 653 1455 685 vacante,
1492 653 1602 683 dictus
1630 654 1835 684 Guillelmus
1865 655 2041 693 impedivit
2077 658 2107 686 et
2136 655 2274 694 impedit

1271 716 1284 728 »
1302 704 1491 734 Arnoldum
1512 706 1701 744 predictum
1720 708 1900 745 quominus
1922 708 2157 738 institueretur
2171 709 2203 738 in
2224 708 2277 738 be-

1270 767 1284 784 »
1303 757 1421 787 neticio
1439 758 1589 796 predicto
1607 761 1637 788 et
1657 760 1768 797 ipsum
1796 763 2045 799 assequeretur,
2072 761 2276 791 contendens

1270 819 1284 837 »
1307 818 1341 839 se
1358 810 1415 849 jus
1440 810 1561 841 habere
1580 812 1614 841 in
1636 812 1795 842 beneficio
1818 813 1969 851 predicto
1991 816 2021 844 et
2048 814 2191 844 electum
2217 823 2277 845 seu

1270 872 1284 889 »
1302 865 1532 900 presentatum
1556 873 1631 894 esse
1650 873 1667 894 a
1685 865 1887 903 quibusdam
1907 866 2029 896 vicinis
2049 867 2189 897 ecclesie
2206 876 2278 905 pre-

1271 925 1284 942 »
1303 915 1401 949 dicte,
1431 917 1586 954 quamvis
1602 917 1716 947 nullus
1741 918 1796 956 jus
1820 918 1939 948 habeat
1961 919 1994 948 in
2018 920 2147 949 eodem.
2167 920 2277 955 Quare

1270 969 1387 1006 »petit
1413 969 1523 999 dictus
1547 972 1744 1008 procurator
1775 972 1952 1001 rect-,niam
1985 981 2043 1002 seu
2076 972 2276 1003 beneficium

1270 1030 1284 1048 »
1304 1021 1505 1058 predictum,
1539 1031 1615 1052 011111
1638 1024 1865 1061 pertinentiis.
1896 1024 2116 1062 proventibus
2136 1028 2166 1054 et
2186 1026 2276 1055 omni

1270 1083 1284 1101 »
1303 1082 1414 1107 causa,
1436 1074 1525 1104 dicto
1538 1075 1689 1106 Arnoldo
1709 1076 1893 1115 adjudicari
1913 1079 1944 1107 et
1960 1078 2207 1108 sententialiter
2224 1079 2277 1109 de-

1270 1135 1285 1154 »
1302 1126 1422 1157 clarari
1451 1127 1564 1166 ipsum
1588 1128 1630 1158 ad
1657 1129 1784 1159 dictum
1803 1130 1991 1160 Arnoldum
2016 1130 2055 1160 de
2078 1130 2152 1169 jure
2177 1132 2277 1169 perti-

1270 1190 1284 1208 »
1303 1188 1394 1215 nere,
1420 1182 1451 1210 et
1470 1181 1558 1210 dicto
1582 1181 1766 1212 Guillelmo
1790 1191 1893 1221 super
1913 1183 2029 1213 eodem
2058 1183 2220 1214 beneficio
2247 1187 2278 1214 et

1270 1243 1284 1260 υ
1303 1233 1375 1271 eJ'us
1403 1234 1619 1271 pertinentiis
1643 1238 1844 1273 perpetuum
1872 1236 2048 1266 silentium
2077 1237 2216 1275 imponi.
2238 1238 2277 1267 Et

1268 1295 1284 1314 »
1303 1286 1416 1322 etiam,
1429 1286 1508 1325 quia
1520 1287 1630 1318 dictus
1646 1287 1852 1318 Guillelmus
1873 1289 2159 1319 administrationi
2171 1290 2280 1328 ipsius

1269 1349 1284 1368 »
1301 1338 1470 1375 beneficii,
1503 1340 1576 1370 sine
1605 1340 1671 1370 alia
1700 1341 1954 1372 confirmatione
1980 1351 2039 1372 seu
2066 1343 2278 1374 institutione

1269 1402 1284 1421 »
1303 1393 1469 1431 legitima,
1487 1401 1522 1423 se
1539 1393 1693 1432 ingessit,
1711 1395 1959 1425 sententialiter
1972 1395 2136 1425 declarari
2152 1396 2278 1426 dictum

1269 1446 1522 1476 »Guillelmum
1552 1446 1684 1476 nullum
1703 1447 1759 1485 jus
1788 1447 1910 1478 habere
1945 1449 1979 1478 in
2010 1448 2172 1479 beneficio
2204 1458 2278 1488 pre-

1269 1510 1283 1527 »
1302 1499 1403 1534 dicto,
1421 1502 1450 1530 et
1468 1499 1582 1537 ipsum
1600 1499 1641 1529 ab
1657 1500 1775 1530 eodem
1793 1500 1955 1531 beneficio
1974 1504 2005 1532 et
2025 1502 2098 1540 ejus
2110 1502 2279 1540 pertinen-

1269 1553 1359 1582 »tiis
1387 1553 1522 1590 penitus
1547 1553 1707 1583 amoveri.
1727 1556 1758 1583 et
1778 1553 1912 1584 decerni
1937 1554 2063 1584 dictum
2090 1556 2277 1586 Arnoldum

1268 1616 1283 1634 »
1304 1614 1377 1635 esse
1397 1605 1623 1635 inducendum
1640 1606 1894 1645 incorporalem
1912 1608 2164 1645 possessionem
2180 1608 2278 1639 bene-

1268 1670 1283 1687 »
1300 1659 1367 1688 ficii
1390 1659 1533 1697 predicti
1557 1661 1587 1688 et
1606 1660 1888 1697 pertinentiarum
1909 1660 2071 1699 ejusdem.
2092 1661 2176 1691 Item
2193 1662 2277 1700 petit

1268 1723 1282 1741 »
1301 1721 1469 1750 expensas
1482 1712 1553 1750 jam
1571 1711 1676 1742 factas
1693 1715 1723 1742 01
1737 1716 1945 1751 protestatur
1959 1714 1998 1744 de
2015 1714 2178 1744 faciendis
2193 1724 2277 1753 quas

1268 1775 1282 1794 »
1301 1773 1362 1795 suo
1380 1767 1530 1803 tempore
1548 1765 1743 1795 declarabit.
1765 1766 1858 1796 salvo
1874 1766 1949 1804 jure
1969 1768 2030 1797 etc.
2053 1778 2067 1795 »

1306 1829 1321 1845 «
1341 1818 1414 1848 Lite
1441 1827 1519 1848 vero
1546 1827 1647 1857 super
1666 1818 1794 1849 libellis
1820 1820 2000 1857 premissis
2019 1820 2106 1850 inter
2128 1821 2275 1859 partium

1264 1873 1499 1910 procuratores
1511 1880 1622 1901 coram
1634 1872 1732 1902 nobis
1748 1872 1899 1911 legitime
1914 1876 2111 1905 contestata,
2123 1875 2275 1912 prestitis

1264 1925 1304 1955 de
1321 1925 1461 1954 veritate
1486 1924 1626 1954 dicenda
1641 1925 1856 1963 juramentis,
1879 1926 1976 1956 factis
1995 1927 2225 1964 positionibus
2244 1931 2273 1957 et

1265 1977 1545 2016 responsionibus
1565 1978 1604 2007 ad
1624 1987 1680 2008 eas
1698 1978 1852 2017 datisque
1873 1979 2025 2008 articulis
2040 1979 2116 2009 hinc
2135 1983 2163 2010 et
2186 1981 2273 2012 inde.

1266 2039 1340 2059 00111
1360 2039 1417 2068 per
1435 2039 1472 2060 ea
1489 2039 1552 2068 que
1570 2039 1682 2060 corani
1699 2030 1796 2060 nobis
1816 2034 1888 2061 acta
1906 2031 2049 2067 fuerant,
2070 2041 2134 2062 non
2150 2034 2275 2071 potuis-

1266 2086 1315 2113 set
1338 2084 1377 2113 de
1397 2084 1543 2122 partium
1565 2084 1639 2121 jure
1661 2084 1801 2122 liquere.
1826 2085 2065 2114 sanctissimus
2092 2088 2198 2124 pater.
2221 2087 2275 2117 do-

1234 2153 1235 2164 1
1265 2137 1379 2166 minus
1410 2136 1567 2167 Urbanus
1596 2146 1681 2175 papa
1716 2137 1793 2168 1111.
1829 2138 1967 2167 testium
1989 2139 2274 2170 examinationem

1266 2199 1366 2229 super
1383 2190 1536 2219 articulis
1552 2191 1700 2228 partium
1716 2191 1868 2229 ipsarum
1887 2190 2090 2229 quibusdam
2106 2192 2168 2221 sub
2186 2194 2275 2223 certa

1265 2243 1373 2273 forma
1388 2252 1446 2281 per
1464 2252 1542 2274 suas
1560 2243 1655 2273 duxit
1674 2243 1805 2273 litteras
1823 2245 2110 2274 committendam.
2129 2245 2274 2276 Demnm

1266 2305 1356 2332 vero,
1382 2296 1510 2334 prefato
1539 2296 1722 2327 [luillelmo
1743 2297 1890 2327 Crix'ello
1914 2298 2138 2335 personaliter
2159 2307 2219 2337 pro
2241 2307 2276 2329 se

1265 2358 1302 2379 ac
1324 2350 1412 2379 dicto
1436 2349 1606 2379 Bonifatio
1625 2354 1841 2388 procuratore
1862 2350 2021 2380 antedicti
2039 2351 2193 2387 Arnoldi,
2215 2361 2275 2390 pro

1265 2403 1340 2440 ipso
1352 2403 1514 2438 Arnoldo,
1526 2412 1601 2432 cum
1621 2403 1765 2442 quadam
1776 2403 1976 2433 remissione
1995 2404 2035 2433 ad
2050 2404 2164 2434 sedem
2178 2414 2275 2443 apos·

1265 2455 1401 2485 tolicam
1420 2456 1517 2490 facta,
1528 2456 1801 2494 comparentilms
1812 2465 1923 2486 coram
1942 2456 2050 2493 nobis,
2070 2457 2172 2487 iidem
2183 2457 2276 2488 [1011-

1265 2509 1389 2538 10111105
1417 2517 1476 2547 pro
1508 2517 1542 2539 se
1568 2517 1604 2538 ac
1640 2509 1843 2541 Bonifatius.
1876 2510 2106 2548 procuratoris
2140 2511 2275 2541 nomine
2308 2510 2312 2514 ’

1264 2562 1344 2592 (11011
1360 2562 1515 2596 Α1·001(11,
1541 2561 1668 2592 habens
1685 2562 1725 2592 ab
1743 2563 1816 2601 ipso
1842 2563 1991 2593 Arnoldo
2016 2563 2057 2593 ad
2075 2572 2275 2603 componen-

1234 2643 1235 2663 ἱ
1265 2615 1345 2644 dum
1364 2616 1394 2645 et
1412 2616 1756 2654 eoinproniutendum
1773 2616 1913 2654 speciali
1940 2616 2148 2650 mandatum,
2169 2617 2276 2647 consi-

190 2675 204 2695 »
223 2666 330 2704 major
347 2668 378 2696 et
399 2666 514 2695 sanior
532 2674 610 2704 pars
628 2666 816 2696 vicinorum
834 2668 865 2696 et
885 2667 1203 2705 parroechianorum
1234 2671 1235 2675 ’
1265 2668 1421 2698 derantes
1448 2669 1536 2707 quod
1561 2669 1749 2708 litigiorum
1775 2670 1923 2708 gravitas
1945 2673 2121 2708 utramque
2146 2673 2275 2708 partem

1234 2733 1236 2788 l

1266 2722 1324 2751 diu
1348 2721 1523 2752 laboribus
1541 2724 1573 2752 et
1589 2722 1781 2761 sumptibus
1804 2723 1971 2761 fatigarat,
1993 2732 2029 2753 ac
2052 2723 2202 2753 volentes
2221 2724 2275 2753 de-

1266 2776 1375 2805 cetero
1391 2783 1409 2805 a
1423 2775 1731 2805 controversiarum
1745 2784 1878 2806 cessare
1891 2775 2090 2814 strepitibus
2103 2794 2151 2810 —‚
2168 2776 2201 2805 in
2215 2784 2275 2806 nos

1235 2863 1236 2867 ¹
1267 2836 1368 2866 super
1394 2836 1496 2858 causa
1515 2830 1545 2858 et
1569 2828 1746 2866 questione
1765 2829 1924 2867 predicta-
1949 2828 2014 2858 alte
2034 2830 2065 2858 et
2084 2828 2194 2864 basse,
2213 2828 2275 2859 501)

191 2888 206 2907 ))
223 2879 372 2909 rectores
388 2878 609 2917 presbyteros
624 2879 811 2909 et‘clericos
829 2879 870 2909 ad
884 2879 1063 2910 ecclesiam
1078 2881 1207 2919 predic·
1235 2875 1236 2878 '

1235 2900 1237 2953 l

1267 2883 1357 2911 certa
1369 2889 1465 2919 pena,
1483 2882 1757 2919 compromittere
1768 2884 1981 2915 curaverunt,
1998 2885 2166 2912 reservata
2178 2881 2275 2912 nobis

1268 2934 1520 2971 nichilominus,
1533 2935 1573 2965 de
1584 2935 1899 2973 ipsorumassensu,
1908 2935 2088 2974 judiciaria
2097 2937 2274 2974 potestate,

2118 2998 2152 3024 59
