2547 3289
278 246 338 275 378

804 336 807 337 ν
845 325 969 356 (Ji-vieto,
989 327 1023 351 zu
1043 332 1119 351 mars
1138 324 1214 351 1204.

370 330 437 360 781

315 413 353 437 lte
377 410 479 436 debitis
505 409 677 435 Senensibus
702 407 891 442 publicandis.
915 408 992 439 (lieo.
1018 410 1062 434 28,
1087 407 1135 433 sol.
1159 409 1204 438 oo,
1229 414 1288 433 cur.

279 468 346 486 ann.
368 459 411 487 111,
435 457 541 490 110137.)

321 575 335 589 «
359 563 604 602 slrclzicpsscopss
631 567 657 591 el
686 562 832 602 episcopis
859 572 893 591 nc
917 561 1089 597 abbatibus,
1116 561 1288 601 prioribus,
1320 564 1322 602 t

280 616 419 646 decanis.
451 615 678 644 archidiaconis
711 621 737 644 ec
769 615 838 644 aliis
871 614 1066 644 eeclesiarum
1098 614 1226 654 prelatis
1258 624 1292 643 ac

279 679 383 699 eornm
409 667 597 707 officialibus
622 678 737 697 necnon
764 667 913 697 nobilibus
941 668 1027 703 vis-ix,
1053 667 1189 702 (lucibus,
1213 677 1290 696 mar-

279 721 446 751 chionibus.
466 721 634 756 comitibus,
656 721 827 754 baronibus,
850 720 1020 750 castellanis
1041 719 1168 760 aliisque
1185 730 1292 759 prepo-
1322 719 1323 768 i

279 775 346 804 sitis
368 779 393 803 el
420 774 538 803 ballivis
556 784 613 813 per
636 784 729 811 ressna
757 774 896 805 Francia,
922 773 1035 812 Anqlia·
1060 778 1086 801 el
1110 773 1292 802 Alamannic
1322 786 1324 814 ς

280 827 459 856 constitutis.
476 827 640 866 Exigento
659 827 827 865 protervia
847 827 970 856 civium
985 826 1198 860 senensium,
1215 827 1291 862 etr„
1322 818 1324 861 ἶ

280 889 388 918 usque
402 880 536 918 exigere
553 889 617 909 non
632 881 865 918 postponatur.
885 880 970 909 Sane
988 879 1125 918 quidam
1145 888 1186 909 ex
1202 879 1293 909 debi-
1322 900 1324 907 ,

278 932 412 964 toribus
432 933 517 971 ipsis
533 933 697 971 pecunias
713 933 746 962 in
763 932 887 971 quibus
910 933 1072 971 predictis
1092 932 1293 962 tenebantur

280 986 428 1021 civibus,
455 986 543 1015 dicto
571 986 727 1024 scriptori
753 986 927 1020 dicuntur,
958 987 1073 1015 nostro
1097 987 1125 1015 et
1152 985 1292 1015 ecclesie

281 1040 433 1070 Romane
460 1039 605 1073 nomine,
641 1038 859 1077 persolvisse.
893 1039 979 1074 Quia
1011 1048 1089 1067 vero
1119 1038 1291 1077 indignum

281 1094 372 1122 esset
394 1092 421 1121 si
443 1092 521 1121 dicti
542 1091 711 1122 debitores
729 1091 988 1122 molestarentur
1007 1100 1108 1130 super
1126 1091 1293 1121 solutione

281 1145 349 1175 alia
371 1145 533 1180 facienda,
554 1145 811 1174 universitatem
829 1146 975 1174 vestram
995 1153 1153 1183 rogamus
1172 1147 1203 1174 et
1220 1145 1292 1174 hor-

281 1200 395 1228 tamur
421 1199 546 1228 attente
568 1198 767 1227 mandantes
795 1199 961 1236 quatenus
989 1198 1102 1227 nullus
1130 1199 1290 1233 vestrum,

280 1252 438 1290 pretextu
465 1251 654 1289 aliquarum
676 1251 866 1280 litterarum
890 1251 997 1289 ipsius
1023 1251 1229 1281 munitarum
1250 1251 1292 1280 si—
1323 1250 1324 1280 l

281 1304 363 1343 gillo
393 1306 424 1334 et
449 1304 675 1334 confectarum
706 1313 807 1342 super
839 1304 1034 1342 hujusmodi
1067 1304 1207 1340 debitis,
1237 1307 1291 1334 aut
1322 1329 1323 1333 ,

281 1366 494 1396 quacumspie
513 1357 687 1387 occasione
708 1357 785 1394 alia,
810 1358 989 1395 compellat
1014 1358 1183 1395 predictos
1202 1358 1292 1387 debi-
1322 1385 1323 1391 ,

282 1412 374 1440 tores
393 1411 432 1439 ad
451 1410 649 1440 solvendum
672 1410 799 1440 eisdem
817 1409 949 1439 civibus
968 1410 1186 1449 pecuniarum
1204 1419 1293 1440 sum-
1322 1423 1323 1429 1

281 1472 355 1493 mas
371 1472 455 1502 quas
472 1463 643 1493 solverunt
662 1463 810 1501 predicto
829 1463 984 1501 scriptori
1003 1463 1052 1492 γυ]
1071 1464 1102 1492 in
1118 1465 1292 1501 posterum
1322 1501 1323 1516 ¹

281 1516 441 1545 duxerint
471 1516 723 1554 perstdvendas.
756 1516 877 1545 Preces
903 1518 1011 1545 autem
1040 1518 1070 1545 et
1098 1517 1292 1546 mandatum

281 1569 436 1598 nostrum
452 1569 499 1597 sic
515 1569 697 1607 adimpleat
716 1570 829 1598 vestra
845 1569 976 1599 devotio
999 1569 1087 1607 quod
1106 1578 1167 1599 nos
1186 1569 1292 1599 sinee—

281 1622 416 1652 ritatem
432 1622 578 1651 vestram
593 1622 766 1659 possimus
777 1622 897 1652 exinde
914 1622 1033 1651 merito
1044 1622 1290 1652 commendare.

279 1675 403 1705 Datum
434 1675 521 1712 apud
552 1674 841 1711 Urbemveterem,
875 1685 935 1704 x111
965 1675 1128 1705 kalendas
1159 1675 1291 1713 aprilis,

280 1736 369 1758 anno
389 1727 457 1757 1110.
480 1740 494 1755 »

371 1895 443 1925 782

849 1894 972 1925 orricio,
993 1895 1026 1921 Ξῖ)
1046 1903 1123 1921 mars
1140 1895 1219 1922 1202.

317 1976 456 2010 Episcopo
472 1976 622 2011 Anagnino
640 1978 757 2003 mandat
776 1985 809 2003 ne
829 1980 933 2004 castra.
950 1978 1032 2005 feuda
1049 1980 1077 2005 ct
1095 1979 1292 2011 possessiones

281 2025 310 2052 iu
331 2025 489 2059 Campania
511 2028 537 2051 et
562 2025 704 2051 Maritima
723 2025 831 2052 nisiex
851 2025 892 2052 eis
911 2026 1037 2053 oriundis
1059 2027 1182 2056 conferri
1206 2029 1292 2059 sinat,

279 2074 420 2108 quosdam
442 2076 605 2100 contractus
623 2076 723 2100 eontra
745 2073 818 2100 hane
844 2074 1045 2102 inhibitionem
1062 2075 1147 2102 initos
1169 2077 1291 2103 rescindi

275 2121 505 2158 jubeffllo.(lti‹:o.
517 2122 561 2156 28,
574 2121 622 2148 fol.
635 2122 679 2153 09,
697 2131 756 2149 cur.
772 2131 838 2149 ann.
855 2123 1003 2157 IH,110('·82
1021 2124 1167 2151 Porrussr
1184 2125 1291 2160 18821.)

319 2239 335 2257 «
359 2251 365 2257 .
385 2253 390 2258 .
417 2229 558 2268 episcopo
577 2228 751 2267 Αηαφιίηο.
777 2229 928 2259 Romane
954 2230 1107 2264 ecclesie,
1127 2231 1221 2269 cujus
1244 2240 1293 2261 re—

278 2281 412 2321 gimini,
439 2282 515 2311 licet
538 2281 710 2317 immeriti,
735 2283 869 2312 auctore
894 2283 1040 2313 Domino
1064 2285 1290 2322 presidemus,

278 2333 585 2373 indempnitatibus
607 2343 796 2373 precavere,
817 2344 861 2368 ae.
874 2344 1035 2374 prospero
1054 2338 1083 2367 et
1106 2337 1291 2376 tranquillo

277 2387 450 2427 provincie
485 2387 668 2426 Campanie
700 2387 938 2427 Maritimeque
974 2389 1077 2419 statui
1106 2390 1291 2428 apostolica

277 2440 510 2471 sollicitudine
534 2440 712 2478 providere
741 2441 908 2475 volentes,
934 2442 1015 2472 olim
1041 2443 1213 2473 universis
1236 2443 1290 2474 ba-

276 2493 436 2526 ronibus,
467 2493 651 2530 militibus,
681 2493 812 2523 civibus
840 2495 872 2524 et
900 2495 1104 2533 generaliter
1132 2496 1290 2527 omnibus
1320 2502 1321 2534 ξ

276 2546 455 2585 utriusque
475 2555 577 2576 sexus
598 2547 782 2585 campanie
803 2556 840 2577 ae
857 2547 1027 2578 Maritime
1047 2549 1287 2587 predictarum,
1319 2546 1321 2584 i

275 2598 460 2638 unicuique
488 2599 646 2629 videlicet
671 2598 790 2629 baroni
820 2601 853 2630 et
875 2599 1053 2632 baronisse
1082 2601 1146 2632 sub
1175 2602 1287 2639 mille,

273 2651 378 2683 militi
393 2660 472 2682 vero
483 2653 515 2682 et
527 2651 663 2682 mulieri
679 2652 718 2682 de
734 2652 875 2683 militari
890 2662 1011 2693 genere
1030 2654 1208 2693 prodeunti
1226 2654 1288 2685 sub

274 2704 549 2744 quingentarum,
571 2705 715 2744 singulis
732 2707 843 2736 autem
859 2706 989 2737 civibus
1007 2709 1039 2738 et
1056 2707 1135 2738 aliis
1150 2708 1289 2747 quibus-

274 2766 419 2796 cumque
446 2758 625 2797 utriusque
651 2767 755 2789 sexus
783 2759 845 2789 sub
868 2761 1095 2791 trecentarum
1122 2760 1287 2792 librarum

274 2810 550 2850 proveniensium
578 2811 687 2850 penis,
712 2812 912 2843 auctoritate
940 2813 1128 2852 apostolica
1156 2813 1287 2845 distric-
1317 2807 1318 2814 ¹

272 2862 344 2894 tius
361 2863 524 2894 duximus
541 2863 760 2895 inhibendum
784 2873 824 2895 ne
843 2867 963 2902 castra,
985 2866 1095 2904 feuda,
1116 2866 1284 2903 homines,

273 2916 454 2954 vassallos,
469 2918 589 2953 terras,
607 2917 736 2955 domOS,
753 2917 870 2949 vineas
892 2920 949 2949 aut
967 2919 1205 2958 possessiones
1225 2929 1284 2951 seu
1316 2926 1317 2948 3

1034 240 1279 271 REGISTRES
1302 240 1514 271 D·L⁷R13A1N
1536 241 1594 271 IV.

1351 324 1417 353 alia
1442 333 1653 363 quecumque
1681 323 1768 353 bona
1794 323 1982 353 immobilia
2013 324 2084 353 sive
2109 323 2185 362 jura
2211 324 2363 362 ipsorum

1352 377 1384 406 in
1403 376 1556 415 partibus
1573 377 1755 406 earundem
1771 376 1955 414 Campanie
1974 376 2028 406 vel
2046 376 2216 406 Maritime
2237 377 2364 406 consis-

1351 430 1467 463 tentia,
1487 430 1585 460 alicui
1604 429 1656 459 vcl
1678 429 1851 468 aliquibus
1869 429 2111 460 ecclesiasticis
2133 431 2189 459 aut
2205 429 2364 460 seculari-

1350 482 1414 512 bus
1432 483 1598 521 personis,
1618 483 1860 521 cujuscumque
1884 484 2003 518 status,
2025 482 2212 521 dignitatis,
2234 482 2364 512 ordinis

1351 535 1404 564 vel
1423 536 1627 565 conditionis
1643 536 1761 571 forent,
1781 544 1844 574 que
1862 544 1927 565 non
1942 538 2054 565 essent
2070 535 2109 564 de
2127 535 2254 565 eisdem
2270 535 2366 565 Cam-

1352 588 1452 627 pania
1477 589 1528 618 vel
1553 589 1723 618 Maritima
1755 590 1785 618 et
1819 588 1939 618 exinde
1970 588 2123 621 oriunde,
2152 590 2183 618 et
2208 597 2272 627 que
2298 597 2365 618 non

1353 644 1463 671 essent
1485 642 1585 672 etiam
1605 642 1645 671 de
1667 642 1738 671 soro
1756 641 1898 671 rectoris
1915 641 2067 679 ejusdem
2086 641 2270 679 provincIe,
2289 650 2364 671 ven-

1353 694 1441 729 dere,
1469 694 1668 727 distrahere,
1698 694 1835 729 donare,
1861 696 2066 732 permutare,
2099 694 2208 723 locare
2240 696 2295 723 aut
2325 694 2366 723 ad

1353 756 1490 776 censum
1522 747 1574 777 vel
1605 747 1831 785 emphiteosin
1856 747 1935 776 (lare
1968 749 2023 776 aut
2056 746 2121 776 alio
2155 755 2366 785 quocumque

1353 800 1452 829 modo
1480 800 1532 830 vel
1552 800 1651 830 titulo
1679 800 1828 830 alienare
1848 802 2095 838 presumerent.
2123 800 2193 829 Nos
2216 800 2305 829 enim
2325 809 2366 830 ex

1354 855 1431 883 tunc
1450 862 1583 883 omnem
1608 854 1829 889 contractum,
1850 853 1878 882 si
1905 861 2004 891 quem
2031 855 2146 882 contra
2172 852 2366 890 hujusmodi

1355 908 1503 936 nostram
1528 905 1763 936 inhibitionem
1790 906 1862 935 sieri
1882 905 1932 935 vel
1961 905 2124 935 celebrari
2146 906 2365 944 contingeret,

1355 959 1486 989 irritum
1506 960 1652 997 penitus,
1673 968 1813 988 vacuum
1832 959 2045 988 decrevimus
2062 960 2093 988 et
2113 959 2221 993 inane,
2241 968 2277 988 ac
2295 958 2368 988 nul-

1355 1012 1421 1041 lius
1445 1021 1583 1050 prorsus
1608 1013 1754 1042 existere
1778 1012 1962 1047 firmitatis,
1988 1015 2018 1041 et
2044 1011 2283 1041 nichilcuuinus
2304 1011 2367 1041 tibi

1354 1065 1480 1095 nostris
1496 1065 1559 1094 sub
1573 1069 1661 1095 certa
1675 1066 1793 1101 forma,
1813 1065 1845 1094 in
1864 1065 1988 1094 virtute
2001 1064 2201 1101 obedientie,
2213 1065 2366 1094 districte

1354 1118 1510 1148 dedimus
1531 1118 1655 1148 litteris
1680 1118 1711 1147 in
1732 1118 1912 1156 preceptis,
1932 1120 1967 1147 ut
1987 1117 2179 1156 hujusmodi
2197 1117 2370 1148 inhibitio-

1355 1180 1429 1200 nem
1451 1173 1479 1200 et
1505 1171 1780 1201 constitutioi‘iem
1805 1172 1955 1200 nostram
1985 1171 2019 1199 in
2049 1173 2103 1200 tua
2123 1170 2258 1200 civitate
2276 1179 2313 1200 ac
2332 1171 2366 1200 in

1354 1224 1511 1254 omnibus
1540 1224 1660 1254 castris
1681 1225 1711 1253 et
1737 1224 1820 1253 locis
1844 1225 1899 1253 tue
1925 1223 2083 1259 diocesis,
2105 1232 2163 1261 per
2185 1225 2216 1253 te
2235 1223 2287 1253 vel
2308 1232 2366 1262 per

1355 1277 1457 1306 alium
1475 1286 1533 1306 seu
1547 1276 1633 1306 alios
1646 1276 1880 1315 sollemlmiter
1893 1275 2067 1314 publicare
2079 1284 2227 1311 curares,
2241 1276 2368 1306 faciens

1322 1349 1323 1352 =
1354 1330 1474 1359 exinde
1501 1330 1616 1359 contici
1645 1329 1778 1368 publica
1804 1329 2048 1363 instrumenta3
2071 1331 2101 1359 et
2128 1329 2368 1359 nichilominus

1322 1394 1323 1413 i
1354 1382 1615 1420 publicationem
1641 1382 1847 1420 hujusmodi,
1875 1381 2020 1420 singulis
2040 1381 2161 1412 diebus
2185 1382 2367 1412 dominicis

1354 1436 1382 1464 et
1406 1434 1550 1469 festivis,
1572 1434 1604 1464 in
1627 1435 1781 1464 ecclesiis
1800 1435 1982 1464 earundem
2005 1435 2154 1464 civitatis
2173 1436 2205 1468 et
2221 1435 2368 1465 diocesis

1354 1487 1482 1517 faceres
1508 1487 1673 1517 innovari.
1693 1487 1977 1523 contradis-tores,
2001 1489 2062 1517 etc.
2091 1488 2141 1517 Tu
2168 1496 2259 1522 vero,
2280 1488 2368 1518 sicut

1355 1540 1557 1579 accepimus,
1583 1540 1777 1570 mandatum
1799 1542 1953 1570 nostrum
1979 1548 2151 1578 exequens
2173 1540 2365 1580 diligenter,

1354 1593 1590 1623 inhibitionem
1610 1595 1642 1623 et
1660 1594 1936 1623 constitutionem
1957 1593 2151 1631 hujusmodi
2171 1593 2368 1632 sollempni-

1354 1648 1404 1676 ter
1422 1646 1619 1684 publicasti:
1647 1647 1705 1676 sed
1726 1646 1858 1676 nobiles
1879 1646 1944 1676 viri
1966 1646 2137 1676 ‚Iohannes
2165 1647 2303 1686 Rogerii
2327 1647 2368 1677 de

1354 1700 1611 1730 Yallemontone
1623 1708 1659 1729 ac
1675 1700 1796 1729 Petrus
1811 1699 1961 1737 Rogerii,
1975 1700 2048 1738 ejus
2062 1708 2179 1738 nepos,
2195 1699 2367 1730 Johannes

1354 1753 1394 1782 de
1411 1753 1603 1783 Canturano
1628 1761 1687 1782 nee
1706 1762 1770 1782 non
1792 1754 1824 1782 et
1842 1752 1984 1782 heredes
2005 1753 2174 1791 quondam
2191 1752 2367 1783 Tholomei

1354 1806 1393 1836 de
1421 1806 1680 1836 Vallemontone
1714 1807 1745 1835 et
1771 1806 1942 1835 ‚Iohannes
1970 1806 2010 1836 de
2041 1806 2243 1842 Sarmineto,
2276 1806 2368 1837 cives

1353 1860 1534 1898 Anagnini,
1563 1861 1678 1889 contra
1710 1859 1946 1889 inhibitionem
1977 1861 2128 1889 nostram
2156 1861 2284 1890 temere
2315 1868 2369 1890 ve-

1353 1913 1497 1948 nientes,
1524 1913 1624 1943 etiam
1652 1914 1727 1950 post
1753 1912 1904 1950 ejusdem
1932 1911 2145 1942 inhibitionis
2166 1912 2369 1951 publicatio-

1354 1974 1442 2001 nem,
1462 1966 1502 1995 de
1518 1965 1689 2001 vassallis,
1707 1965 1820 2000 torris,
1841 1965 1998 1995 domibus
2018 1965 2163 2004 aliisque
2180 1965 2369 2004 possessio-

1354 2018 1454 2048 nibus
1473 2020 1503 2048 et
1534 2018 1645 2053 bonis,
1677 2027 1740 2056 que
1774 2018 1941 2048 habebant
1969 2018 2003 2047 in
2029 2020 2140 2048 castro
2169 2018 2364 2055 Sarmineti,

1354 2071 1610 2102 Terracinensis
1646 2071 1807 2107 diocesis,
1836 2071 2017 2109 quemdam
2041 2071 2260 2101 alienationis
2291 2080 2367 2102 con-

1353 2125 1510 2160 tractum,
1532 2125 1647 2153 contra
1668 2123 1809 2153 formam
1830 2124 1980 2162 predicte
1999 2123 2224 2156 inhibitionis,
2245 2124 2367 2155 secisse

1353 2177 1521 2212 dicuntur,
1549 2179 1685 2215 propter
1714 2177 1802 2215 quod
1830 2186 1934 2216 penas
1963 2177 1997 2206 in
2025 2177 2142 2207 eadem
2166 2177 2367 2208 inhibitione

1352 2231 1469 2260 nostra
1486 2231 1672 2263 contentas,
1691 2238 1748 2259 eos
1769 2238 1835 2260 non
1853 2233 1902 2260 est
1921 2229 2059 2259 dubium
2080 2230 2278 2260 incurrisse.
2294 2231 2367 2261 Nos

1354 2283 1469 2322 igitur,
1488 2283 1641 2312 nolentes
1653 2282 1847 2321 hujusmodi
1866 2292 1982 2313 eorum
2000 2283 2303 2322 presumptionem,
2317 2283 2367 2314 sic

1353 2335 1493 2366 ecclesie
1531 2336 1679 2374 predicte
1716 2336 1955 2373 dampnosam,
1991 2335 2054 2365 sub
2091 2335 2366 2367 dissimulatione

1352 2388 1510 2424 transire,
1530 2388 1732 2418 fraternitati
1750 2390 1805 2418 tue
1823 2397 1882 2427 per
1899 2389 2085 2427 apostolica
2104 2389 2231 2427 scripta
2247 2389 2282 2419 in
2301 2389 2367 2419 vir·

1354 2443 1422 2472 tute
1440 2441 1629 2472 obedientie
1648 2441 1800 2471 districte
1818 2441 2035 2480 precipiendo
2054 2441 2268 2479 mandamus,
2286 2450 2369 2481 qua—

1352 2495 1444 2524 tinus
1462 2496 1669 2524 contractum
1686 2494 1879 2533 hujusmodi
1896 2503 1972 2524 cum
1990 2503 2204 2533 quacumque
2219 2503 2367 2533 persona

1352 2547 1582 2578 ecelesiastica
1600 2548 1651 2578 vel
1670 2547 1826 2583 seculari,
1851 2547 2094 2586 cujuscumque
2113 2548 2233 2583 status,
2253 2547 2364 2587 digni-

1351 2601 1442 2637 tatis,
1469 2601 1598 2631 ordinis
1626 2600 1678 2630 vel
1697 2599 1902 2630 conditionis
1927 2599 2062 2635 existat,
2082 2608 2146 2639 que
2170 2608 2237 2630 non
2261 2599 2306 2630 sit
2322 2599 2365 2630 de

1350 2653 1512 2693 predictis
1526 2654 1711 2692 Campania
1726 2653 1780 2683 vel
1795 2652 1969 2683 Maritima
1982 2655 2014 2684 et
2025 2653 2147 2684 exinde
2163 2652 2317 2690 oriunda,
2332 2654 2366 2684 et

1350 2716 1413 2746 quc
1431 2716 1496 2737 nou
1515 2707 1559 2737 sit
1578 2706 1681 2737 etiam
1705 2706 1745 2736 de
1772 2706 1844 2736 foro
1866 2705 2007 2736 rectoris
2027 2707 2211 2736 memorate
2229 2705 2364 2745 provin-

1317 2747 1319 2771 ἶ
1350 2760 1410 2795 cie,
1428 2760 1563 2796 initum,
1581 2759 1716 2798 publice
1743 2760 1774 2790 et
1799 2758 2034 2797 sollempniter
2058 2759 2193 2789 irritum
2212 2758 2362 2798 penitus,

1349 2822 1493 2844 vacuum
1527 2815 1559 2844 et
1590 2813 1724 2844 inanem
1755 2812 1960 2843 denuntians
1993 2813 2025 2842 et
2056 2812 2186 2842 nullius
2215 2811 2363 2842 existere

1350 2867 1539 2902 firmitatis,
1573 2865 1732 2898 omnibus
1766 2865 1928 2905 predictis
1960 2864 2133 2895 nobilibus
2163 2865 2363 2896 auctoritate

1350 2922 1465 2951 nostra
1478 2919 1620 2951 firmiter
1634 2921 1667 2950 et
1683 2919 1832 2950 districte
1850 2918 2031 2958 precipias,
2048 2920 2084 2948 ut
2101 2917 2190 2948 infra
2205 2919 2275 2949 tres
2287 2917 2362 2949 dies
