2547 3289
204 111 263 140 180

201 191 390 222 nativitatis*
419 192 447 219 ot
472 189 641 228 p21s<i0ni÷
666 189 845 227 aspiciens
869 189 947 218 dum
975 199 1033 227 per
1060 189 1213 227 singulos

202 245 275 274 dies
296 244 325 272 in
348 244 404 272 illa
423 243 523 271 vui-iis⁴
547 244 746 280 provocatur
774 241 908 279 injuriis
930 251 988 271 ne(-
1007 243 1140 280 exurgit
1157 250 1212 280 po·

202 297 303 336 putus
321 305 417 334 quem
441 296 510 333 ipse
532 294 684 327 redemit⁷
706 294 745 323 ad
766 294 1003 324 vindicandum
1023 295 1141 324 Crucis
1159 294 1213 324 ob*

202 349 388 388 probrinm,
416 356 454 376 vx
483 357 520 375 eo
548 347 703 384 precipue
724 355 789 376 non
809 346 979 377 immerito
999 348 1075 377 addi
1097 348 1135 377 ad
1159 347 1213 377 do-

202 402 307 432 lorum
344 409 480 429 suorum
520 400 696 428 vulnerum
732 401 877 437 reputat,
909 406 997 438 quoii
1030 400 1123 430 locus
1156 400 1214 430 ille

202 453 451 487 sam-tissimus,
469 453 498 481 in
516 462 580 490 quo
599 452 708 490 ipsum
724 452 786 481 celi
803 461 914 491 regem
933 453 1034 491 Virgo
1051 462 1214 492 pueipera

202 507 327 546 gennit,
351 506 506 534 continue
530 505 720 534 vexationis
744 505 892 535 lassatur
910 507 1078 543 angustiis
1095 508 1127 536 et
1144 516 1215 536 suc-

202 559 344 590 cessivis
364 558 518 587 dissidiis
537 558 713 592 laceratur,
729 567 816 588 nnnc
834 558 866 587 in
884 558 978 588 illum
999 559 1214 589 sarracenica

203 613 333 643 furente
363 611 495 647 sevitia,
524 620 608 640 nunc
631 611 661 640 in
687 611 828 641 eundem
854 611 978 641 furoris
1003 613 1214 642 humanitate

201 664 377 699 Tartaru-i,
397 664 493 693 sexui
510 664 559 694 vel
580 664 660 694 etati
679 673 815 703 parcere
836 665 960 699 nescia,
979 665 1141 696 seviente.
1164 666 1214 696 Ad

201 718 359 748 hocenim
375 717 533 755 precipue
548 717 694 746 tiliorum
710 717 795 747 lucis
808 717 949 748 intentio
966 719 1112 756 tendere,
1127 719 1215 748 circa

201 771 235 801 id
256 770 378 800 debent
396 778 511 799 eorum
531 770 667 799 assidue
694 770 822 800 revolvi
843 771 1020 810 precordia
1036 773 1068 802 et
1087 772 1214 802 sollici-

200 824 281 854 tudo
300 822 441 858 versari,
460 824 494 852 ut
513 822 607 852 illius
620 824 721 858 terre,
741 832 841 861 quam
862 824 893 853 in
911 824 1132 855 hereditatem
1149 824 1214 854 sibi

199 876 263 908 Dei
282 876 374 905 filins
389 875 563 913 preelegit,
584 875 876 906 abhominationes
899 877 1036 915 expiare
1053 879 1216 908 conentur

200 931 233 960 et
260 928 386 968 potenti
415 937 516 958 manu
544 928 703 958 resistere
730 928 962 967 polluentibus
992 930 1102 968 ipsam
1135 930 1215 960 tiliis

200 982 429 1013 tenebrarum.
452 982 521 1011 Hec
541 981 690 1020 profecto
710 981 922 1012 dissimulari
940 992 1005 1013 non
1024 983 1143 1014 debent
1163 984 1215 1013 vel

200 1035 332 1066 obtusis
347 1035 485 1065 auribus
503 1035 671 1073 preteriri,
686 1043 725 1065 ne
742 1036 950 1074 Redemptor
968 1038 1082 1067 noster
1097 1039 1215 1067 cuncta

199 1089 394 1128 previdens,
415 1088 484 1117 salli
513 1088 658 1123 nescius,
680 1088 937 1127 ingratitudinis
959 1090 1041 1120 vitio
1065 1090 1215 1129 redemp-

198 1143 253 1172 tos
273 1141 426 1171 minuare
447 1141 669 1179 comperiens⁷
693 1141 734 1171 ab
752 1142 801 1171 eis
823 1142 942 1173 faciem
963 1143 1069 1173 iratus
1086 1146 1215 1174 avertat

199 1204 324 1233 cosque
340 1194 429 1225 velut
445 1194 601 1233 indIgnos
620 1195 759 1232 paterna
776 1195 883 1234 gratia
896 1196 1119 1235 derelinquat.
1140 1198 1214 1227 Non

199 1248 268 1278 sint
302 1248 405 1287 igitur
442 1247 502 1276 tilii
539 1247 729 1277 devotionis
763 1248 980 1279 immemores
1022 1250 1110 1288 quod
1143 1250 1213 1288 ipse

168 1290 171 1293 Δ
198 1300 355 1331 Christus
377 1300 409 1330 in
438 1301 526 1330 terra
545 1300 614 1333 illa,
641 1302 672 1330 in
697 1300 805 1330 forma
829 1295 916 1331 servi
938 1311 1073 1332 carnem
1100 1304 1214 1333 nostre

198 1353 419 1384 mortalitatis
450 1353 599 1389 indutus,
629 1353 738 1383 crucis
764 1363 829 1383 non
858 1355 977 1385 metuit
1010 1355 1124 1385 subire
1150 1358 1215 1386 tor-

199 1407 364 1442 mentum,
384 1407 419 1435 ut
439 1407 581 1435 mortem
603 1407 752 1436 nostram
775 1407 950 1437 moriendo
970 1408 1159 1438 destrueret
1183 1410 1214 1439 et

199 1459 303 1490 vitam
324 1459 528 1498 resurgendo
549 1459 706 1489 fidelibus
726 1462 909 1498 repararet.
927 1461 1120 1496 Quesumns
1139 1462 1213 1492 dili-

198 1514 315 1552 genter
344 1512 515 1543 attendant
546 1512 690 1551 qualiter
716 1512 777 1542 illa
806 1513 1015 1544 miserabilis
1042 1515 1134 1554 regio
1160 1516 1213 1546 de-

198 1574 317 1605 pressa
329 1565 427 1603 jacet,
445 1566 529 1595 diris
544 1566 736 1605 angustiata
752 1566 908 1605 flagellis,
922 1568 1078 1607 quodque
1094 1568 1127 1597 in
1139 1577 1213 1598 eam

198 1619 307 1658 pestis
326 1619 499 1649 'sartarica
517 1619 724 1657 supervenit,
747 1619 843 1658 cujus
862 1621 955 1650 tanto
979 1621 1093 1659 potius
1114 1622 1213 1651 nimi-

199 1680 275 1702 rum
303 1672 409 1702 futuri
434 1672 604 1710 vicinique
633 1672 860 1703 formidantur
889 1673 1057 1710 incursus,
1089 1676 1213 1713 quanto

199 1725 336 1764 gravius
353 1725 409 1755 ille
425 1734 524 1755 sevus
536 1727 568 1755 et
584 1725 813 1764 dampnabilis
829 1726 1049 1757 'l'artarorum
1066 1728 1214 1766 populus

198 1779 336 1813 terram,
368 1787 469 1817 quam
498 1787 557 1808 sue
586 1778 710 1808 subicit
741 1779 910 1815 servituti,
940 1780 1213 1811 intolerabilibus

200 1831 435 1861 exactionibus
467 1831 679 1869 opprimens,
715 1832 763 1861 sic
797 1832 891 1862 illius
923 1833 1051 1863 incolas
1080 1834 1214 1873 torquet

199 1883 394 1914 immaniter
428 1885 459 1913 et
496 1884 636 1922 astIIgit,
676 1885 765 1923 quod
806 1885 965 1923 degentes
1002 1886 1064 1916 sub
1097 1896 1213 1917 eorum

197 1937 427 1975 tyrampnide,
456 1937 619 1967 libentius
647 1939 755 1967 metas
777 1938 896 1968 mortis
921 1939 1084 1977 eligerent
1112 1949 1213 1979 quam

200 1989 250 2020 sic
270 1990 412 2020 vivendo
436 1991 527 2020 tanta
545 1989 659 2019 subire
681 1999 803 2029 genera
823 1992 1079 2022 tormentorum.
1107 1993 1214 2023 Exur—

199 2045 279 2082 gant
307 2043 418 2081 itaque
446 2043 523 2072 fidei
545 2043 709 2073 zelatores
729 2044 769 2073 ad
794 2044 1026 2075 defensionem
1053 2046 1139 2076 dicte
1164 2056 1213 2076 re-

199 2096 322 2134 gionis,
356 2096 507 2135 ejusdem
542 2096 781 2135 Redemptoris
812 2098 976 2137 martyrio
1006 2101 1210 2136 consecrate,

198 2158 259 2180 nec
285 2150 325 2179 ad
354 2149 386 2179 id
416 2150 589 2187 tepescant
616 2158 733 2179 eorum
763 2150 880 2187 animi,
914 2151 973 2181 sed
1004 2152 1212 2183 serventibus

199 2203 380 2233 desideriis
393 2203 630 2233 accendantur!
653 2203 723 2233 Hoc
737 2203 826 2234 enim
842 2203 914 2243 ipse
930 2204 991 2235 Dei
1008 2205 1109 2239 tilius,
1126 2206 1212 2237 inter

198 2257 309 2286 cetera
336 2256 580 2285 sollicitudinis
611 2255 756 2286 humane
791 2257 943 2293 servitia,
976 2258 1210 2297 gratissimum

196 2310 330 2348 reputat
347 2311 378 2339 et
395 2308 436 2339 ob
454 2309 486 2338 id
499 2309 556 2339 illa
572 2309 725 2347 rependit
740 2310 881 2348 premia,
898 2319 962 2349 que
977 2311 1211 2351 principaliter

196 2362 353 2392 affectare
372 2361 533 2392 debemus
552 2363 583 2392 et
605 2364 730 2401 petere,
750 2363 828 2393 dum
854 2363 887 2393 in
907 2364 994 2395 valle
1014 2365 1117 2403 positi
1138 2374 1210 2404 pre-

195 2415 302 2445 sentis
336 2415 484 2449 miserie,
518 2415 647 2446 indulta
681 2415 778 2445 nobis
811 2417 1025 2447 excurrimus
1057 2419 1211 2458 tempora

196 2468 386 2499 servitutis

235 2520 320 2551 Cum
346 2521 449 2560 igitur
469 2521 508 2551 de
527 2522 570 2558 te,
598 2521 839 2560 quemhabere
862 2523 1032 2554 credimus
1051 2524 1208 2556 timorem

193 2573 333 2604 Domini
357 2576 388 2605 et
411 2583 571 2611 amorem,
597 2575 734 2614 quique,
756 2576 1008 2614 multiplicibus
1026 2578 1124 2608 donis
1143 2579 1208 2609 vir-

192 2627 304 2656 tutum
332 2628 497 2666 preditus,
523 2627 741 2658 laudabiliter
768 2629 835 2659 scis
864 2630 895 2659 et
924 2630 1016 2660 vales
1044 2632 1206 2669 proficere

192 2679 251 2709 ubi
273 2680 404 2711 labores
429 2681 608 2719 impendis,
635 2690 791 2720 magnam
813 2671 849 2712 in
875 2683 1021 2714 Domino
1048 2684 1205 2716 fiduciam

190 2730 389 2769 habeamus,
423 2735 598 2772 sperantes
623 2735 670 2771 ut,
706 2734 740 2764 in
769 2736 1006 2773 prosecutione
1034 2739 1204 2776 presentis

190 2786 316 2825 negotii
343 2788 535 2817 constanter
562 2787 725 2822 militans,
754 2788 839 2819 illud
857 2789 1052 2821 efficacibus
1079 2791 1203 2823 studiis

965 106 1208 137 Itifiiils'stzES
1231 105 1445 136 D'URBAIN
1470 106 1527 135 lv.

1275 190 1305 218 et
1331 189 1442 227 plenis
1461 188 1584 218 debeas
1611 189 1786 219 affectibus
1805 198 2014 228 promovere,
2043 191 2287 223 fraternitatem

1275 243 1367 271 tuam
1387 249 1545 279 rogamus
1575 243 1606 271 et
1628 241 1803 271 hortamur
1827 244 1964 278 attente,
1993 243 2026 272 in
2052 244 2287 275 remissionem

1276 293 1337 324 tibi
1373 294 1607 332 peccaminum
1646 294 1860 334 injungentes
1895 297 2062 333 quatenus
2094 296 2287 335 hujusmodi

1276 346 1425 385 predicte
1444 349 1532 377 terre
1549 348 1672 377 statum
1693 347 1819 377 Christi
1838 347 1996 377 fidelibus
2014 348 2047 377 in
2067 357 2168 387 regno
2187 350 2289 379 Fran-

1276 400 1337 437 cie,
1358 409 1486 430 necnon
1506 400 1538 430 in
1559 401 1807 436 Cameracensi,
1830 401 1996 437 Tullensi,
2015 401 2206 437 Leodiensi,
2227 402 2291 432 Me-

1276 453 1361 483 tensi
1388 454 1419 483 et
1447 453 1653 484 Virdunensi
1677 453 1873 483 civitatibus
1899 455 1929 484 et
1952 453 2157 490 diocesibus,
2178 463 2237 493 per
2258 457 2290 485 te

1275 506 1329 536 vel
1352 515 1411 544 per
1431 506 1535 536 alium
1555 515 1613 536 seu
1635 506 1721 536 alios
1738 506 1959 536 ecclesiarum
1979 507 2128 545 prelatos
2144 509 2174 537 et
2197 507 2292 537 cleri-

1276 568 1344 595 cos,
1371 559 1551 597 religiosos
1574 561 1605 589 et
1637 559 1819 595 seculares,
1849 560 2092 599 cujuscumque
2116 559 2292 599 dignitatis

1276 612 1329 642 vel
1346 612 1476 642 ordinis
1495 612 1631 647 suerint⁷
1653 621 1737 651 qnos
1759 612 1799 642 ad
1822 612 1882 642 hoc
1906 613 2057 651 ydoneos
2078 621 2153 643 esse
2172 622 2289 652 cogno-

1276 665 1378 701 veris,
1403 665 1583 703 diligenter
1602 674 1775 704 exponens
1793 666 1910 704 eisque
1932 674 2124 704 proponens
2145 666 2292 696 sollicite

1275 717 1414 748 verbum
1433 718 1563 754 Crucis,
1576 718 1789 757 ipsos,juxta
1807 719 1919 748 datam
1937 718 2000 748 tibi
2020 727 2038 748 a
2054 719 2200 749 Domino
2217 728 2290 758 gra-

1276 771 1371 806 tiam,
1390 771 1528 801 intentis
1548 771 1687 801 inducas
1716 771 1855 801 monitis
1877 773 1907 801 et
1934 772 2064 801 sedulis
2092 772 2292 811 predicatio-

1276 824 1376 854 nibus
1405 824 1605 860 exhorteris,
1636 827 1671 855 nt
1699 825 1885 864 cogitantes
1916 825 2099 863 prudenter
2127 827 2292 863 quantum

1277 886 1363 907 nunc
1395 878 1543 917 indigeat
1578 878 1727 916 ipsorum
1761 878 1891 916 prefata
1922 880 2012 908 terra
2038 887 2213 914 succursu,
2250 878 2293 908 ad

1277 931 1535 961 subventionem
1551 931 1624 969 ejus
1641 931 1809 970 promptis
1830 931 2005 961 intendant
2023 932 2146 961 animis
2163 933 2194 961 et
2213 931 2292 961 viri-

1276 984 1339 1014 bus
1366 984 1448 1014 totis
1478 986 1659 1023 exurgant,
1695 985 1882 1023 Crucisque
1916 987 2073 1023 suscepto
2102 985 2290 1024 signaculo,

1276 1037 1357 1067 illuc
1383 1037 1622 1076 spiritualibus
1645 1037 1749 1067 armis
1773 1041 1804 1067 et
1832 1038 2068 1068 materialibus
2095 1038 2292 1077 premuniti,

1276 1091 1315 1121 de
1331 1091 1445 1121 divina
1464 1099 1596 1130 quoque
1613 1093 1790 1129 sperantes
1806 1091 1966 1129 potentia,
1980 1100 2055 1121 cum
2076 1091 2292 1121 festinatione

1276 1144 1472 1183 procedant.

1315 1198 1356 1227 Et
1384 1199 1418 1227 ut
1439 1197 1526 1227 circa
1546 1197 1578 1227 id
1596 1206 1633 1226 eo
1651 1197 1815 1227 libentius
1839 1198 1871 1227 et
1891 1197 2082 1227 animosius
2100 1197 2290 1234 intendant,

1276 1259 1341 1288 quo
1355 1250 1476 1279 exinde
1487 1250 1574 1279 dona
1584 1250 1789 1289 spiriiualia,
1802 1250 2048 1289 temporalibus
2060 1251 2178 1289 procul
2191 1249 2294 1280 dubio

1275 1304 1486 1342 preferenda,
1508 1303 1719 1341 perceperint
1742 1303 1885 1342 potiora,
1908 1312 1968 1333 nos
1989 1304 2028 1333 de
2049 1304 2294 1343 omnipotentis

1276 1356 1338 1386 Dei
1365 1356 1602 1386 misericordia
1623 1358 1655 1386 et
1674 1356 1850 1386 beatorum
1868 1357 1959 1387 Petri
1983 1359 2012 1387 et
2033 1357 2141 1390 Pauli,
2161 1359 2294 1396 aposto-

1276 1409 1387 1439 lorum
1402 1409 1486 1448 ejus,
1499 1409 1698 1440 auctoritate
1712 1410 1829 1439 contisi
1845 1411 1876 1440 et
1890 1410 1948 1440 illa
1961 1419 2061 1449 quam
2076 1410 2174 1441 nobis
2186 1411 2291 1447 Deus,

1274 1462 1354 1493 licet
1377 1462 1538 1501 indignis,
1563 1462 1691 1502 ligandi
1713 1464 1813 1501 atque
1842 1463 1995 1493 solvendi
2021 1463 2163 1493 contulit
2186 1464 2294 1502 potes-

1274 1517 1354 1550 tate,
1383 1515 1540 1546 omnibus
1559 1525 1636 1546 vere
1656 1516 1888 1555 penitentilms
1916 1518 1946 1546 et
1971 1517 2139 1547 confessis
2158 1517 2216 1556 qui
2235 1516 2293 1547 hu-

1271 1569 1421 1608 jusmodi
1452 1569 1603 1599 laborem
1634 1569 1667 1598 in
1696 1569 1844 1608 propriis
1875 1570 2032 1608 personis
2065 1569 2232 1600 subierint
2260 1571 2293 1601 et

1275 1623 1448 1661 expensis,
1467 1622 1602 1662 plenam
1622 1631 1761 1652 suorum
1782 1623 2014 1661 peccaminum
2031 1623 2166 1653 veniam
2182 1623 2293 1653 indul-

1274 1684 1403 1714 gemus.
1430 1675 1488 1705 Eis
1508 1677 1621 1705 autem
1639 1675 1695 1714 qui
1722 1684 1787 1705 non
1807 1675 1840 1705 in
1861 1676 2010 1715 propriis
2031 1676 2188 1715 personis
2212 1675 2293 1705 illuc

1274 1728 1490 1763 accesserint,
1509 1729 1566 1758 sed
1586 1728 1619 1758 in
1643 1729 1715 1758 suis
1738 1729 1915 1759 dumtaxat
1940 1729 2113 1768 expensis,
2130 1729 2228 1767 juxta
2249 1728 2294 1758 sa-

1274 1781 1417 1812 cultates
1444 1783 1475 1811 et
1500 1781 1683 1820 qualitates
1705 1790 1785 1811 suas
1809 1782 1901 1812 viros
1930 1783 2080 1821 ydoneos
2100 1782 2292 1813 destinave-

1274 1835 1352 1870 rint,
1373 1836 1404 1865 et
1422 1835 1491 1864 illis
1510 1834 1670 1864 similiter
1689 1835 1757 1873 qui,
1779 1835 1857 1864 licet
1874 1835 1907 1864 in
1924 1835 2046 1865 alienis
2065 1835 2238 1874 expensis,
2258 1834 2292 1865 in

1275 1888 1423 1927 propriis
1440 1890 1552 1918 tamen
1575 1888 1732 1927 personis
1757 1889 1974 1925 accesserint,
1996 1889 2129 1927 plenam
2150 1888 2311 1919 suorum'

1275 1942 1491 1971 concedimus
1511 1941 1645 1971 veniam
1672 1943 1896 1980 peccatorum.
1923 1942 2128 1981 Hujusmodi
2157 1950 2291 1981 quoque

1275 1994 1490 2024 remissionis
1516 1994 1674 2024 volumus
1693 1996 1723 2024 et
1749 1995 1966 2024 concedimus
1991 2003 2065 2025 esse
2094 1995 2288 2034 participes,

1271 2047 1367 2086 juxta
1402 2048 1625 2086 quantitatem
1661 2047 1804 2077 subsidii
1839 2048 1870 2077 et
1902 2048 2093 2078 devotionis
2120 2049 2289 2084 affectum,

1275 2109 1392 2131 omnes
1410 2101 1467 2139 qui
1483 2101 1524 2130 ad
1539 2100 1797 2130 subventionem
1814 2101 1923 2139 ipsius
1942 2103 2029 2131 terre
2045 2101 2084 2131 de
2101 2100 2199 2131 bonis
2218 2102 2291 2132 suis

1243 2162 1244 2165 ¹
1274 2154 1423 2192 aliquam
1444 2153 1633 2192 portionem
1660 2154 1712 2184 vel
1739 2154 1824 2183 alias
1845 2154 2026 2184 consilium
2048 2155 2100 2184 vel
2121 2154 2289 2185 auxilium

1274 2207 1499 2246 impenderint
1518 2210 1732 2245 oportunum.
1760 2207 1927 2237 Volumus
1954 2209 2057 2237 etiam
2077 2208 2289 2246 crucesigna-

1272 2261 1325 2290 tos
1342 2260 1401 2290 illo
1420 2260 1598 2298 privilegio
1618 2260 1744 2298 illaque
1773 2260 1987 2290 immunitate
2009 2261 2154 2299 gaudere
2171 2270 2235 2300 qne
2253 2262 2288 2292 in

1272 2313 1418 2352 generali
1438 2313 1747 2352 crucesignatorum
1767 2313 1977 2352 indulgentia
2001 2314 2218 2350 continetur„

1311 2368 1355 2398 Ut
1377 2368 1489 2397 autem
1508 2367 1729 2397 commissum
1755 2366 1814 2397 tibi
1843 2367 2038 2405 hujusmodi
2057 2367 2288 2398 ministerium

1271 2419 1406 2450 facilius
1425 2421 1457 2450 et
1474 2420 1594 2450 utilius
1611 2420 1732 2458 exequi
1751 2420 1875 2456 valeas,
1890 2419 1952 2450 tibi
1967 2423 1997 2451 et
2015 2421 2190 2459 predictis.
2203 2429 2289 2460 quos

1271 2473 1304 2502 in
1334 2473 1396 2503 hoc
1417 2475 1651 2512 cooperatores
1669 2473 1825 2513 elegeris,
1850 2474 2057 2504 convocandi
2081 2473 2122 2505 ob
2144 2474 2189 2511 id,
2208 2482 2290 2513 quo-

1269 2526 1482 2566 tiescunnpie
1501 2529 1531 2557 et
1551 2527 1755 2566 ubicumque
1781 2527 1908 2557 videris
1927 2527 2100 2566 expedire,
2120 2527 2230 2558 cleros
2255 2529 2289 2558 et

1269 2580 1414 2618 populos
1437 2580 1599 2615 locorum,
1631 2581 1663 2610 iu
1691 2580 1815 2619 quibus
1838 2582 1870 2610 te
1888 2580 1941 2610 vel
1971 2580 2065 2619 ipsos
2095 2589 2285 2620 proponere

1269 2633 1446 2671 contigerit
1479 2634 1619 2663 verbum
1647 2633 1777 2669 Crucis,
1814 2635 1849 2663 ut
1877 2633 2176 2672 processionaliter
2207 2642 2283 2664 cum

1267 2686 1446 2717 devotione
1466 2687 1667 2717 conveniant
1684 2688 1716 2717 et
1735 2686 2023 2725 predicationibus
2042 2687 2165 2717 vestris
2184 2687 2285 2717 inter-

1267 2740 1351 2775 sint,
1378 2740 1485 2770 cleros
1507 2740 1644 2770 eosdem
1663 2740 1703 2769 ad
1727 2739 1771 2775 id,
1792 2740 1821 2770 si
1846 2748 1982 2770 necesse
2003 2740 2115 2777 fuerit,
2135 2749 2194 2779 per
2210 2748 2285 2770 cen-

1267 2801 1382 2823 suram
1410 2793 1687 2828 ecclesiasticam,
1715 2792 1942 2832 appellatione
1967 2793 2169 2832 postposita,
2193 2801 2283 2824 com·
2317 2788 2322 2791 ’
