2547 3289
1121 267 1356 304 DEUXIEME
1381 266 1546 304 ANNEE.

294 352 336 384 G.
358 352 469 383 abbati
490 354 521 383 et
541 353 721 384 conventui
745 354 987 393 Appamiarum
1014 355 1046 385 in
1067 354 1212 394 capitulo
1235 363 1307 394 pre-

293 405 373 436 dicti
389 406 583 437 monasterii
600 407 818 446 congregatis,
839 406 943 442 lectis,
961 407 1138 446 publicatis
1160 408 1191 438 et
1206 408 1306 438 etiam

293 458 464 494 diffinitis,
491 459 580 489 idem
602 459 758 490 dominus
778 460 880 491 abhas
902 462 933 491 et
956 461 1105 491 universi
1127 462 1158 491 et
1181 461 1305 500 singuli

292 511 446 542 canonici
464 511 539 542 dicti
559 513 753 543 monasterii
772 514 1012 552 Appamiarum
1030 515 1186 553 superius
1202 514 1306 544 nomi-

293 564 374 600 nati,
400 564 582 603 predictam
611 565 864 601 ordinationem,
891 567 1016 597 dictum
1044 576 1102 597 seu
1130 567 1305 597 arbitrium

292 626 449 656 expresse
465 619 496 648 et
511 618 659 649 consulte
676 619 898 658 approbantes
909 620 1145 659 promiserunt,
1164 622 1194 650 et
1209 620 1305 650 tactis

291 671 512 701 sacrosanctis
535 671 598 701 Dei
621 672 1026 711 evangeliis,juraverunt
1049 673 1162 703 omnia
1189 682 1305 712 supra-

291 724 389 760 dicta,
407 724 567 755 universa
582 726 613 755 et
630 725 879 764 singula,prout
895 726 1016 755 melius
1029 727 1059 756 et
1077 726 1210 764 plenius
1228 727 1305 756 sunt

290 785 462 815 expressa,
486 777 574 808 bona
600 777 664 808 fide
689 778 929 808 inviolabiliter
953 778 1143 815 observare,
1171 780 1202 809 et
1223 787 1304 809 nun-

291 839 392 870 quam
414 831 529 861 contra
550 831 664 861 venire
685 831 720 861 in
743 831 999 869 aliquo‚nisi,ut
1021 831 1223 869 premissum
1241 833 1301 866 est,
1333 862 1335 871 ⁴

291 883 403 914 abbati
424 883 478 914 vel
496 883 684 919 abbatibus,
707 883 765 922 qui
786 892 846 922 pro
866 885 1014 922 tempore
1036 883 1159 913 suerint
1179 885 1210 914 et
1228 893 1304 914 con-

291 937 417 971 ventui,
438 936 608 967 communi
629 938 659 966 et
679 936 834 966 concordi
857 945 998 967 assensu
1020 936 1188 966 videretur
1209 937 1305 967 aliter

289 988 525 1020 ordinandum.
548 989 589 1019 Et
610 989 650 1018 ad
672 989 829 1027 majorem
850 989 1042 1019 firmitatem
1062 989 1249 1020 habendam
1269 990 1303 1020 in

289 1041 519 1072 testimonium
535 1042 949 1080 predictorum,predictus
964 1042 1120 1072 dominus
1135 1043 1174 1073 G.
1187 1043 1302 1078 abbas,

288 1094 447 1125 dominus
463 1094 640 1133 episcopus
657 1095 688 1125 et
705 1096 889 1125 conventus
906 1095 1025 1134 prefati
1042 1096 1230 1134 presentem
1246 1104 1302 1134 pa-

287 1147 400 1186 ginam
421 1147 610 1186 sigillorum
627 1156 765 1178 suorum
782 1148 970 1178 munimine
991 1148 1200 1178 roborarunt.
1221 1149 1302 1178 Acta

288 1200 423 1230 fuerunt
443 1200 502 1230 hec
523 1201 556 1230 in
578 1200 722 1239 capitulo
745 1201 824 1231 dicti
844 1201 1050 1237 monasterii,
1071 1201 1123 1231 die
1145 1201 1303 1231 mercurii

286 1254 362 1293 post
388 1253 510 1283 festum
537 1253 625 1283 beati
655 1254 820 1292 Gregorii,
846 1263 961 1284 mense
987 1254 1099 1284 martii
1122 1263 1209 1284 anno
1235 1255 1303 1285 Do-

289 1307 373 1337 mini
390 1307 579 1341 MDCLXI,
601 1307 635 1337 in
657 1307 827 1346 presentia
851 1307 979 1337 domini
1000 1304 1165 1338 Amanevi
1188 1309 1300 1346 postu-

287 1360 345 1390 lati
364 1360 399 1390 in
419 1359 707 1398 archiepiscopum
725 1359 863 1390 ecclesie
885 1360 1062 1396 Auxstane,
1084 1360 1211 1390 domini
1232 1369 1300 1390 ma-

286 1413 382 1453 gistri
401 1413 577 1444 Bertrandi
600 1413 640 1443 de
662 1413 863 1444 Miromonte
886 1413 1016 1444 abbatis
1037 1414 1300 1450 Lombariensis,

286 1466 458 1498 Ramundi
483 1466 669 1505 Resplandi
694 1466 921 1496 archidiaconi
944 1467 1148 1501 Les-atensis,
1172 1468 1301 1506 Ugonis

287 1520 449 1555 Mascaro,
467 1519 524 1549 Ar.
542 1519 713 1550 Ramundi
728 1519 767 1549 de
784 1519 975 1554 Pabneriis,
996 1520 1231 1550 canonicorum
1250 1529 1300 1551 ec-

287 1572 387 1603 clesie
404 1572 606 1607 Tholosane,
623 1572 784 1611 Stephani
800 1572 923 1603 Amelii
939 1574 1144 1611 precentoris
1163 1574 1300 1605 ecclesie

287 1625 532 1660 Narbonensis,
558 1624 709 1664 magistri
735 1625 835 1655 Pauli
861 1625 1025 1664 capellani
1050 1625 1177 1656 domini
1205 1635 1299 1666 pape,

288 1679 331 1710 R.
359 1678 481 1708 Vitalis
512 1678 666 1708 officialis
695 1678 947 1717 Appamiarum,
978 1679 1129 1718 magistri
1158 1680 1300 1711 Athonis
1330 1709 1332 1715 ,

288 1732 453 1771 capellani
467 1732 506 1762 de
517 1731 782 1770 Monteesquivo,
796 1732 948 1771 magistri
961 1732 1001 1763 R.
1016 1732 1137 1767 David,
1150 1733 1300 1771 magistri

289 1786 346 1816 Ar.
364 1785 404 1815 de
424 1784 617 1821 Albinione,
637 1784 797 1824 Stephani
814 1785 1085 1823 archipresbiteri
1103 1786 1300 1816 Lauriacen-

287 1839 347 1875 sis,
363 1837 514 1877 magistri
530 1838 588 1868 Ar.
609 1838 733 1874 Crassi,
752 1838 903 1877 magistri
918 1839 1030 1869 Pontii
1048 1838 1172 1873 Maleti,
1187 1840 1299 1870 fratris

286 1892 400 1923 Pontii
417 1892 456 1922 de
477 1892 618 1926 Morero,
637 1892 750 1923 fratris
765 1892 804 1923 G.
826 1893 943 1923 Garini
965 1892 1093 1922 ordinis
1109 1892 1298 1924 Predicato—

285 1954 371 1980 rum,
399 1945 551 1984 magistri
574 1945 717 1976 Athonis
736 1946 775 1976 de
800 1947 913 1976 sancto
938 1945 1072 1976 Victore
1099 1947 1218 1976 notarii
1244 1947 1299 1977 do-

284 1998 370 2029 mini
401 1997 549 2037 episcopi
578 1998 771 2037 supradicti,
802 1999 833 2028 et
857 1998 934 2033 mei,
962 1998 1114 2037 magistri
1140 1998 1229 2029 Petri
1258 1999 1298 2030 de

286 2052 393 2083 Plano
404 2052 524 2082 notarii
539 2051 665 2082 domini
682 2051 830 2091 episcopi
845 2051 1027 2082 Tholosani
1042 2052 1298 2091 supradicti,qui

282 2105 343 2136 hec
359 2105 478 2144 scripsi
495 2106 525 2136 et
537 2104 671 2144 siguum
684 2113 796 2136 meum
814 2105 966 2144 apposui.

327 2170 342 2185 «
362 2158 456 2189 Nulli
481 2167 557 2198 ergo
576 2159 687 2188 nostre
706 2158 971 2189 confirmationis
993 2160 1024 2189 et
1046 2159 1295 2196 moderationis,

282 2213 342 2243 etc.
370 2231 415 2241 —.
436 2213 559 2243 Datum
577 2212 665 2251 apud
683 2212 967 2248 Urbemveterem,
991 2221 1051 2242 vin
1068 2213 1229 2243 kalendas
1244 2214 1296 2244 de-

283 2265 439 2301 cembris,
457 2274 542 2296 anno
555 2266 712 2296 secundo.
738 2277 753 2293 »

785 2439 908 2469 omem,
928 2426 958 2465 i3
974 2439 1126 2466 decembre
1145 2441 1222 2466 1262.

350 2439 418 2470 171

317 2536 486 2571 Smaragdo,
508 2536 724 2570 archiepiscopo
745 2536 902 2568 Colocensi,
919 2537 1038 2563 mandat
1054 2540 1083 2564 ut
1096 2537 1218 2570 omero,
1238 2538 1293 2564 Sir-

280 2585 387 2611 miensi
410 2585 554 2619 episcopo,
582 2584 730 2611 licentiam
757 2585 863 2611 tribuat
892 2586 1060 2612 transeundi
1086 2586 1121 2612 ad
1148 2586 1292 2613 Minorum

277 2633 423 2660 ordinem.
441 2633 520 2667 (linc.
538 2634 581 2665 ⁶26,
597 2633 644 2660 sol.
660 2634 704 2666 59,
720 2633 786 2660 anni
804 2633 840 2666 ΙΙ,
858 2642 891 2660 nu
908 2635 955 2666 33;
974 2635 1111 2661 Por'russr
1132 2635 1237 2668 {84:35.)

319 2747 360 2765 «..
379 2734 607 2775 archiepiscopo
628 2735 793 2765 colocensi.
813 2735 1022 2775 Significavit
1043 2736 1140 2767 nobis
1156 2745 1291 2768 venera-

277 2788 356 2819 bilis
373 2806 421 2819 —.
440 2788 563 2819 Datum
587 2788 673 2827 apud
699 2788 983 2824 Urbemveterem,
1001 2789 1076 2819 idus
1092 2789 1290 2826 decembris,

274 2850 362 2872 anno
380 2850 415 2872 rx.
434 2853 448 2869 »

2339 282 2378 310 69

1440 357 1512 388 172

1869 359 1993 393 Orvieto,
2012 361 2042 386 13
2060 361 2211 388 decembre
2231 363 2305 388 ti‘ss‘z.

1403 440 1494 467 Priori
1509 449 1531 467 s.
1548 441 1624 468 Petri
1641 442 1857 470 Mati-sennensis
1874 444 1993 471 mandat
2009 447 2148 478 quatenus
2163 446 2329 473 Gausridum
2345 448 2378 474 de

1367 488 1733 522 Sinemuro,ssrionense1n
1759 492 1909 524 clericum,
1936 493 2152 522 Matisconensis
2175 496 2309 528 diocesis,
2333 498 2380 524 ob-

1366 538 1448 564 tentu
1471 538 1596 572 episcopi
1617 539 1805 572 Ostiensis,in
1825 542 1948 568 ecclesia
1968 543 2150 577 Lugdunensi
2172 557 2184 569 «
2206 545 2250 572 cui
2271 546 2377 574 diutius

1366 585 1395 612 in
1416 586 1520 613 divinis
1541 587 1644 614 officiis
1664 596 1693 615 se
1717 590 1821 616 asserit
1840 591 1992 618 servivisse
2014 592 2077 624 »‚in
2098 594 2268 620 canonicum
2290 595 2377 630 recipi

1367 634 1462 661 saciat.
1479 636 1557 669 (Rae.
1574 638 1618 668 26,
1636 637 1704 664 anni
1721 638 1756 670 ll,
1773 647 1806 664 no
1822 639 1866 673 32,
1884 639 1930 666 sol.
1950 641 2006 674 59.)

1407 738 1447 756 «..
1462 727 1600 766 prioris.
1618 728 1703 759 Petri
1719 729 1958 762 ΔΙΙαίῐςι-οηεηεῐε.
1975 733 2142 765 Dilectum
2169 736 2272 766 filium
2291 737 2377 768 Gau-

1366 779 1490 809 fridum
1501 798 1549 811 —.
1560 781 1684 812 Datum
1700 784 1788 821 apud
1804 784 2087 823 Urbemveterem,
2100 788 2176 819 idus
2191 790 2377 821 decembris

1366 841 1452 863 anno
1470 842 1507 863 ιι.
1524 846 1538 862 »

1434 993 1505 1023 173
1864 997 1990 1030 Orvieto,
2007 1000 2040 1025 22
2055 999 2207 1028 decembre
2228 1004 2303 1030 1262.

1400 1075 1503 1102 Abbati
1516 1077 1544 1102 et
1555 1077 1680 1110 capitulo
1690 1078 1828 1106 ecclesiae
1839 1081 1941 1107 Montis
1954 1082 2020 1108 Sion
2035 1084 2063 1109 in
2078 1084 2249 1118 Jerusalem,
2266 1087 2374 1114 ordinis

1364 1131 1387 1149 s.
1406 1124 1704 1161 Augustini‚indulget
1720 1129 1751 1153 ut
1765 1128 1819 1162 ipsi
1836 1131 1884 1155 aut
1902 1133 2026 1157 rectores
2044 1132 2087 1158 vel
2102 1132 2207 1161 fratres
2222 1135 2375 1162 domorum

1364 1171 1433 1205 ipsis
1452 1173 1649 1208 subjectarum
1664 1176 1699 1201 ad
1717 1178 1927 1210 procurationis
1943 1180 2149 1208 exhibitionem
2166 1183 2209 1209 vel
2223 1185 2375 1219 cujuslibet

1363 1221 1483 1248 subsidii
1510 1222 1595 1249 alicui
1620 1224 1675 1250 nisi
1703 1225 1841 1252 duntaxat
1864 1227 2048 1260 patriarchae
2073 1230 2307 1259 Jcrosolimitano
2332 1234 2374 1260 rel

1363 1269 1466 1304 legatis
1483 1272 1647 1305 apostolicis
1665 1274 1696 1299 cle
1713 1274 1795 1300 lutere
1810 1276 1942 1310 compelli
1958 1277 2078 1311 possint.
2097 1279 2175 1312 (linc.
2189 1282 2233 1313 26,
2257 1282 2325 1308 unni
2340 1282 2374 1314 ΙΙ,

1363 1326 1397 1344 no
1413 1320 1457 1354 35,
1473 1319 1522 1346 t'ol.
1541 1321 1597 1351 59.)

1405 1423 1446 1441 «..
1468 1411 1570 1442 abbata
1595 1419 1621 1442 ec
1641 1414 1775 1454 capitulo
1798 1416 1918 1447 ecclesie
1935 1419 2121 1460 illontissyon
2143 1422 2173 1451 in
2194 1422 2374 1461 Jerusalem

1364 1464 1480 1494 ordinis
1490 1476 1514 1495 s.
1530 1466 1705 1506 Auqnstimz
1724 1469 1944 1501 Devotionem
1960 1474 2105 1505 vestram
2120 1477 2310 1514 apostolicis
2324 1496 2373 1509 —.

1330 1518 1332 1533 ³
1364 1517 1485 1548 Datum
1513 1521 1600 1558 apud
1640 1521 1927 1561 Urbemveterem,
1950 1535 1984 1555 XI
2021 1527 2182 1559 kalendas
2212 1530 2373 1568 januarii,

1363 1580 1403 1601 al]
1409 1580 1450 1602 no
1467 1581 1500 1602 11.
1526 1586 1538 1599 n

1432 1737 1503 1768 174

1863 1741 1987 1775 Orvieto,
2004 1744 2038 1769 22
2054 1743 2206 1772 decembre
2224 1748 2300 1773 ¹262.

1397 1818 1513 1846 Eisdem
1528 1821 1658 1856 indulget
1671 1824 1701 1849 ut
1717 1824 1753 1850 ad
1767 1824 1939 1852 exhibendas
1954 1827 2099 1861 collectas,
2116 1829 2210 1856 tallias
2226 1839 2275 1858 seu
2291 1840 2372 1866 pecu-

1329 1884 1330 1890 1
1361 1867 1477 1895 niarum
1496 1878 1628 1897 summas
1647 1872 1703 1898 nisi
1721 1880 1737 1899 a
1750 1873 1757 1899 Ι
1772 1874 1862 1908 egetis
1891 1875 1924 1901 cie
1942 1875 2023 1902 lutere
2036 1877 2110 1904 sedis
2128 1880 2301 1912 apostolicae
2321 1882 2372 1909 mi-

1360 1917 1440 1943 nime
1454 1919 1588 1953 compelli
1605 1920 1725 1954 possint.
1743 1922 1822 1956 (lise.
1837 1924 1880 1956 26,
1896 1924 1964 1950 anni
1983 1925 2016 1958 ΙΙ,
2032 1933 2065 1951 no
2081 1927 2125 1959 36,
2139 1926 2188 1955 fol.
2208 1930 2240 1955 59
2257 1930 2311 1965 vo.)

1402 2023 1416 2038 «
1436 2011 1572 2047 Eisdem,
1589 2013 1811 2045 Devotionem
1822 2017 1966 2047 vestram
1978 2020 2085 2056 etc—‚
2105 2022 2141 2051 ut
2156 2021 2191 2052 in
2207 2023 2372 2062 superiori

1327 2093 1328 2097 ,
1359 2065 1513 2103 proxima
1526 2075 1585 2104 per
1598 2067 1703 2097 totum
1720 2077 1824 2107 usque
1841 2078 1928 2100 anno
1947 2080 1981 2101 11.
2003 2084 2017 2099 »

1428 2224 1499 2255 175

1921 2227 2045 2260 Orvieto,
2063 2230 2077 2254 5
2091 2229 2204 2264 janvier
2224 2232 2298 2258 1263.

1394 2297 1432 2324 De
1452 2298 1632 2325 absolutione
1653 2300 1824 2327 Senensium
1847 2303 2026 2329 morantium
2050 2307 2131 2331 extra
2151 2306 2297 2334 civitatem
2321 2309 2369 2335 Se-

1324 2370 1325 2386 ]
1357 2353 1490 2374 nensem.
1508 2346 1580 2373 Item
1600 2347 1721 2374 habetur
1738 2349 1815 2375 infra
1831 2350 1864 2376 de
1881 2351 2093 2379 conditionibus
2112 2356 2137 2380 et
2157 2356 2246 2388 pactis
2263 2355 2368 2384 habitis

1323 2393 1325 2440 J
1357 2394 1432 2422 inter
1452 2403 1501 2423 eos
1521 2398 1548 2422 et
1568 2396 1720 2435 ecclesiam
1739 2398 1911 2431 Romanam,
1932 2400 2056 2434 capitulo
2080 2410 2201 2429 cxxxvii.
2224 2405 2301 2437 (Rnc.
2323 2408 2368 2439 213,

1357 2444 1405 2470 sol.
1423 2446 1456 2471 59
1473 2453 1515 2476 νο,
1531 2445 1599 2472 anni
1620 2445 1652 2477 ΙΙ,
1670 2454 1703 2471 no
1720 2448 1752 2473 37
1766 2447 1799 2480 ¹.)

1398 2551 1412 2565 α
1431 2538 1580 2577 Muqistro
1596 2539 1716 2575 Miloni,
1733 2540 1923 2578 sorisrlecano
1940 2543 2122 2581 Brivalensz',
2141 2547 2290 2585 scripluri
2302 2559 2366 2579 nos-

1357 2596 1415 2622 tro.
1443 2592 1580 2623 Dudum
1600 2593 1733 2631 reprobi
1765 2594 1927 2625 Senenses
1953 2597 2079 2634 perdito
2098 2599 2163 2629 tilio
2181 2600 2366 2638 Manfredo,

1355 2645 1523 2684 quondam
1532 2645 1675 2685 principi
1693 2647 1969 2683 Tarentino,cu1n
1985 2650 2142 2682 omnibus
2159 2653 2367 2692 adjutoribus

1354 2699 1386 2728 et
1400 2698 1589 2729 fautoribus
1602 2699 1673 2729 suis
1688 2708 1747 2737 per
1756 2699 1864 2730 felicis
1880 2703 2121 2734 recordationis
2138 2706 2365 2739 Alexandrum

1352 2759 1485 2790 papam,
1512 2752 1782 2790 predecessorem
1811 2755 1976 2790 nostrum,
2008 2760 2366 2792 excommunicationis

1351 2804 1484 2843 publice
1497 2805 1660 2836 sententia
1678 2805 1847 2842 innodato,
1865 2807 1899 2837 in
1925 2808 2111 2841 turbitione
2129 2812 2220 2850 pacis
2243 2815 2364 2845 Tuscie

1351 2858 1383 2888 et
1400 2857 1435 2888 in
1450 2859 1709 2897 presumptuosa
1721 2859 1978 2891 contrectatione
2003 2862 2133 2902 jurium
2149 2866 2179 2896 et
2199 2865 2362 2898 bonorum

1381 2959 1404 2983 1.
1423 2959 1459 2984 Ce
1475 2958 1586 2984 resume
1598 2960 1640 2982 est
1655 2958 1745 2983 donne
1760 2966 1792 2984 en
1809 2966 1902 2991 margo
1918 2960 1953 2985 da
1970 2961 2104 2992 Regis-tre.
