2547 3289
1042 212 1282 250 'rnotsOEME
1307 214 1466 250 ANNEE.

198 300 289 330 trum
304 300 499 337 hujusmodi
532 301 666 330 nostras
696 298 832 328 clausas
853 298 996 334 litteras,
1017 307 1101 336 quas
1117 297 1214 327 vobis

200 352 286 383 lator
306 354 513 392 presentium
529 351 726 391 assignabit,
746 351 857 380 eidem
875 351 1129 389 archiepiscopo
1144 359 1213 388 pre-

200 408 387 439 sentantes,
409 407 520 444 ipsum
550 414 590 435 ex
617 406 710 443 parte
742 406 857 433 nostra
883 404 1049 433 moneatis
1080 405 1111 433 et
1139 403 1213 432 dili-

200 460 333 497 gentius
367 459 535 488 inducatis
567 461 602 488 ut
633 457 827 495 hujusmodi
852 457 978 486 nostris
1018 456 1213 486 salubribus

199 513 366 548 consiliis,
388 512 477 541 infra
498 511 685 549 predictum
703 510 899 544 terminum,
920 510 1121 548 acquiescat.
1143 510 1213 539 Nos
1243 522 1244 541 1

201 573 278 603 ergo
309 564 492 603 recipiendi
525 564 565 593 ab
596 563 712 593 eodem
746 563 998 601 archiepiscopo
1024 562 1212 592 cessionem

199 724 308 753 eidem
343 723 568 762 prenuntietis
602 722 868 760 archiepiscopo,
894 722 994 760 quod,
1031 723 1058 751 si
1085 722 1211 752 nostris

201 777 351 809 monitis,
370 776 539 806 mandatis
558 778 589 805 et
613 775 769 805 consiliis
788 783 891 813 super
907 775 967 804 hoc
986 783 1102 813 parere
1119 784 1210 804 cura-

201 829 296 864 verit,
315 829 354 859 de
380 829 489 867 gratia
506 831 538 859 et
556 828 791 858 misericordia
814 828 905 857 sedis
932 828 1129 866 apostolice,
1148 837 1212 866 que

200 881 436 912 obedientibus
464 882 536 920 ejus
561 882 784 920 beneplacitis
813 890 871 910 sue
898 881 1090 911 dulcedinis
1108 881 1212 911 ubera

200 935 352 974 porrigit,
379 944 443 965 non
476 935 618 964 diftidat.
655 935 720 965 Sed
743 935 772 964 si
802 934 940 976 elegerit
972 935 1082 972 perire
1102 935 1212 973 potius

199 996 300 1027 quam
318 997 448 1026 parere,
469 997 542 1023 nos,
562 997 601 1018 ne
629 988 746 1026 culpas
767 996 846 1017 suas
870 989 1004 1017 nostras
1031 988 1139 1017 facere
1165 988 1211 1017 vi-

198 1041 348 1076 deamur,
367 1041 586 1071 dissimulare
610 1041 755 1071 ulterius
777 1050 842 1070 non
863 1041 1052 1079 poterimus
1066 1041 1147 1079 quin
1172 1041 1211 1070 ad

199 1094 426 1133 indagandum
444 1096 477 1124 et
493 1095 702 1133 puniendum
719 1095 752 1124 in
768 1103 805 1124 eo
836 1094 983 1133 graviter
1008 1095 1080 1133 eJuS
1098 1103 1210 1124 exces-

198 1155 268 1183 5115,
302 1147 457 1186 exigente
485 1147 630 1185 justitia.
658 1149 862 1182 constanter,
885 1149 1020 1177 auctore
1051 1147 1209 1183 Domino,

198 1201 430 1239 procedamus.
452 1200 580 1230 Taliter
608 1201 711 1239 igitur
733 1200 929 1238 hujusmodi
955 1202 1110 1230 nostrum
1140 1209 1211 1239 pre-

198 1255 331 1292 ceptum
350 1253 534 1292 adimplere
553 1254 690 1288 curetis,
716 1263 781 1284 non
806 1253 959 1283 obstante
988 1253 1211 1292 indulgentia,

198 1315 264 1345 qua
284 1307 446 1337 fratribus
469 1307 573 1337 vestri
604 1307 734 1337 ordinis
763 1316 781 1337 a
806 1307 958 1346 predicta
986 1307 1064 1337 sede
1088 1307 1212 1337 dicitur

198 1368 273 1390 esse
293 1369 502 1395 concessum7
514 1361 601 1398 quod
620 1360 658 1390 de
675 1360 788 1390 causis
802 1369 861 1390 seu
875 1360 1032 1399 negotiis,
1045 1369 1109 1398 que
1125 1360 1211 1399 ipsis

199 1422 216 1442 a
235 1413 313 1443 sede
328 1413 586 1443 committuntur
605 1413 733 1447 eadem,
763 1413 860 1443 inviti
880 1422 1081 1452 cognoscere
1109 1422 1211 1452 seque

197 1466 238 1496 de
257 1466 327 1495 illis
350 1467 576 1496 intromittere
602 1467 741 1496 minime
766 1468 955 1502 teneantur,
978 1468 1013 1496 ut
1033 1467 1174 1505 possitis
1194 1476 1211 1496 a

199 1518 297 1548 nobis
317 1519 356 1549 de
379 1519 450 1549 zelo
468 1521 621 1558 prompte
649 1519 839 1549 obedientie
858 1528 923 1549 non
941 1519 1110 1550 immerito
1126 1528 1213 1550 com-

200 1573 363 1602 mendari.
389 1573 549 1602 Vestrum
569 1574 682 1603 autem
712 1573 743 1602 in
764 1573 824 1602 hac
849 1574 944 1611 parte
964 1581 1159 1611 processum
1181 1575 1212 1603 et

199 1626 359 1664 quicquid
378 1626 467 1655 idem
488 1626 763 1664 archiepiscopus
777 1635 879 1664 super
899 1626 958 1656 hoc
976 1626 1211 1661 fece1·it,n0bis

199 1680 322 1709 vestris
344 1679 481 1714 litteris,
501 1679 620 1708 harum
638 1679 761 1709 seriem
781 1679 1045 1715 continentibus,
1068 1679 1212 1710 fideliter

200 1732 376 1762 intimetis.
397 1733 520 1762 Datum
540 1734 575 1762 ut
595 1741 708 1769 supra.
733 1742 747 1760 »

288 1928 361 1959 54ss
792 1932 916 1958 Orvieto.
935 1933 950 1959 δ
967 1940 1045 1957 mars
1064 1933 1138 1958 1204.

234 2011 456 2045 Ars-hiepiscopo
474 2010 636 2037 Coloniensi
653 2020 666 2036 n
683 2011 850 2046 jurannmto
875 2011 928 2037 sibi
952 2012 978 2038 111
997 2013 1121 2045 quadam
1141 2013 1212 2039 turri

198 2060 321 2094 captivo,
341 2060 367 2086 vi
397 2059 609 2086 (ololoniensium
627 2059 732 2086 civium
751 2060 895 2094 imposito.
914 2060 1047 2087 absolvit.
1068 2062 1147 2097 (ltnn.
1166 2064 1210 2095 28,

198 2108 246 2135 fol.
270 2110 299 2136 13
317 2115 355 2141 v0,
372 2116 439 2135 ann.
457 2108 504 2140 ΙΙΙ,
523 2113 554 2134 n⁰
570 2109 635 2142 llttg
654 2109 802 2135 porram
820 2110 926 2143 18818).

239 2224 253 2243 1(
280 2239 285 2244 .
308 2239 312 2243 .
336 2214 569 2253 archiepiscopo
596 2212 776 2242 Coloniensi.
801 2213 1056 2244 Coloniensium
1086 2214 1211 2244 civium

200 2267 302 2296 nimis
321 2266 492 2298 effrenata,
515 2265 543 2294 si
566 2264 673 2294 relata
691 2265 830 2294 veritate
849 2265 1015 2300 nituntur,
1038 2266 1212 2296 temeritas

200 2328 264 2350 non
281 2319 391 2349 50111111
410 2318 584 2348 fidelitatis
603 2317 766 2353 debitum,
782 2326 847 2356 quo
863 2317 925 2347 tibi
944 2320 976 2348 et
993 2319 1134 2349 ecclesie
1153 2319 1212 2349 Co-

202 2372 346 2402 loniensi
360 2373 526 2406 tenentur,
547 2371 760 2400 observantie
781 2371 913 2401 cultura
929 2380 993 2401 non
1011 2372 1137 2409 colens,
1158 2382 1211 2402 ve-

201 2425 393 2455 11111101111111
418 2425 603 2454 reverentie
623 2424 738 2453 filialis
759 2425 908 2454 osticium
934 2425 1121 2455 inofficiose
1141 2434 1214 2463 pre-

202 2479 329 2509 teriens
366 2479 397 2508 et
441 2486 573 2507 omnem
610 2486 749 2515 prorsus
787 2477 894 2516 legem
934 2478 1134 2512 abhorrens,
1174 2479 1213 2508 ad

202 2534 355 2562 nostrum
389 2531 501 2560 delata
532 2539 638 2568 nuper
667 2530 832 2564 auditum,
852 2531 1003 2561 horroris
1035 2532 1213 2562 materiam

204 2584 420 2616 audientibus
439 2583 553 2614 attulit
581 2585 612 2613 et
635 2592 771 2613 causam
788 2584 950 2614 nimirum
976 2585 1082 2615 multe
1102 2585 1214 2615 turba-

202 2639 307 2669 tionis
330 2637 472 2677 ingessit
493 2637 532 2667 de
560 2637 768 2675 presumptis
794 2637 825 2666 in
852 2639 882 2667 te
909 2646 968 2676 per
986 2647 1043 2668 eos
1065 2639 1214 2669 inaudite

204 2691 470 2731 presumptionis
504 2690 713 2724 excessibus,
733 2689 829 2720 nobis
851 2691 882 2725 et
905 2690 1065 2721 fratribus
1091 2692 1216 2721 nostris

204 2745 346 2784 patienti
371 2744 643 2782 compatiendum
671 2752 866 2782 suggerens,
892 2745 924 2773 et
950 2743 981 2773 in
1007 2752 1064 2774 eos
1085 2753 1216 2783 preser—

204 2799 265 2828 tim
284 2797 525 2828 excedentibus
540 2797 799 2830 condolemlum,
819 2796 908 2834 quod
931 2796 1008 2835 ipsi,
1031 2806 1105 2827 cum
1123 2797 1216 2836 gravi

207 2852 396 2881 animarum
426 2859 563 2880 suarum
595 2850 757 2889 periculo²
782 2858 817 2879 se
848 2849 1009 2888 gravibus
1042 2850 1217 2880 i1·retivere

207 2904 421 2940 011111111111113,
440 2903 662 2942 ignominiose
688 2904 924 2941 resperserunt
952 2902 1155 2941 perditionis
1175 2904 1223 2933 in-

1243 548 1245 561 t

2232 223 2290 253 275

1278 298 1390 333 famia,
1421 300 1452 328 et
1483 299 1585 327 sach-s
1615 308 1693 328 suas
1714 300 1803 329 tante
1832 302 1906 329 note
1937 299 2122 335 ignominia
2140 300 2287 338 repleve-

1275 353 1362 379 runt.
1387 353 1476 380 Sicut
1500 361 1579 389 ergo
1602 352 1697 382 hahet
1717 354 1906 382 conutitutis
1927 353 2014 382 cin-a
2032 354 2183 391 predicta
2204 354 2285 382 rela-

1274 403 1332 435 110,
1364 413 1438 432 cum
1470 405 1503 433 tu
1547 405 1576 432 in
1616 405 1896 443 archiepiscopali
1929 406 2122 435 Coloniensi
2160 406 2285 444 palatio

1275 456 1437 494 inopinati
1478 466 1542 486 11011
1572 458 1750 495 providens
1776 468 1874 487 casus·
1899 461 2067 492 eventum,
2089 468 2188 497 quem
2217 461 2286 489 nul-

1275 509 1342 538 lius
1365 512 1563 539 eventurum
1582 510 1741 539 hactenus
1759 512 1904 549 exempli
1925 512 2115 541 similitudo
2131 512 2284 550 predixe-

1243 581 1245 597 =,
1274 563 1336 596 rat,
1356 562 1519 601 cujusque
1541 563 1600 592 tibi
1621 564 1843 601 conjecturam
1866 565 1957 594 nulla
1977 566 2091 594 contra
2110 567 2140 594 te
2160 566 2285 595 (rivium

200 618 486 657 hujiismodi‚vice
503 619 629 651 nostra,
648 616 782 654 plenam
794 616 889 645 vobis
904 616 1120 646 concedimus
1134 624 1212 645 auc-
1243 611 1245 632 ἶ

200 671 336 701 toritate
368 669 576 708 presentium
607 669 812 699 facultatem.
844 669 1011 698 Volumus
1041 669 1143 698 etiam
1177 670 1212 699 ut
1245 668 1246 673 ’

1274 616 1425 653 ipsorum
1451 619 1565 654 aperta
1585 616 1730 646 turbatio
1752 626 1810 646 seu
1828 618 1946 655 quevis
1968 618 2134 648 ‹lit‘lidatio
2153 619 2205 648 vel
2228 621 2285 648 tua

1274 678 1352 707 erga
1385 669 1478 706 ipsos
1501 669 1664 698 demerita
1694 669 1900 703 incedebant,
1932 680 2022 700 more
2041 671 2141 701 solito
2174 672 2284 701 immi-

1274 721 1432 751 nentibus
1451 722 1511 751 tibi
1533 731 1654 751 vacans
1673 723 1817 760 negotiis
1838 725 2030 757 morareris,
2056 725 2146 754 cives
2166 724 2229 762 ipsi
2253 726 2284 754 et

1274 776 1427 805 nonnulli
1446 785 1608 814 sequaces
1630 785 1746 806 eorum
1773 778 1814 811 te,
1842 777 2055 814 spiritualem
2087 780 2213 816 patrem
2239 778 2285 817 ip-

1274 837 1389 858 sorum
1402 831 1433 858 et
1446 829 1667 866 temporalem
1685 829 1873 864 dominum,
1891 833 2144 868 [misequentes7
2162 831 2284 870 spiritu

1273 882 1429 912 concitati
1460 882 1606 920 nequitie
1630 891 1666 911 ac
1684 882 1850 912 diabolico
1870 883 1999 912 fervore
2020 885 2190 917 commoti,
2210 885 2283 914 Dci-

1273 943 1337 973 que
1356 935 1476 965 timore
1503 935 1692 974 postposito
1711 936 1743 965 et
1762 935 1872 965 debite
1894 936 2068 965 fidelitatis
2087 937 2198 967 sedere
2219 938 2283 967 vio-

1274 988 1352 1023 lato,
1379 989 1412 1018 in
1442 989 1568 1018 dictum
1599 988 1775 1026 palatium,
1808 989 1884 1018 licet
1926 989 2029 1018 multe
2059 990 2283 1020 immunitatis

1273 1041 1463 1080 privilegio,
1486 1044 1519 1071 ut
1542 1042 1675 1077 dicitur,
1704 1042 1915 1080 insignitum,
1939 1042 2112 1072 invasione
2142 1044 2283 1072 temera-

1274 1095 1323 1124 ria
1354 1094 1466 1124 subito
1498 1095 1676 1129 irruentes.
1704 1095 1736 1123 in
1767 1103 1946 1132 personam
1975 1098 2065 1124 tuam
2101 1096 2283 1131 sacrilegas

1273 1156 1394 1178 manus
1412 1148 1559 1186 injicere,
1576 1150 1673 1185 teque
1692 1156 1776 1177 ausu
1786 1148 1915 1177 nel'ario
1934 1156 2063 1185 cipere,
2081 1151 2283 1187 captumque

1273 1210 1309 1231 ac
1326 1201 1542 1231 contumeliis
1565 1200 1739 1239 probrosis
1766 1202 1933 1236 allectum,
1961 1204 1992 1230 et
2016 1201 2148 1239 probris
2171 1204 2284 1231 contu—

1273 1255 1426 1284 meliosis
1453 1254 1605 1290 illusum,
1625 1254 1730 1284 veluti
1761 1262 1855 1284 reum
1890 1254 2009 1283 mortis
2039 1254 2201 1284 deducere
2226 1263 2285 1292 per

1273 1307 1414 1345 plateas,
1439 1310 1470 1337 et
1487 1307 1622 1337 demum
1638 1308 1671 1337 in
1690 1307 1835 1345 quadam
1853 1307 1952 1337 domo
1975 1307 2157 1345 captivmn,
2177 1307 2284 1337 nobili

1273 1361 1407 1393 vi1·0..‚
1442 1361 1577 1391 domino
1612 1361 1651 1390 de
1682 1360 1919 1399 Falkemberg,
1955 1369 2113 1399 germano
2142 1362 2211 1396 tuo,
2249 1361 2283 1390 in

1273 1416 1491 1453 augmentum
1512 1413 1663 1446 sceleris,
1693 1413 1935 1443 nichilominus
1953 1414 2132 1451 ‹reaptivatQ
2153 1413 2283 1443 tamdiu

1273 1467 1336 1497 sub
1372 1469 1444 1497 arta
1474 1467 1624 1497 detinere
1659 1467 1811 1496 custodia
1851 1468 2142 1505 presumpserunt,
2179 1467 2283 1496 donec

1274 1521 1454 1560 prestitisti
1475 1520 1695 1559 corporaliter
1715 1521 1958 1559 jiiramentum.
1982 1520 2071 1558 quod
2095 1528 2196 1558 super
2219 1520 2283 1549 hiis

1273 1583 1331 1613 per
1354 1576 1385 1603 te
1411 1574 1462 1603 vel
1492 1582 1550 1611 per
1584 1573 1685 1602 alium
1717 1573 1964 1611 querimoniam
1997 1581 2061 1602 non
2097 1573 2283 1611 deponeres

1273 1630 1389 1657 contra
1406 1636 1475 1661 eos,
1496 1635 1555 1656 nec
1579 1626 1708 1664 aliquid
1728 1626 1812 1664 ipsis
1840 1628 2017 1664 propterea
2037 1634 2217 1664 gravamen
2236 1627 2283 1655 in·

1274 1682 1379 1711 ferres
1400 1680 1452 1710 vel
1477 1688 1674 1718 procurares
1707 1680 1836 1713 int'erri,
1856 1679 2043 1717 quinimmo
2062 1679 2101 1708 ad
2128 1680 2281 1717 ipsorum

1273 1734 1521 1764 absolutionem
1549 1742 1607 1771 pro
1640 1741 1738 1771 posse
1760 1734 1817 1762 tuo
1841 1732 1984 1762 tideliter
2009 1731 2192 1762 laborares.
2213 1733 2283 1762 Nos

1275 1788 1387 1826 igitur,
1401 1787 1457 1825 qui
1477 1787 1617 1815 fratrum
1635 1787 1666 1815 et
1680 1785 1956 1824 coepiscoporum
1976 1787 2169 1815 nostrorum
2183 1786 2283 1815 011011-

1274 1851 1329 1871 sas
1348 1840 1503 1879 proprias
1537 1841 1744 1877 reputamus,
1766 1839 1878 1868 illatas
1896 1838 1957 1868 tibi
1978 1841 2046 1868 tam
2066 1848 2196 1877 graves,
2214 1841 2283 1868 tam

1275 1897 1404 1925 atroces
1422 1896 1449 1923 et
1472 1901 1627 1922 enormes
1652 1892 1794 1930 injurias
1820 1894 1968 1921 nontam
1987 1892 2021 1921 in
2049 1894 2143 1921 tuum
2168 1892 2284 1930 obpro-

1272 1947 1396 1982 brium,
1414 1954 1514 1984 quami
1534 1946 1566 1973 in
1594 1944 1687 1974 illius
1708 1946 1938 1982 contemptum
1959 1944 2088 1979 cedere,
2105 1944 2163 1982 qui
2185 1953 2282 1974 evan-

1273 2000 1380 2039 gelica
1395 1999 1536 2029 veritate
1567 2000 1722 2030 testante,
1747 2006 1781 2027 se
1811 1998 1844 2026 in
1871 1997 1942 2027 suis
1976 1998 2144 2027 ministris
2179 1998 2284 2035 recipi

1273 2039 1417 2084 testatur
1433 2053 1464 2082 et
1483 2051 1609 2090 sperni,
1628 2060 1687 2080 nec
1704 2051 1818 2080 minus
1843 2051 1875 2080 in
1894 2051 2041 2089 predicte
2068 2050 2283 2080 Coloniensis

1274 2105 1501 2137 ecclesiastice
1532 2104 1700 2134 libertatis
1743 2104 1867 2142 grande
1900 2104 2115 2142 dispendium
2148 2112 2284 2142 vergere

1274 2169 1337 2191 non
1359 2159 1492 2197 indigne
1512 2160 1702 2196 pensantes
1720 2166 1756 2187 ac
1771 2157 1922 2187 volentes
1939 2160 2114 2195 propterea
2129 2158 2283 2195 superin-

1274 2215 1411 2244 ductum
1438 2213 1552 2241 contra
1579 2212 1636 2240 hec
1659 2211 1850 2249 jusjurandi
1875 2210 2058 2245 vinculum,
2086 2219 2151 2249 quo
2177 2212 2208 2240 te
2231 2211 2285 2240 de-

1273 2269 1387 2297 tentus
1402 2266 1435 2295 in
1460 2273 1602 2298 carcere,
1623 2266 1659 2293 ut
1687 2264 1883 2302 predicitur.
1903 2263 2073 2299 obligasti,
2091 2264 2130 2293 de
2150 2266 2283 2301 aposto-

1274 2321 1337 2350 lice
1350 2318 1537 2349 dissolvere
1568 2317 1776 2355 plenitudine
1801 2317 1991 2355 potestatis.
2012 2319 2055 2347 te.
2077 2316 2166 2345 veris
2196 2316 2283 2346 exis-

1274 2373 1423 2403 tentibus
1453 2371 1669 2409 supradictis,
1703 2370 1742 2399 ab
1773 2370 1965 2407 hujusmodi
1991 2370 2195 2405 jurai‘nento,
2219 2378 2284 2407 quo

1274 2429 1342 2457 tam
1366 2425 1483 2464 grandi
1512 2424 1767 2453 nial‹‚›i'actot·111n
1798 2423 1922 2452 astutia
1953 2422 2076 2451 diceris
2104 2422 2285 2460 obligatus,

1275 2482 1322 2515 ut,
1339 2488 1377 2509 00
1399 2487 1463 2507 non
1487 2477 1653 2507 obstante,
1670 2476 1725 2513 jus
1745 2478 1838 2505 tuum
1869 2484 1971 2514 super
1994 2475 2154 2513 predictis
2174 2484 2286 2513 prose-

1276 2533 1333 2571 qui
1366 2531 1470 2562 libere
1505 2530 1630 2563 valeas,
1657 2529 1753 2558 sicut.
1774 2528 1967 2565 hujusmodi
1999 2529 2191 2566 juramento
2221 2537 2286 2558 non

1276 2586 1428 2625 prestito,
1448 2584 1479 2613 id
1501 2584 1591 2612 licite
1619 2582 1725 2611 facere
1746 2581 1929 2619 potuisses,
1945 2590 2003 2611 nec
2022 2584 2200 2619 propterea
2218 2590 2287 2611 rea—

1276 2643 1346 2669 tum
1378 2637 1517 2676 perjurii
1542 2644 1601 2665 seu
1621 2635 1777 2673 quamvis
1809 2634 1947 2664 infamie
1974 2636 2088 2664 notam
2114 2635 2281 2671 incurras,

1277 2701 1352 2722 cum
1382 2690 1467 2720 trahi
1501 2698 1565 2719 non
1598 2687 1714 2718 debeat
1743 2688 1783 2717 ad
1814 2689 1925 2717 coacte
1955 2687 2140 2717 voluntatis
2166 2687 2285 2726 obpro-

1277 2745 1401 2777 brium,
1430 2742 1518 2781 quod
1551 2741 1669 2771 illicita
1699 2741 1846 2770 conditio
1879 2741 2094 2771 necessitatis
2128 2742 2284 2777 extorsit,

1247 2786 1249 2812 ⁴¹
1279 2797 1478 2828 auctoritate
1492 2794 1701 2834 presentium
1717 2794 1878 2824 duximus
1895 2794 2148 2824 absolvendum.
2166 2795 2287 2824 [hilum

1281 2850 1369 2889 apud
1384 2849 1672 2883 Urbemveterem‚
1693 2857 1752 2876 vni
1774 2847 1849 2876 idus
1869 2847 1994 2882 martii,
2010 2857 2096 2877 1111110
2115 2847 2183 2877 1110.
2208 2860 2220 2873 >³
