2547 3289
1098 234 1340 273 TROISIEME
1361 236 1524 274 ANNI-213.

262 324 511 355 consuetudine
542 324 607 354 fuit
635 324 853 356 observatum
875 334 894 355 a
914 327 1065 364 tempore
1089 325 1185 364 cujus
1213 335 1280 356 me-

263 377 375 407 moria
386 385 453 407 non
462 377 592 408 existit.
609 378 681 408 Nos
697 378 810 418 itaque
826 379 979 409 volentes
995 387 1061 408 non
1070 379 1183 408 tamid
1192 379 1282 417 quod

261 431 452 465 consuevit,
471 439 574 469 quam
590 431 681 469 quod
697 431 794 462 debet
811 432 896 465 fieri,
918 431 1104 467 observari,
1123 433 1154 462 et
1171 433 1280 462 consi-

262 483 423 514 derantes
445 484 535 523 quod
554 492 642 514 unus
659 484 718 514 vix
735 484 862 515 sufficit
880 493 985 515 unum
1009 484 1160 514 officium
1177 485 1281 515 adim-

261 535 368 574 plere,
399 537 575 575 cupientes
598 545 734 576 quoque
759 537 956 576 hujusmodi
974 538 1112 567 modum
1137 538 1279 568 avaritie

261 597 301 619 ac
328 589 527 620 ambitionis
554 589 677 620 vitium
700 590 741 620 de
766 590 919 629 predicta
955 590 1097 621 ecclesia
1127 591 1278 621 totaliter

259 642 445 680 extirpare,
477 642 722 678 ordinavimus,
747 643 931 673 statuimus
953 644 984 672 et
1009 643 1222 681 providimus
1242 646 1277 673 ut

261 695 350 724 nulli
374 695 528 726 decetero
545 695 645 726 liceat
663 695 730 725 nisi
747 696 887 726 unicum
901 695 1116 731 beneficium,
1143 696 1216 725 sive
1233 696 1277 726 sit

260 748 479 786 prepositura
501 757 562 778 seu
586 748 840 779 administratio
863 748 919 778 vel
944 748 1095 778 officium
1121 750 1179 778 aut
1196 757 1277 787 quo-

258 808 406 840 cumque
426 801 494 831 alio
511 801 649 831 nomine
666 804 855 838 censeatur,
877 810 954 831 cum
978 801 1150 839 prebenda
1171 802 1205 831 in
1228 809 1278 831 se-

258 853 393 892 pedicta
418 853 562 884 ecclesia
581 853 747 890 obtinere,
767 854 904 884 irritum
918 856 951 884 et
974 854 1074 883 inane
1097 854 1127 883 si
1143 862 1241 884 secus
1259 862 1277 883 a

256 914 432 945 quoquam
446 909 686 945 presumptum
707 906 804 943 foret,
829 907 1062 942 decernentes,
1082 915 1120 936 ac
1138 906 1276 936 eosdem

257 958 424 989 decanum
450 962 483 989 et
509 959 698 997 capitulum
716 959 759 989 ad
783 959 1058 990 observationem
1078 959 1276 998 hujusmodi

256 1012 529 1048 consuetudinis,
546 1012 651 1042 etiam
668 1012 700 1042 si
720 1012 823 1043 fuerit
836 1013 1030 1051 juramento
1046 1011 1192 1047 firmata,
1211 1020 1276 1050 que
1304 1050 1305 1053 Ἴ

256 1064 401 1095 dicenda
428 1066 480 1095 est
502 1065 619 1104 potius
641 1065 846 1103 corruptela,
871 1073 1041 1104 quamque
1063 1065 1276 1095 cassavimus

256 1118 292 1148 et
309 1117 762 1158 irritavimus,aliquatenus
778 1127 847 1148 non
861 1118 983 1148 teneri.
1001 1118 1070 1148 Eos
1085 1120 1200 1148 autem
1218 1117 1276 1156 qui
1304 1107 1305 1163 J

254 1171 338 1201 tune
361 1171 560 1210 hujusmodi
585 1171 834 1210 preposituras,
853 1171 966 1201 officia
980 1170 1035 1201 vel
1059 1171 1277 1201 administra—

255 1223 381 1261 tiones,
388 1224 488 1263 juxta
496 1224 684 1263 predictam
694 1224 986 1259 consuetudinem,
998 1223 1208 1260 obtinebant,
1218 1232 1276 1254 eas
1304 1238 1305 1269 ς

256 1277 405 1308 retinere
428 1277 544 1308 taliter
567 1277 800 1314 toleravimus,
820 1277 1065 1308 nichilominus
1093 1277 1276 1307 suadentes
1304 1319 1305 1322 Ἴ

254 1330 389 1361 eisdem
414 1331 505 1369 quod
523 1330 564 1360 de
589 1331 762 1370 sepedicta
782 1330 1027 1361 consuetudine
1052 1339 1130 1360 cum
1150 1330 1277 1361 anima·
1304 1327 1305 1330 ’

257 1392 335 1413 rum
351 1392 492 1414 suarum
512 1384 666 1423 periculo
681 1392 749 1414 non
767 1383 947 1415 confidant.
974 1384 1138 1414 Volentes
1160 1384 1275 1422 itaque

255 1438 294 1466 ut
309 1436 505 1476 hujusmodi
524 1437 704 1474 ordinatio,
728 1439 896 1468 statutum
912 1439 944 1468 et
962 1437 1114 1476 provisio
1132 1436 1274 1467 inviola-

255 1489 374 1520 biliter
392 1489 628 1526 observentur,
646 1490 853 1521 fraternitati
867 1492 924 1522 tue
944 1491 1148 1521 mandamus
1166 1490 1275 1529 quati·
1304 1500 1305 1503 ¹

256 1551 323 1574 nus
337 1543 377 1574 de
395 1543 483 1582 ipsis
497 1543 720 1574 observandis
738 1544 780 1574 ab
796 1544 917 1574 eodem
933 1543 1059 1574 decano
1078 1544 1111 1574 et
1128 1543 1275 1582 singulis
1303 1548 1304 1553 ¹

253 1596 297 1627 de
314 1596 475 1635 capitulo,
490 1605 567 1627 cum
582 1598 760 1636 presentes
772 1597 900 1627 fuerint
912 1597 947 1626 in
961 1596 1112 1635 capitulo
1123 1596 1275 1635 predicte
1303 1622 1305 1643 ,Δ

254 1649 409 1686 ecclesie,
421 1650 568 1688 prestari
584 1649 690 1680 facias
703 1658 764 1689 per
779 1652 813 1680 te
829 1650 884 1680 vel
897 1658 958 1689 per
974 1650 1081 1680 alium
1093 1649 1277 1688 corporali-

253 1703 307 1733 ter
329 1702 574 1741 juramentum,
594 1704 627 1733 et
648 1705 763 1742 aperte
783 1711 822 1733 ea
844 1702 950 1733 scribi
977 1703 1013 1733 in
1036 1702 1171 1733 missali
1195 1703 1276 1733 coti-

222 1764 227 1768 ’
254 1755 357 1786 diano
373 1755 516 1786 ecclesie
534 1756 740 1795 supradicte,
755 1765 821 1795 que
833 1756 993 1786 volumus
1010 1758 1042 1786 et
1062 1756 1274 1795 precipimus
1304 1755 1305 1758 ’

252 1817 332 1839 cum
363 1809 442 1839 aliis
468 1809 771 1840 constitutionibus
788 1818 807 1839 a
829 1809 886 1848 pie
906 1809 1154 1840 recordationis
1176 1808 1272 1844 Gala,

252 1862 290 1893 S.
313 1862 421 1893 Marie
448 1862 485 1892 in
511 1863 651 1893 Porticu
676 1863 817 1893 diacono
842 1862 1021 1899 cardinali,
1050 1864 1129 1893 tunc
1146 1862 1182 1892 in
1202 1862 1275 1893 illis
1302 1851 1303 1862 ¹

254 1915 411 1954 partibus
435 1915 621 1954 apostolice
640 1915 733 1946 sedis
759 1915 881 1955 legato,
905 1924 943 1946 ac
959 1917 992 1946 te
1007 1917 1039 1946 et
1065 1915 1186 1946 abbate
1201 1923 1275 1954 pre·
1302 1925 1304 1956 ζ

251 1968 357 2004 dieto,
387 1977 518 1999 necnon
550 1967 604 1999 bo.
639 1977 704 1999 me.
742 1969 800 2005 H.,
830 1969 1080 1999 cenomanensi
1115 1969 1274 2007 episcopo
1302 1986 1303 1990 =

251 2022 397 2061 ejusque
412 2021 553 2061 collega,
567 2022 681 2059 editis,
699 2022 901 2052 auctoritate
917 2022 1107 2061 apostolica
1123 2022 1159 2052 in
1170 2021 1275 2052 eccle-

251 2075 307 2106 sia
335 2076 524 2106 memorata
548 2075 617 2114 legi
635 2075 671 2105 in
692 2074 911 2114 generalibus
932 2075 1093 2114 capitulis
1114 2075 1202 2105 dicte
1223 2083 1274 2105 ec-

250 2128 358 2159 clesie
368 2128 424 2158 bis
438 2128 475 2158 in
485 2136 585 2166 anno,
597 2130 629 2159 et
642 2128 733 2168 quod
749 2128 904 2159 canonici
920 2128 1051 2167 prefate
1068 2128 1222 2165 ecclesie,
1238 2128 1274 2158 in
1301 2148 1303 2170 3

252 2190 318 2212 sua
333 2182 539 2220 receptione,
553 2182 596 2212 ad
610 2181 752 2212 illorum
767 2181 1041 2212 observationem
1057 2181 1098 2212 de
1115 2185 1225 2212 cetero
1237 2190 1273 2212 se
1301 2220 1302 2223 Ἴ

251 2235 455 2274 astringant,
486 2235 631 2274 prestito
660 2243 764 2274 super
786 2235 849 2265 hoc
868 2235 1077 2274 juramento,
1110 2234 1159 2264 ita
1183 2234 1274 2273 quod
1301 2266 1302 2271 ¹

253 2296 359 2326 super
371 2287 433 2318 hoc
450 2288 568 2318 nullus
581 2296 642 2326 per
658 2288 889 2327 ignorantiam
913 2296 950 2318 se
966 2287 1078 2318 valeat
1096 2295 1272 2318 excusare.

251 2340 530 2371 Contradictores
554 2343 667 2372 autem
687 2359 738 2376 -‚
760 2350 828 2372 non
847 2340 1003 2372 obstante
1025 2341 1056 2371 si
1074 2359 1125 2372 —.
1146 2341 1273 2372 Datum
1300 2355 1302 2382 3

252 2393 346 2432 apud
374 2393 669 2431 Urbemveterem,
694 2404 717 2424 x
744 2394 908 2425 kalendas
938 2393 1148 2431 novembris,
1184 2402 1272 2424 anno
1300 2420 1301 2424 ,

253 2446 367 2477 tertio.
387 2455 405 2476 »

344 2597 416 2628 421
778 2603 903 2633 Orvietm
924 2603 959 2632 14
976 2604 1091 2631 octobre
1106 2603 1188 2632 1253.

288 2679 490 2714 infrascriptos
504 2687 521 2706 a
536 2679 727 2706 subventione
738 2679 917 2717 praestanda
930 2679 1053 2714 imperio
1069 2679 1273 2706 Constantino-

251 2728 392 2764 politano,
411 2736 462 2763 pro
486 2736 543 2763 qua
559 2727 715 2763 Angelum,
733 2727 872 2755 clericum
890 2727 1095 2763 apostolicum,
1112 2728 1150 2755 ad
1174 2730 1274 2762 partes
1300 2736 1301 2743 ¹

250 2777 334 2817 regni
364 2777 526 2812 Hungariae
551 2776 767 2809 transmiserat,
791 2776 927 2804 absolvit.
952 2777 1033 2812 (Rau.
1057 2777 1102 2808 28,
1123 2775 1175 2804 fol.
1201 2778 1272 2808 ῖτθ,

248 2834 321 2854 ann.
335 2826 384 2857 111,
399 2832 430 2854 n⁹
445 2826 480 2854 24
488 2832 497 2858 ;
514 2825 665 2852 Porrnasr
679 2825 794 2858 18677.)

294 2937 311 2953 ιι
344 2948 351 2954 .
364 2949 371 2955 .
404 2923 636 2964 archiepiscopo
664 2923 690 2954 C
691 2923 824 2954 olorensi
850 2924 976 2964 ejusque
1005 2923 1214 2964 suffraganeis
1243 2928 1272 2953 ec

384 2990 524 3018 Uanus
546 2990 599 3022 IV,
620 2992 642 3018 t.
662 2989 703 3022 11,
724 2991 791 3025 Rey.
812 2989 875 3018 ord.

2295 249 2354 279 201

1344 326 1454 362 electis,
1473 327 1643 363 abbatibus,
1664 330 1834 368 prioribus,
1854 331 2028 369 prepositis,
2048 330 2181 367 decanis,
2199 331 2353 361 archidia-

1342 381 1435 414 conis,
1445 381 1722 421 archipresbiteris,
1731 382 1871 421 plebanis
1883 389 1910 412 e!
1926 383 1995 412 aliis
2006 383 2198 413 ecclaeiarum
2211 384 2351 422 prelatis,

1342 442 1455 462 necnon
1473 434 1682 464 ecclesiasticis
1697 441 1724 464 et
1742 435 1890 475 1··¹li9iosis
1900 437 2041 476 personis
2057 446 2218 476 eorumque
2232 437 2352 476 capitu-

1341 484 1391 520 lis,
1410 488 1557 526 est-emptis
1579 494 1607 517 el
1631 498 1690 517 mm
1714 490 1873 528 exemptis,
1888 490 2050 528 provincie
2069 488 2251 520 Colocensis.
2272 490 2351 520 Sine

1339 539 1479 570 tristitIa
1498 541 1556 570 vix
1575 541 1735 571 recolitur
1751 542 1803 572 vel
1821 542 1958 572 auditur
1974 543 2068 573 illius
2084 542 2221 573 horride
2239 543 2351 573 ferita-

1339 592 1383 622 tis
1406 601 1580 630 excessus,
1603 595 1637 623 in
1654 603 1720 633 qua
1741 603 1823 633 gens
1841 595 1947 633 impia
1963 596 2182 626 Tartarorum
2200 595 2283 626 olim
2300 604 2351 626 re-

1338 653 1441 683 gnum
1466 646 1612 685 L‘ngarie
1637 647 1827 677 dinoscitur
1849 648 2028 678 afflixisse.
2050 649 2136 679 Sane
2159 657 2230 684 vos,
2250 650 2349 687 prout

1338 706 1381 727 ex
1396 698 1504 728 flebili
1528 702 1643 730 tenore
1662 703 1775 730 vestre
1793 701 1969 739 petitionis
1989 702 2192 740 accepimus,
2214 711 2232 731 a
2247 702 2350 733 dicto·

1337 759 1414 780 rum
1433 751 1613 782 formidine
1637 753 1857 784 Tartarorum
1881 755 2030 784 nondum
2052 755 2136 785 estis
2162 764 2223 794 pro
2249 764 2288 785 eo
2308 755 2347 785 li·

1336 803 1421 837 beri,
1437 805 1526 842 quod
1541 805 1607 843 ipsi
1620 805 1752 844 aliquas
1763 811 1876 845 partes
1891 806 1988 837 vobis
2004 808 2243 842 conterminas,
2260 809 2347 838 sicut

1337 858 1369 886 et
1386 860 1518 887 vestras
1538 866 1556 886 a
1581 856 1701 887 diebus
1719 866 1786 887 nou
1805 858 1903 896 longe
1918 858 2093 896 preteritis
2110 858 2347 889 crudelissime

1337 909 1591 939 destruxerunt.
1610 910 1694 940 Cum
1712 910 1826 948 ita-{ue
1844 919 1898 940 res
1916 910 1988 940 for-e
2003 911 2162 949 piissima
2180 914 2213 941 et
2230 911 2348 941 decen-

1336 961 1472 991 tissima
1488 961 1654 998 videatur,
1670 962 1760 1001 quod
1774 971 1834 992 vos
1848 962 1954 992 adhuc
1970 963 2172 993 inundantes
2188 965 2349 1003 suspiriis

1335 1022 1397 1052 pro
1414 1023 1639 1052 personarum
1661 1018 1693 1045 et
1722 1024 1837 1045 rernm
1858 1016 1990 1054 jactura
2013 1016 2229 1055 gravissima,
2246 1025 2349 1055 qaam

1336 1066 1377 1096 de
1401 1067 1620 1097 Tartarorum
1646 1068 1800 1106 ipsorum
1828 1068 1985 1098 manibus
2016 1069 2220 1107 pertulistis,
2254 1070 2351 1100 nulla

1335 1119 1508 1158 perturbet
1523 1121 1656 1150 exactio
1671 1121 1724 1150 vel
1741 1121 1892 1151 extorsio
1907 1121 2066 1158 subsidii,
2078 1122 2349 1161 quibuscumque

1336 1173 1414 1203 aliis
1432 1173 1637 1209 exhibenda,
1654 1183 1716 1204 nos
1732 1174 1855 1204 vestris
1872 1174 2183 1213 supplicationibus
2200 1184 2348 1206 annuen-

1335 1228 1399 1261 tes,
1415 1235 1477 1256 vos
1490 1227 1671 1257 universos
1685 1230 1715 1257 et
1731 1227 1885 1266 singulos
1901 1236 1920 1257 a
1931 1227 2154 1258 subventione
2167 1229 2351 1267 prestanda

1336 1280 1482 1318 imperio
1499 1280 1960 1319 Constantinopolitano,pr0
1977 1290 2043 1320 qua
2059 1282 2222 1312 dilectum
2239 1282 2350 1312 filium

1335 1333 1515 1372 Angelum,
1545 1334 1708 1364 clericum
1741 1334 1869 1373 capelle
1889 1339 2015 1369 nostre,
2039 1335 2081 1365 ad
2107 1339 2220 1374 partes
2254 1336 2350 1374 regui

1334 1387 1458 1425 prefati
1470 1387 1739 1423 transmisimus,
1750 1388 1950 1418 auctoritate
1960 1388 2172 1426 presentium
2186 1389 2349 1419 duximus

1336 1439 1574 1476 absolvendos,
1594 1441 1700 1471 donec
1719 1441 1819 1471 sedes
1838 1441 2026 1479 apostolica
2048 1450 2151 1480 super
2166 1442 2235 1472 hiis
2256 1442 2350 1472 aliud

1336 1493 1471 1524 duxerit
1496 1494 1734 1525 ordinandum.
1762 1494 1860 1525 Nulli
1880 1503 1959 1534 ergo
1983 1497 2099 1525 nostre
2124 1494 2349 1526 absolutionis

1335 1548 1398 1577 etc:
1417 1565 1456 1568 —
1474 1547 1601 1577 Datum
1623 1547 1713 1586 apud
1735 1547 2025 1584 Urbemveterem,
2047 1558 2071 1578 n
2088 1548 2167 1578 idus
2185 1548 2347 1585 octobris,

1335 1609 1423 1630 anno
1451 1600 1565 1631 tertio.
1587 1611 1602 1629 n

1424 1781 1499 1813 422
1857 1789 1982 1819 Orvieto,
1996 1790 2031 1817 31
2046 1790 2162 1817 octobre
2179 1790 2259 1817 1263.

1368 1863 1553 1891 Guillelmum
1567 1864 1695 1895 Arnaldi,
1712 1864 1791 1899 prius
1805 1864 1981 1891 monachum
1998 1865 2169 1892 monasterii
2186 1865 2215 1892 5.
2229 1865 2350 1893 Marci»

1333 1912 1369 1940 lis
1389 1913 1614 1945 Lemovioensis,
1635 1913 1814 1940 monasterio
1830 1913 2026 1941 Aureliacensi
2047 1913 2188 1949 praeficit.
2204 1914 2285 1950 (Res.
2300 1914 2348 1949 Ξ,

1335 1961 1383 1988 fol.
1400 1964 1417 1989 7
1437 1968 1476 1996 v’,
1489 1970 1557 1989 ann.
1572 1963 1622 1996 111,
1638 1968 1668 1989 n*
1682 1963 1742 1998 25.)

1374 2080 1391 2099 (ε
1409 2069 1571 2100 Guillelmo
1587 2069 1735 2107 Amaldi,
1753 2069 1857 2099 abboli
1873 2071 2053 2100 nwnnsterii
2066 2070 2292 2101 Aureliae-ensis
2307 2070 2350 2101 ad

1333 2123 1503 2154 Romanam
1518 2123 1675 2153 ecclesiam
1696 2123 1780 2153 nullo
1802 2123 1899 2153 medio
1912 2125 2105 2164 pertinentis,
2119 2124 2239 2154 ordinis
2252 2135 2276 2154 s.
2292 2124 2348 2156 Be·

1334 2177 1460 2213 nedicti,
1481 2177 1741 2207 Claromontensis
1755 2176 1892 2208 diocesis.
1910 2178 2069 2209 Rationis
2089 2178 2198 2208 oculis
2214 2178 2349 2209 intuen-

1333 2232 1386 2261 tes
1395 2249 1444 2261 —-.
1458 2231 1546 2262 Sane
1562 2231 1772 2261 monasterio
1783 2231 2019 2261 Aureliacensi
2031 2230 2165 2261 abbatis
2180 2232 2346 2271 regimine

1333 2280 1509 2318 destituto,
1533 2284 1679 2314 dilectus
1695 2283 1788 2314 filius
1810 2283 2018 2314 Guillelmus
2034 2283 2203 2319 L'mberti,
2219 2284 2343 2315 hostel·

1332 2338 1441 2368 larius
1457 2338 1567 2376 ipsius
1590 2337 1802 2373 monasterii,
1821 2345 1881 2375 per
1896 2337 1986 2367 viam
2006 2337 2245 2376 compromissi
2262 2337 2346 2369 elec-

1331 2393 1388 2422 tus
1406 2391 1469 2422 fuit
1491 2391 1527 2420 in
1544 2390 1702 2420 abbatem
1723 2390 1923 2420 monasterii
1941 2390 2140 2429 supradicti.
2164 2390 2229 2421 Sed
2249 2415 2270 2421 ..
2289 2390 2345 2421 de·

1332 2453 1416 2475 cano
1431 2444 1620 2475 Soliacensi
1636 2447 1668 2474 et
1685 2442 1891 2482 quibusdam
1904 2443 1982 2473 aliis
1999 2443 2174 2473 monachis
2192 2444 2347 2483 ejusdem

1332 2497 1543 2533 monasterii,
1561 2497 1737 2527 occasione
1750 2496 1850 2534 hujus
1864 2496 2053 2531 electionis,
2066 2496 2108 2526 ad
2121 2497 2238 2527 sedem
2250 2506 2347 2536 apos-

1299 2566 1304 2596 χἸ
1331 2551 1470 2582 tolicam
1488 2549 1742 2589 appellantibus
1773 2553 1803 2580 et
1830 2549 1965 2588 negotio
1989 2549 2166 2580 electionis
2194 2550 2346 2589 predicte

1300 2626 1304 2653 ἵ]
1331 2613 1393 2643 per
1409 2603 1676 2642 appellationem
1690 2602 1887 2641 huJusmodi
1904 2602 1948 2632 ad
1963 2602 2079 2633 sedem
2102 2603 2214 2642 ipsam
2232 2603 2348 2642 legiti—

1300 2658 1305 2666 ”
1333 2665 1386 2687 me
1404 2656 1574 2692 devoluto,
1604 2655 1742 2686 tandem
1772 2655 1863 2686 idem
1891 2655 2099 2686 Guillelmus
2119 2656 2347 2695 personaliter

1333 2710 1375 2740 ad
1390 2709 1599 2748 presentiam
1621 2711 1774 2739 nostram
1796 2708 1970 2745 accedens,
1986 2709 2055 2748 jus,
2072 2709 2164 2748 quod
2187 2719 2231 2741 ex
2255 2710 2350 2741 dicta

1333 2763 1495 2794 electione
1507 2761 1718 2800 competebat
1733 2761 1856 2795 eidem,
1875 2761 1983 2792 libere
1996 2762 2031 2792 in
2042 2763 2172 2793 nostris
2184 2763 2352 2794 manibus,

1300 2838 1301 2848 ,
1332 2815 1531 2855 resignavit.
1559 2814 1632 2845 Nos
1657 2814 1785 2853 itaque,
1810 2814 2008 2853 hujusmodi
2037 2816 2267 2855 resignatione
2295 2826 2347 2847 re-

1300 2906 1302 2915 Ι
1333 2870 1440 2908 cepta,
1458 2867 1611 2898 nolentes
1627 2869 1664 2898 ut
1675 2868 1864 2906 predictum
1881 2868 2126 2900 monasterium
2138 2870 2212 2900 sine
2227 2869 2346 2901 abbate

1333 2921 1463 2952 diutius
1486 2922 1688 2957 remaneret,
1707 2920 1768 2951 sed
1794 2921 1826 2951 ei
1842 2920 1883 2952 de
1902 2921 1966 2952 tali
1982 2930 2141 2961 persona,
2161 2923 2258 2962 cujus
2277 2926 2336 2954 stu

2184 2989 2219 3016 26
