2547 3289
216 208 237 237 2
975 198 1225 229 REGISTRES
1248 197 1462 230 D'URBAIN
1485 198 1543 228 IV.

217 292 378 333 principis
393 291 470 321 sede
479 288 638 325 contingit
649 286 748 326 quod,
765 284 957 316 sedentibus
968 284 1000 314 in
1014 292 1052 314 ea
1067 292 1125 322 pro
1141 285 1225 314 tem=

216 354 295 385 pore
311 351 444 375 cursum
456 340 651 372 finientibus
664 339 729 368 vite
742 347 811 373 sue,
825 337 881 367 alii
893 337 989 376 Juxta
998 336 1226 375 provisionem

217 398 365 428 divinam
382 395 422 425 ad
451 394 582 424 culmen
599 391 816 431 apostolicum
837 390 1060 428 subrogantur
1075 389 1106 419 et
1122 388 1225 418 susci-

217 452 327 480 tantur
348 449 381 478 in
404 447 480 478 sede
502 446 574 485 ipsa
596 444 782 475 sacerdotes
804 445 835 474 et
856 442 999 473 ministri
1023 441 1150 476 fideles,
1169 440 1226 480 qui

218 502 356 541 vigilent
373 508 473 538 super
489 497 760 538 populum,juxta
778 496 983 526 voluntatem
994 494 1131 525 Domini
1149 502 1225 532 ope-

217 556 341 586 rentur.
370 553 477 592 Digne
490 552 591 590 igitur
607 550 811 581 exclamatur
825 560 830 578 2
847 557 864 579 ο
881 547 1162 586 supereminentia
1178 555 1226 576 sa-

215 607 340 648 pientie
356 605 538 644 Dei,quam
546 604 709 643 profunde
721 604 799 632 sunt
810 601 1024 640 cogitationes
1040 601 1111 639 ejus
1127 601 1157 630 et
1172 608 1225 629 oc-

216 660 343 692 cultum
353 659 423 697 ejus
438 657 629 693 consilium,
644 664 742 695 quam
755 654 1004 693 inexquisibilis
1019 661 1081 684 sua
1092 653 1222 691 dispen-

216 713 300 744 satio
313 715 344 743 et
353 720 452 750 quam
465 709 728 749 impenetrabilis
737 716 874 738 suorum
887 707 1114 745 operationum
1131 706 1224 744 abys-

217 768 290 796 susl
318 767 415 799 Sane,
427 763 532 794 felicis
551 761 789 793 recordationis
800 759 989 791 Alexandro
1005 768 1100 797 papa,
1112 758 1223 797 prede-

216 826 347 849 cessore
381 818 503 851 nostro,
522 825 580 846 vm
612 814 781 846 Kalendas
802 813 906 847 Junii,
925 812 1079 842 videlicet
1095 811 1224 841 infesto

214 871 303 902 beati
323 869 462 904 Urbani,
481 877 565 907 pape
588 869 619 898 et
636 866 795 901 martiris,
814 866 853 895 dc
868 865 978 895 carnis
998 863 1226 894 nexibuslibe-

215 924 339 959 rat0‚et
360 922 400 953 ad
413 922 552 960 gloriam
564 929 706 959 superne
730 919 844 958 patrie,
870 918 955 948 sicut
969 925 1154 955 speramus,
1176 924 1225 945 as-

215 978 360 1014 sumpto,
388 983 425 1005 ac
453 974 525 1012 ejus
547 981 683 1011 corpore
715 974 789 1010 post
813 971 995 1001 celebratas
1022 969 1225 1007 sollempnes

214 1029 373 1068 exequias
397 1028 431 1058 in
455 1026 659 1058 Viterbiensi
686 1026 825 1056 ecclesia
848 1024 1041 1058 honorifice,
1059 1024 1155 1062 prout
1171 1023 1224 1052 de-

213 1082 292 1115 cuit,
313 1080 615 1115 tumulato,fratres
634 1079 750 1113 nostri,
763 1076 1105 1116 episcopi,presbiteri
1118 1076 1224 1106 etdia-

214 1135 289 1167 coni
307 1134 504 1167 cardinales,
523 1141 601 1163 mox
622 1141 681 1171 pro
710 1132 862 1169 eligendo
879 1139 1069 1161 successore
1087 1129 1224 1160 insimul

215 1186 593 1220 convenerunt,affectus
608 1193 688 1216 suos
704 1185 867 1223 erigentes
883 1184 923 1213 ad
942 1184 1063 1218 Deum,
1078 1183 1114 1212 ut
1129 1190 1223 1221 gene-

215 1240 277 1271 rali
293 1239 430 1270 ecclesie
445 1239 577 1268 viduate
594 1239 759 1277 pastorem
776 1238 934 1267 idoneum
953 1238 1110 1266 consueta
1127 1235 1224 1265 mise-

215 1292 358 1324 ricordia
383 1292 566 1329 largiretur.
590 1291 747 1321 Invocata
762 1297 839 1327 ergo
863 1289 975 1320 Sancti
992 1288 1136 1326 Spiritus
1153 1296 1224 1325 gra-

214 1346 272 1380 tia,
286 1347 320 1375 ut
342 1346 391 1375 est
415 1345 529 1379 moris,
549 1345 744 1382 inceperunt
771 1343 922 1380 protinus
944 1350 1043 1379 super
1065 1341 1225 1371 electione

215 1398 338 1429 summi
361 1397 528 1436 pontificis
551 1397 743 1434 diligentem
763 1395 882 1425 habere
907 1395 1080 1424 tractatum
1100 1394 1226 1424 et.licet

214 1451 363 1482 studiose
382 1450 561 1480 institerint
577 1450 607 1479 et
627 1448 814 1479 studuerint
831 1448 1001 1484 instanter,
1019 1449 1054 1477 ut
1069 1447 1132 1476 cito
1148 1455 1223 1476 con-

215 1505 408 1542 sequeretur
423 1504 549 1532 tantmn
568 1502 735 1539 negotium
755 1501 855 1530 finem
870 1500 1005 1534 bonum,
1024 1508 1060 1529 ac
1076 1499 1225 1529 divinam

215 1556 424 1588 clementiam
440 1556 558 1585 devota
571 1556 602 1584 et
615 1554 731 1584 sedula
749 1553 989 1592 supplicatione
1006 1552 1225 1591 pulsaverint,

215 1611 251 1640 ut
275 1609 370 1639 illum
397 1609 454 1647 qni
477 1608 542 1638 sibi
563 1608 649 1638 esset
667 1609 830 1645 acceptus,
848 1607 879 1637 et
899 1614 997 1644 quem
1027 1605 1113 1644 apud
1133 1614 1167 1636 se
1185 1605 1225 1635 ad

215 1671 302 1694 onus
323 1662 502 1700 apostolice
524 1660 696 1691 servitutis
713 1660 867 1698 elegerat,
884 1668 920 1689 ac
934 1667 1034 1697 super
1049 1659 1144 1697 cujus
1161 1666 1227 1688 me-

215 1716 316 1746 ritum
327 1714 602 1745 considerationis
621 1721 679 1743 sue
695 1713 808 1742 radius
818 1712 1148 1751 quiescebat,popnlo
1166 1720 1225 1741 suo

215 1769 251 1800 in
267 1769 425 1798 rectorem
447 1767 597 1797 celeriter
618 1766 796 1796 concedere
814 1766 1022 1804 dignaretur,
1042 1765 1102 1794 suit
1116 1766 1225 1794 tamen

215 1829 330 1851 eorum
356 1820 390 1850 in
415 1819 476 1849 hoc
493 1818 696 1849 desiderium
720 1817 925 1856 aliquamdiu
942 1825 1033 1847 more
1059 1817 1224 1847 interven-

214 1873 302 1904 tione
312 1873 561 1911 suspensum,et
571 1871 676 1909 ipsius
691 1871 896 1901 consumatio
910 1870 1032 1908 negotii
1049 1878 1108 1908 per
1122 1869 1225 1899 alicu-

210 1927 267 1966 Jus
282 1925 438 1964 temporis
450 1925 592 1963 spatium
609 1924 782 1954 retardata.
803 1923 890 1953 Nam
904 1932 980 1953 cum
996 1923 1034 1953 de
1052 1930 1182 1953 summo
1196 1923 1228 1952 et

215 1978 400 2009 universali
427 1977 570 2016 presule,
592 1977 631 2006 de
650 1977 740 2014 patre
755 1978 897 2014 patrum,
916 1976 955 2005 de
972 1976 1102 2014 pastore
1119 1975 1226 2013 pasto-

216 2040 291 2062 rum
309 2032 340 2061 ct
355 2031 394 2061 de
411 2030 534 2061 Christi
552 2030 675 2059 vicario
698 2038 735 2058 ac
754 2037 944 2059 successore
959 2028 1078 2067 prefati
1095 2029 1227 2066 aposto-

216 2085 324 2115 lorum
341 2083 501 2122 principis
513 2084 674 2120 ageretur,
686 2082 842 2119 majorem
854 2082 967 2119 utiquc
982 2081 1227 2120 providentiam
1255 2110 1256 2114 ,

216 2139 248 2168 et
265 2137 459 2176 ampliorem
476 2136 885 2166 deliberationemrestam
904 2135 1008 2164 ardua
1026 2133 1225 2172 requirebat.

215 2191 358 2221 Demum
383 2191 492 2220 autem
509 2190 582 2228 post
604 2188 741 2218 multam
759 2188 1002 2217 discussionem
1024 2187 1226 2225 longumque
1255 2228 1256 2232 Ἰ

214 2243 450 2277 tractatum,ad
466 2250 642 2280 personam
658 2243 818 2275 nostram,
835 2249 910 2270 cum
927 2242 1004 2270 tnnc
1021 2239 1157 2270 ecclesie
1172 2240 1226 2270 Je-

215 2296 441 2328 rosolimitane
465 2296 616 2333 gerentes
638 2294 796 2331 regimen,
813 2303 871 2333 pro
888 2294 959 2323 suis
983 2293 1123 2331 negotiis
1140 2292 1226 2331 apud

214 2350 326 2380 sedem
345 2349 557 2387 apostolicam
584 2356 801 2381 moraremur,
824 2356 883 2377 sua
907 2346 1110 2376 unanimiter
1128 2346 1224 2376 corda

214 2404 245 2434 et
261 2403 392 2432 animos
407 2401 611 2432 concorditer
628 2401 874 2433 converterunt,
898 2400 1092 2430 direxerunt
1104 2401 1179 2429 vota
1195 2400 1227 2429 et

213 2455 390 2486 firmavere
414 2463 608 2487 consensus,
631 2456 662 2484 et
679 2454 833 2491 quamvis
852 2453 937 2482 inter
967 2461 1023 2483 eos
1043 2453 1154 2482 essent
1169 2452 1225 2490 qui

212 2508 315 2538 veluti
331 2507 499 2546 digniores
515 2507 693 2537 scivissent
709 2508 739 2536 et
755 2506 941 2544 potuissent
958 2505 1090 2545 plenius
1107 2506 1137 2535 et
1156 2504 1224 2535 lau-

213 2560 358 2591 dabilius
380 2561 507 2590 tantum
534 2559 681 2589 officium
705 2568 869 2595 exercere,
897 2566 1099 2596 quamquam
1126 2558 1223 2588 etiam

211 2613 334 2644 multos
350 2614 442 2643 extra
459 2621 557 2642 suum
577 2612 755 2650 collegium
776 2620 891 2642 eorum
911 2611 1008 2641 anxie
1034 2610 1223 2649 cogitationi

210 2667 242 2698 et
255 2666 474 2704 explorationi
492 2665 618 2695 sollerti
644 2665 791 2695 mundus
815 2665 955 2699 offerret,
974 2663 1096 2702 quibus
1113 2665 1222 2702 utpote

209 2719 392 2759 potioribus
412 2719 517 2756 magis
541 2718 705 2748 decuisset
728 2717 854 2756 imponi
872 2718 960 2747 tante
993 2717 1156 2746 sarcinam
1175 2716 1221 2746 di-

210 2772 356 2811 gnitatis,
385 2772 448 2810 ipsi
469 2773 578 2801 tamen
600 2772 746 2801 nostram
782 2770 1053 2800 insufficientiam
1079 2769 1220 2799 aliorum

210 2824 409 2855 susticientie
424 2824 641 2863 pretulerunt,
659 2832 719 2854 nos
734 2823 773 2853 ad
793 2823 917 2853 summi
930 2822 1142 2862 pontificatus
1153 2822 1220 2860 api-

209 2885 280 2908 cem
297 2877 516 2908 communiter
531 2877 700 2915 eligentes.
724 2875 1022 2907 Considerantibus
1040 2875 1148 2913 itaque
1163 2883 1217 2905 no-

1286 283 1339 313 bis
1355 283 1585 314 difficultatem
1605 284 1794 324 hujusmodi
1811 283 1915 314 officii
1926 286 1956 315 et
1971 284 2130 318 laborem,
2151 291 2187 312 ac
2204 290 2296 320 apos-

1285 336 1382 366 tolice
1399 337 1552 367 cathedre
1577 337 1872 375 preeccellentiam,
1894 346 1957 375 qne
1974 337 2007 367 in
2023 345 2058 367 se
2073 336 2296 374 presidentem

1287 389 1371 419 sicut
1389 389 1498 419 altiori
1509 389 1631 428 prefert
1647 390 1782 425 honore,
1801 390 1848 419 sic
1861 390 1980 428 premit
1992 398 2089 420 onere
2099 388 2297 428 graviori,et

1286 442 1531 472 attendentibus
1548 443 1830 482 imperfectionem
1849 443 1994 472 nostram
2010 441 2241 480 multiplicem,
2259 448 2296 471 ac

1285 495 1368 525 tanti
1387 495 1543 533 ponderis
1564 496 1685 526 molem
1705 495 1924 525 imbecillitati
1952 497 2063 525 nostre
2086 495 2218 533 penitus
2234 493 2294 523 im-

1285 548 1492 586 portabilem,
1512 557 1711 578 concussum
1733 550 1781 578 est
1797 548 1882 578 intra
1900 557 1959 578 nos
1975 548 2078 578 nimio
2093 549 2226 586 stupore
2242 554 2297 577 cor

1286 602 1439 631 nostrum
1470 602 1501 631 et
1530 602 1727 639 expavimus
1761 610 1797 631 ac
1823 601 2043 630 liesitavimus
2071 600 2295 634 vehementer,

1286 663 1388 692 quum
1417 654 1472 684 vix
1498 654 1714 692 particulares
1738 654 1822 684 ferre
1843 653 1992 683 valentes
2009 653 2153 691 vigilias,
2171 653 2210 682 ad
2227 652 2295 682 uni-

1285 707 1449 737 versalem
1462 707 1631 746 speculam
1646 707 1857 741 vocabamur,
1870 707 1899 736 et
1908 705 2115 736 intolerabile
2125 705 2297 744 apostolici

1286 760 1592 799 ministeriijugum
1611 760 1816 790 inserebatur
1842 759 2003 790 instanter
2019 758 2198 789 debilitatis
2223 767 2296 788 nos-

1285 813 1332 842 tre
1348 812 1469 842 cervici
1482 821 1521 842 ac
1534 813 1728 843 meritorum
1745 812 1940 851 suffragium
1950 821 2015 842 non
2029 811 2186 841 habentes
2201 818 2296 849 ange-

1284 865 1404 895 bamur
1420 865 1459 895 ad
1477 866 1708 904 suscipiendas
1738 865 1878 904 apostoli
1902 865 1992 895 Petri
2009 864 2119 894 claves
2141 865 2171 894 et
2185 872 2297 902 geren-

1284 918 1363 947 dum
1383 918 1508 956 ligandi
1525 920 1621 956 atque
1641 918 1794 948 solvendi
1816 918 2023 957 pontificium
2043 926 2142 956 super
2168 924 2295 947 omnes.

1284 971 1578 1007 Verumtamen‚ne
1592 971 1780 1001 videremur
1796 980 1878 1010 opus
1893 971 2006 1001 divine
2018 969 2224 1009 providentie
2237 969 2296 999 im-

1284 1024 1408 1062 pedire,
1435 1025 1490 1053 aut
1514 1024 1600 1054 nolle
1626 1024 1829 1054 voluntatem
1845 1025 1992 1053 nostram
2011 1032 2070 1053 suo
2090 1022 2296 1061 beneplacito

1284 1077 1502 1111 conformare,
1520 1086 1556 1107 ac
1574 1085 1613 1107 ne
1629 1077 1727 1107 corda
1750 1077 1927 1107 electorum
1951 1076 2124 1106 concordia
2147 1084 2206 1115 per
2233 1075 2298 1105 dis-

1285 1137 1421 1159 sensum
1438 1130 1588 1159 nostrum
1607 1129 1647 1159 ad
1665 1129 1865 1159 discordiam
1882 1130 2098 1163 verteremus,
2120 1127 2294 1158 voluntati-

1283 1181 1346 1211 bus
1363 1182 1494 1212 tandem
1513 1182 1742 1220 acquievimus
1755 1182 1947 1217 eorundem,
1963 1181 2207 1212 summittentes
2224 1189 2297 1211 nos-

1284 1236 1351 1264 tros
1377 1235 1577 1273 impotentes
1604 1235 1759 1265 humeros
1781 1235 1821 1265 ad
1842 1235 2052 1274 portandum,
2071 1243 2136 1265 non
2153 1234 2240 1273 quod
2257 1234 2296 1264 de

1284 1288 1398 1326 aliqua
1416 1289 1527 1318 nostra
1540 1288 1661 1318 virtute
1676 1288 1831 1317 fiduciam
1847 1287 2040 1323 habeamus,
2054 1288 2112 1317 sed
2127 1287 2206 1326 quia
2225 1295 2297 1326 spe-

1285 1349 1397 1370 ramus
1425 1341 1458 1370 in
1484 1341 1542 1370 illo
1555 1341 1612 1378 qni
1636 1341 1839 1371 confidentes
1860 1340 1893 1370 in
1911 1349 1945 1370 se
1962 1349 2027 1370 non
2044 1340 2176 1374 deserit,
2194 1340 2297 1370 inimo

1285 1393 1452 1431 propitius
1469 1393 1560 1423 adest
1592 1393 1639 1422 eis
1667 1393 1805 1423 auxiliis
1829 1393 2013 1431 oportunis,
2027 1393 2083 1431 qui
2110 1392 2295 1426 ecclesiam,

1285 1454 1442 1484 sponsam
1455 1455 1561 1481 suam,
1575 1446 1614 1475 de
1632 1446 1769 1476 sublimi
1781 1446 1843 1476 celi
1858 1446 1941 1476 solio
1952 1446 2100 1476 intuetur
2112 1446 2298 1476 misericor-

1284 1499 1368 1529 diter
1398 1500 1429 1529 et
1455 1500 1576 1534 tuetur,
1595 1507 1631 1529 ac
1657 1499 1789 1537 pietatis
1819 1507 1877 1529 sue
1901 1499 2074 1529 beneficiis
2094 1507 2159 1529 non
2176 1498 2302 1529 desinit

1285 1552 1440 1582 exaltare.
1452 1552 1582 1583 Vestris
1594 1552 1694 1591 igitur
1710 1553 1740 1582 et
1754 1552 1896 1582 aliorum
1911 1552 2079 1591 suffragiis
2092 1553 2226 1591 propter
2240 1552 2301 1582 im-

1283 1606 1465 1644 perfectum
1481 1606 1630 1636 nostrum
1640 1605 1822 1644 plurimum
1835 1605 2032 1643 indigentes,
2047 1605 2298 1636 universitatem

1285 1660 1429 1689 vestram
1443 1659 1642 1689 fiducialiter
1657 1659 1859 1698 requirimus
1867 1661 1899 1689 et
1907 1659 2064 1690 attentius
2073 1658 2298 1693 exhortamur,

1284 1713 1449 1748 quatenus
1476 1712 1612 1742 assidua
1641 1721 1702 1742 nos
1724 1712 1810 1750 apud
1827 1712 1935 1742 Deum
1951 1711 2189 1742 intercessione
2203 1712 2298 1750 Juve-

1285 1765 1327 1795 tis
1342 1765 1508 1795 solventes
1525 1774 1584 1804 pro
1602 1767 1716 1796 nostro
1733 1765 1860 1795 auxilio
1877 1765 2010 1801 linguas
2026 1766 2057 1795 et
2078 1773 2193 1803 preces
2214 1766 2245 1795 et
2263 1764 2296 1794 in

1286 1819 1452 1849 orationes
1480 1819 1567 1849 labia
1590 1820 1792 1852 exercentes,
1814 1818 2035 1848 humilitatem
2063 1819 2210 1848 nostram
2233 1817 2298 1848 sibi

1285 1872 1474 1902 affectuosis
1489 1871 1790 1910 supplicationilms
1805 1871 2080 1906 commendando,
2098 1873 2129 1902 et
2145 1871 2298 1910 depreca-

1285 1924 1434 1954 tionibus
1455 1933 1557 1963 penes
1588 1927 1694 1964 ipsum
1716 1924 1870 1955 instando
1898 1924 2038 1959 devotis,
2056 1925 2092 1954 ut
2121 1931 2222 1963 super
2238 1932 2299 1954 nos

1286 1977 1437 2015 ymbrem
1463 1978 1566 2015 gratie
1592 1986 1650 2007 sue
1668 1977 1772 2016 pluat,
1797 1979 1828 2007 et
1846 1986 1953 2007 rorem
1973 1977 2068 2007 solite
2084 1976 2299 2016 benignitatis

1287 2029 1451 2063 infundat,
1465 2030 1552 2068 quod
1569 2031 1661 2059 actus
1673 2031 1803 2059 nostros
1813 2029 1994 2067 dirigentes
2006 2030 2046 2059 ad
2059 2030 2182 2068 ipsum,
2200 2029 2299 2059 eccle—

1286 2082 1370 2112 siam
1391 2091 1496 2117 suam,
1515 2092 1613 2121 quam
1638 2083 1734 2112 nobis
1763 2083 1969 2113 committere
1986 2082 2103 2116 voluit,
2121 2081 2300 2112 salubriter

1286 2144 1410 2173 regere,
1438 2144 1474 2166 ac
1500 2136 1539 2165 de
1561 2136 1720 2166 universo
1746 2135 1852 2174 ipsius
1873 2144 1970 2174 grege
1999 2135 2170 2173 vigilantie
2188 2136 2298 2166 nostre

1285 2189 1409 2219 credito
1427 2197 1539 2219 curam
1556 2197 1668 2227 gerere
1687 2189 1843 2223 debitam,
1862 2189 1946 2219 sicut
1960 2189 2294 2228 expedit.valeamus.

1284 2242 1355 2272 Nos
1381 2250 1458 2271 vero
1480 2242 1620 2272 firmiter
1646 2242 1678 2272 in
1704 2243 1816 2272 animo
1839 2242 1986 2280 gerimus
2003 2241 2099 2271 vobis
2130 2243 2161 2272 et
2177 2241 2298 2272 vestris

1285 2295 1434 2325 ecclesiis
1456 2295 1609 2333 benignis
1625 2296 1740 2325 adesse
1755 2295 1923 2334 presidiis,
1941 2296 2154 2333 vestrumque
2170 2295 2296 2334 profec-

1284 2350 1355 2379 tum
1377 2348 1551 2387 condignis
1579 2348 1748 2378 favoribus
1776 2357 1962 2387 procurare.
1995 2348 2117 2378 Datum
2141 2348 2295 2383 Viterbii,

1287 2402 1386 2433 nonis
1403 2402 1612 2440 septembris,
1629 2410 1716 2432 anno
1733 2402 1850 2440 primo.
1870 2415 1882 2426 υ

1352 2548 1374 2578 2
2033 2546 2104 2573 Sans
2121 2546 2187 2572 date
2207 2547 2225 2571 ¹.

1320 2631 1387 2665 Regi
1407 2630 1533 2657 Franciae
1551 2638 1633 2656 suam
1653 2630 1680 2656 in
1699 2630 1863 2664 pontificem
1879 2630 2049 2656 electionem
2069 2630 2196 2657 nunciat.
2215 2629 2295 2664 (Rsc.

1283 2681 1317 2706 26
1338 2679 1386 2706 sol.
1405 2681 1414 2706 1
1435 2680 1487 2714 νο.)

1320 2774 1361 2792 «..
1380 2762 1445 2800 req?
1462 2760 1592 2790 Francia
1610 2760 1734 2789 illustri.
1762 2760 1788 2789 Ο
1807 2759 1946 2790 altitudo
1955 2761 2145 2798 etc.,usque
2173 2758 2293 2797 eligen-

1310 2844 1332 2866 1.
1359 2841 1434 2865 Cette
1451 2841 1531 2865 lettre
1551 2848 1565 2864 a
1581 2840 1617 2864 dn
1634 2842 1691 2864 etro
1705 2839 1826 2871 envoyee
1841 2846 1873 2863 en
1891 2840 1977 2863 memo
1991 2840 2080 2869 temps
2094 2844 2145 2868 que
2163 2837 2191 2861 la
2204 2836 2294 2869 prece-

1276 2883 1364 2906 dente.
