2547 3289
245 228 284 258 66
1051 218 1270 250 BEGISTRE
1292 211 1506 249 CAMERAL

826 302 950 334 Orvieto,
970 303 986 328 4
1001 310 1079 329 mars
1097 303 1173 329 1263.

335 310 407 341 232

279 386 407 422 Capitulo
439 384 602 412 Ebroicensi
633 383 800 418 praedictam
821 381 1006 409 collationem
1035 383 1134 408 notam
1167 380 1245 408 facit.

245 436 321 470 (Rea.
338 436 383 466 Ξῖ,
404 433 452 461 sol.
472 435 514 465 6¹,
528 438 557 459 n⁰
576 432 613 467 l.)

283 537 299 553 (ι
319 537 338 556 .-.
361 525 481 555 Decano
503 530 530 555 et
547 523 683 564 capitulo
703 523 950 554 E'broz'censibus.
966 523 1015 553 De
1032 524 1145 553 vestra
1163 522 1248 561 geri-

243 586 318 608 mus
331 595 380 608 —-.
393 578 517 607 Datum
533 577 618 616 apud
629 573 916 612 Urbemveterem,
936 585 983 605 1¹11
997 583 1103 605 nonas
1119 575 1244 612 martii,

243 638 328 660 anno
347 630 504 660 secundo.
521 641 536 658 »

330 801 403 831 233
791 798 914 829 Orvieto,
938 799 976 823 ler
987 797 1082 833 juillet
1101 798 1176 824 1263.

277 877 469 912 Inl‘rascriptis
481 879 598 905 mandat
615 881 754 912 quatenus
769 877 889 904 Johanni
908 878 941 904 de
962 877 1081 908 Tancro,
1099 877 1204 903 clerico
1222 878 1251 903 et

243 926 377 953 familiari
403 926 570 961 apostolico,
594 934 682 960 quum
702 926 801 956 Yvoni,
825 925 920 952 abbati
941 925 1110 952 monasterii
1137 924 1250 952 Clunia-

243 975 347 1005 censis,
366 974 458 1001 fidelis
477 977 503 1002 et
525 975 642 1002 devotus
657 974 771 1005 existat,
789 975 823 1001 de
836 974 932 1008 aliquo
947 973 1083 1001 beneficio
1103 973 1251 1001 ecclesias-

242 1023 309 1055 tico,
323 1031 387 1049 cum
417 1031 484 1050 cura
505 1023 549 1050 vel
571 1023 631 1050 sine
652 1031 728 1054 cura,
750 1023 787 1050 ad
811 1022 923 1050 abbatis
939 1022 1067 1058 ejusdem
1087 1030 1136 1049 seu
1159 1022 1252 1058 cujus-

242 1079 363 1106 cumque
377 1079 504 1106 personae
523 1071 641 1098 alterius
659 1071 703 1098 vel
717 1071 830 1106 collegii
846 1071 1041 1098 Cluniacensis
1059 1070 1178 1102 ordinis,
1197 1070 1252 1098 col-

243 1120 380 1147 lationem
396 1121 553 1154 spectante,
568 1120 746 1154 provideant.
767 1120 842 1155 (Rae.
860 1121 905 1154 27,
927 1119 975 1147 fol.
993 1121 1022 1147 61
1042 1125 1078 1151 v0,
1095 1125 1125 1146 n⁰
1150 1120 1183 1154 t.)

284 1225 299 1241 «
327 1213 434 1242 Priori
460 1212 487 1243 b.
520 1212 620 1243 Mar-ie
639 1213 674 1243 de
690 1212 817 1252 *Cha-qia
843 1213 1006 1243 Meldensis
1036 1223 1070 1242 ac
1100 1213 1254 1251 mayislris

246 1265 392 1296 Guallero
425 1265 461 1295 de
476 1266 646 1306 Synemuro
666 1265 844 1297 Belvacensi
861 1271 887 1295 ct
915 1266 1010 1296 Odom'
1038 1266 1073 1295 de
1103 1265 1253 1296 Sanclzeri

244 1318 451 1348 Snessionensi
473 1319 639 1349 canonicis.
659 1319 762 1349 Grata
784 1319 861 1349 fidei
889 1321 921 1349 et
946 1338 994 1348 —.
1020 1319 1145 1349 Datum
1165 1319 1252 1357 apud

246 1371 535 1408 Frbemveterem,
554 1372 710 1402 kalendis
723 1372 812 1411 julii,
833 1381 920 1403 anno
938 1372 1095 1402 secundo.
1122 1383 1138 1399 »

337 1547 408 1578 234
789 1546 916 1579 Orvieto,
933 1547 966 1573 26
983 1546 1087 1573 sevrier
1103 1547 1180 1574 1263.

282 1625 418 1659 Episcopo
439 1625 611 1652 Tholonensi
635 1625 762 1660 indulget
784 1628 813 1652 ut
834 1634 922 1652 unum
947 1627 981 1653 dc
999 1625 1114 1653 clericis
1140 1625 1198 1652 suis
1225 1625 1253 1652 in

246 1674 367 1701 ecclesia
392 1674 574 1706 Tholouensi,
595 1674 623 1700 in
642 1682 697 1708 qua
717 1675 921 1701 canonicorum
942 1675 1068 1710 receptio
1091 1675 1127 1702 ad
1146 1674 1254 1709 episco-

247 1730 313 1756 pum
332 1725 357 1749 et
374 1722 530 1756 capitulum
546 1723 740 1750 communiter
755 1726 883 1758 spectare
901 1723 1017 1757 dicitur,
1035 1724 1065 1750 in
1084 1724 1253 1751 canonicum

247 1770 332 1805 recipi
349 1770 445 1798 faciat.
463 1772 541 1806 (Rau.
563 1772 606 1803 27,
623 1771 670 1798 fol.
695 1773 738 1803 62,
753 1776 784 1798 n⁰
804 1772 842 1807 1.)

286 1875 300 1890 «
320 1863 475 1903 Episcopo
495 1863 685 1894 Tholonensi.
703 1865 810 1894 Tuam
833 1864 986 1894 volentes
1010 1864 1175 1895 honorare
1202 1881 1251 1895 -.

245 1915 369 1946 Datum
386 1917 472 1954 apud
498 1916 788 1953 Urbemveterem,
809 1927 858 1946 1111
886 1917 1049 1947 kalendas
1076 1917 1251 1954 februarii,

248 1976 333 1999 anno
351 1969 509 1999 secundo.
530 1980 544 1995 n

338 2149 409 2179 235
795 2147 919 2180 Orvieto,
937 2149 969 2175 2ss
986 2148 1091 2175 sevrier
1110 2149 1183 2176 1263.

283 2225 449 2260 Praeposito
478 2225 615 2253 ecclesiae
639 2225 826 2253 Tholoucnsis
847 2227 965 2254 mandat
989 2229 1130 2262 quatenus
1152 2228 1258 2262 magis-

248 2275 324 2300 trum
342 2274 502 2300 Johannem
520 2274 553 2300 de
572 2273 758 2308 Aubigniaco,
775 2276 919 2301 rectorem
938 2274 1065 2301 ecclesiae
1080 2275 1113 2301 de
1134 2275 1255 2306 Nerone,
1286 2270 1287 2293 ἶ

249 2322 432 2349 Carnotensis
457 2321 591 2353 diocesis,
619 2322 648 2349 in
673 2321 794 2349 ecclesia
820 2322 1000 2350 Sistaricensi
1030 2323 1058 2350 in
1087 2323 1257 2351 canonicum
1286 2363 1287 2384 1
1318 2339 1455 2376 nobilis,
1483 2339 1543 2369 hoc
1562 2348 1627 2369 1101]
1646 2338 1813 2373 obstante,
1832 2347 1933 2377 super
1952 2338 2018 2368 hiis
2038 2339 2071 2368 in
2092 2341 2207 2369 nostra
2231 2338 2331 2370 debe,

1287 2394 1288 2402 ¹
1318 2392 1373 2423 bat
1390 2393 1562 2431 presentia
1581 2394 1670 2422 stare
1683 2392 1763 2431 juri,
1787 2392 1942 2431 quodque
1967 2400 2069 2431 super
2087 2392 2209 2422 castris
2226 2394 2257 2422 et
2274 2391 2331 2423 bo-

252 2370 338 2405 recipi
356 2370 453 2397 saciat.
469 2371 547 2404 (Rae.
564 2372 608 2401 27,
624 2370 672 2398 sol.
691 2372 735 2402 6⁶2,
754 2375 786 2397 n0
802 2372 841 2405 2.)

291 2475 305 2490 «
326 2463 488 2503 Prepose'to
505 2463 626 2493 ecclesie
644 2462 849 2493 Tholonensis.
867 2463 1010 2503 Adjutos
1029 2463 1209 2503 probitatis
1227 2466 1259 2495 et

282 2534 299 2546 -.
317 2516 441 2546 Datum
458 2517 493 2546 ut
512 2525 614 2555 supra
632 2516 667 2546 in
682 2515 849 2555 proxima.
868 2527 883 2543 υ

342 2695 414 2727 236

838 2693 962 2727 Orvieto‚
981 2695 998 2720 2
1022 2696 1089 2722 aaut
1112 2696 1187 2722 ¹263.

289 2772 467 2806 Dispensatio
482 2780 566 2807 super
575 2775 677 2807 quarto
692 2772 951 2808 consanguinitatis
962 2774 1052 2809 gradu
1068 2773 1262 2809 infrascriptis

255 2820 418 2847 conceditur
434 2823 464 2847 ut
488 2821 516 2847 in
534 2820 595 2856 jam
622 2823 768 2848 contracto
790 2821 976 2849 matrimonio
1004 2822 1082 2850 licite
1111 2831 1262 2851 remanere

257 2867 378 2895 valeant.
397 2869 474 2904 (lieo.
491 2870 536 2900 27,
555 2868 601 2896 l‘ol.
617 2870 652 2896 62
665 2875 703 2902 W,
721 2875 750 2896 n⁰
770 2870 807 2903 1.)

1355 312 1370 330 ((
1388 301 1505 332 Dilecto
1521 302 1586 341 filio
1615 300 1820 331 Guillclmode
1835 300 1961 341 Spiellis
1977 307 2004 331 el
2023 301 2129 332 dilecte
2145 303 2176 332 in
2196 302 2316 333 Christo

1308 353 1372 388 filie
1389 354 1535 391 Summe.
1556 355 1650 384 uaeori
1676 364 1738 388 sue,
1765 358 1834 383 nale
1864 353 2014 394 quondam
2041 354 2224 394 Berenqarii
2255 355 2317 384 Er-

1308 407 1482 446 menqaudi,
1514 407 1631 437 civibus
1665 407 1972 436 Barchinonensibus.
2006 407 2104 437 Sedis
2133 407 2317 446 apostolice

1307 459 1522 498 providentia
1536 478 1585 491 —.
1603 460 1728 491 Datum
1745 460 1832 498 apud
1845 459 2132 494 L‘rbemveterem,
2148 469 2198 490 11¹1
2212 468 2318 490 nonas

1308 512 1454 551 augusti,
1475 521 1561 543 anno
1579 513 1736 543 secundo.
1759 524 1773 538 ι)

1398 660 1469 691 237

1885 657 2010 687 Orvieto,
2027 658 2060 683 24
2076 657 2148 683 avril
2168 658 2244 684 ¹263.

1344 738 1467 765 Nunciat
1491 746 1520 765 se
1543 745 1743 773 processurum
1763 739 1791 764 et
1808 736 2059 772 pronuntiaturum
2080 744 2152 767 csse=
2175 744 2231 763 non
2253 736 2319 763 obs-

1309 789 1386 814 tante
1404 786 1597 818 contumacia,
1621 786 1651 813 in
1667 794 1752 813 causa
1771 794 1832 820 quae
1853 786 1926 812 inter
1940 785 2094 812 ecclesiam
2118 785 2276 811 Romanam
2293 786 2320 811 et

1309 835 1427 862 Petrum
1443 835 1478 861 de
1493 834 1562 861 Vico
1577 834 1740 861 vertebatur
1759 835 1792 861 de
1807 833 1910 860 castris
1936 833 2027 859 Bledae
2043 835 2069 859 et
2093 832 2224 859 Civitatis
2242 833 2322 858 Vete-

1310 883 1349 910 ris
1377 883 1498 917 aliisque
1527 882 1608 909 bonis
1627 883 1770 917 quondum
1794 882 1882 913 Petri,
1906 882 2034 917 praefecti
2062 881 2155 908 L'rbis.
2180 881 2258 916 (lino.
2275 882 2319 912 27,

1310 931 1361 958 fol.
1380 933 1424 962 63,
1440 935 1472 958 no
1490 933 1527 964 1.)

1352 1035 1366 1050 «
1386 1022 1436 1051 Ad
1450 1022 1588 1061 suturam
1605 1022 1651 1051 rei
1678 1021 1849 1050 memoriam
1868 1022 1984 1059 Nuper
2002 1020 2109 1051 nobili
2128 1020 2200 1049 viro
2220 1020 2320 1049 Petro

1312 1076 1352 1106 de
1369 1075 1452 1106 Vico
1469 1083 1529 1114 per
1556 1076 1690 1105 nostras
1713 1074 1869 1104 dedimus
1887 1074 2018 1103 litteras
2037 1073 2069 1103 in
2087 1073 2266 1108 mandatis,
2285 1073 2327 1101 ut·

1313 1130 1423 1159 castra
1452 1127 1555 1158 Blede
1595 1129 1628 1158 et
1660 1127 1816 1157 Civitatis
1848 1126 1983 1156 Veteris
2015 1134 2051 1155 ac
2094 1127 2204 1156 cetera
2235 1125 2322 1154 bona

1313 1181 1484 1220 quondam
1503 1180 1607 1216 Petri,
1626 1179 1766 1218 prefecti
1784 1178 1899 1215 Urbis,
1919 1187 1983 1217 que
1996 1178 2102 1217 adjus
2121 1180 2151 1208 et
2172 1178 2322 1216 proprie-

1312 1236 1418 1265 tatem
1450 1232 1591 1263 ecclesie
1618 1233 1769 1263 Romane
1791 1231 1960 1270 pcrtinere
1986 1232 2181 1266 noscuntur,
2201 1233 2231 1260 et
2258 1238 2323 1269 que

1314 1287 1403 1316 idem
1423 1285 1558 1321 nobilis,
1578 1287 1653 1324 post
1684 1287 1827 1315 mortem
1857 1284 1966 1323 ipsius
1992 1284 2144 1322 prefecti,
2174 1282 2322 1313 indebite

1314 1339 1499 1378 occupavit,
1515 1338 1613 1368 nobis
1631 1339 1663 1368 et
1677 1338 1794 1368 nuntio
1815 1339 1941 1371 nostro,
1955 1336 2046 1367 infra
2064 1339 2137 1367 octo
2155 1336 2228 1366 dies
2246 1338 2322 1374 post

1313 1391 1541 1430 receptionem
1558 1390 1748 1421 litterarum
1768 1391 1930 1429 ipsarum,
1945 1389 2078 1420 tradere
2096 1397 2132 1418 ac
2149 1389 2323 1428 assignare

1313 1445 1463 1477 curaretg
1487 1443 1650 1481 alioquin,
1671 1443 1758 1472 infra
1777 1443 1969 1481 quindecim
1994 1442 2067 1471 dies
2090 1442 2226 1471 eosdem
2251 1444 2324 1472 octo

1313 1496 1489 1534 proximos
1511 1496 1704 1533 sequentes,
1727 1496 1935 1532 compareret
1963 1502 2022 1532 per
2039 1502 2074 1523 se
2092 1493 2144 1523 vel
2168 1502 2227 1532 per
2250 1503 2326 1532 pro·

1314 1550 1503 1578 curatorem
1523 1547 1682 1577 idoneum
1708 1547 1933 1585 peremptorie
1955 1554 2067 1576 coram
2089 1545 2200 1576 nobis,
2215 1548 2325 1576 osten-

1314 1610 1415 1631 surus
1428 1600 1504 1639 jura
1521 1600 1632 1638 quein
1649 1599 1771 1630 castris
1785 1601 1816 1629 et
1834 1599 1933 1629 bonis
1951 1598 2121 1629 obtinebat
2137 1598 2277 1635 eisdem,
2294 1601 2326 1630 et

1314 1655 1511 1692 recepturus
1528 1661 1630 1691 super
1653 1652 1720 1682 hiis
1737 1652 1826 1691 quod
1850 1652 1984 1691 justitia
2010 1651 2177 1682 suaderet.
2199 1652 2326 1682 Eodem

1314 1706 1419 1745 igitur
1433 1707 1533 1736 Petro
1552 1707 1663 1735 castra
1680 1707 1711 1735 et
1726 1705 1813 1735 bona
1826 1705 1900 1744 ipsa
1915 1704 2013 1735 nobis
2030 1704 2082 1734 vel
2098 1704 2187 1734 dicto
2207 1705 2325 1735 nuntio

1314 1759 1446 1789 tradere
1475 1767 1542 1788 non
1560 1760 1709 1791 curante,
1733 1759 1847 1788 Bonus
1874 1758 2057 1794 Johanncs,
2087 1757 2267 1787 familiaris
2295 1758 2325 1787 et

1314 1814 1513 1852 procurator
1528 1820 1622 1845 suus,
1641 1812 1675 1841 in
1692 1812 1838 1842 termino
1856 1813 1993 1847 statuto,
2011 1811 2044 1840 in
2062 1810 2234 1849 presentia
2249 1818 2326 1840 nos-

1283 1884 1284 1890 .
1314 1866 1366 1894 tra
1378 1873 1588 1903 comparenS,
1606 1864 1692 1894 inter
1711 1864 1776 1893 alia
1791 1864 1967 1902 proposuit
1983 1871 2095 1893 coram
2110 1862 2208 1892 nobis
2223 1862 2323 1901 quod,

1315 1926 1391 1948 cum
1411 1917 1534 1947 nobilis
1553 1917 1624 1955 ipse
1643 1916 1727 1946 civis
1744 1918 1832 1946 esset
1860 1917 2045 1950 Romanus,
2063 1924 2128 1945 non
2152 1915 2328 1946 tenebatur

1316 1979 1418 2009 super
1442 1969 1510 1999 hiis
1531 1969 1619 2008 apud
1645 1969 1757 1999 sedem
1785 1969 2005 2007 apostolicam
2024 1969 2168 2007 litigare.
2184 1969 2324 2004 Verum,

1317 2032 1393 2052 cum
1430 2022 1535 2053 alium
1567 2030 1668 2060 super
1696 2021 1764 2051 hiis
1801 2022 1984 2051 terminum
2017 2021 2328 2060 assignavissemus

1286 2099 1287 2103 ,
1317 2076 1409 2106 Bono
1423 2075 1566 2105 Johanni
1582 2075 1744 2113 predicto,
1761 2075 1833 2113 ipse
1850 2077 1929 2104 tunc
1945 2076 1975 2104 et
1994 2075 2209 2113 postmodum
2224 2075 2326 2105 etiam

1318 2130 1514 2167 expectatus
1528 2128 1657 2158 diutius
1675 2130 1706 2158 et
1721 2128 1753 2157 iu
1773 2127 1944 2157 audientia
1965 2127 2098 2166 publica
2116 2128 2239 2157 citatus
2255 2127 2329 2166 plu-

1317 2182 1396 2218 ries,
1421 2190 1486 2211 non
1511 2181 1700 2219 comparuit
1718 2189 1830 2211 coram
1857 2180 1969 2210 nobis.
1988 2180 2108 2217 Porro,
2125 2189 2166 2210 ne
2194 2189 2253 2219 per
2270 2180 2330 2211 ali-

1317 2243 1383 2274 qua
1398 2234 1609 2273 subterfugia
1625 2242 1726 2272 super
1738 2233 1916 2272 premissis
1933 2235 2047 2272 posset
2060 2233 2186 2264 veritas
2203 2233 2330 2272 aliqua-

1317 2288 1415 2317 tenus
1433 2287 1606 2323 occultari,
1621 2286 1880 2325 interloquendo
1893 2285 2117 2322 decrevimus,
2133 2286 2221 2324 quod
2239 2286 2329 2316 idem

1319 2445 1373 2475 nis
1390 2445 1518 2475 eisdem
1538 2445 1798 2475 admitterentur
1819 2444 2037 2484 probationes
2055 2445 2195 2475 ecclesie
2214 2453 2331 2484 supra-

1319 2499 1418 2529 dicte.
1440 2497 1692 2528 Nichilominus
1705 2499 1828 2533 autem,
1844 2498 1885 2527 ad
1903 2498 2012 2536 ipsius
2027 2497 2151 2528 nobilis
2164 2498 2331 2529 malitiam

1321 2551 1559 2590 superandam,
1576 2550 1719 2581 eundem
1732 2559 1792 2590 per
1806 2550 1936 2581 litteras
1951 2553 2086 2582 nostras
2100 2551 2220 2582 iterato
2234 2551 2331 2582 citari

1321 2604 1572 2641 mandavimus,
1594 2605 1629 2634 ut
1643 2605 1733 2634 certo
1747 2603 1800 2634 die
1820 2604 2056 2642 personaliter,
2075 2604 2104 2634 si
2119 2603 2232 2640 vellet,
2249 2603 2332 2634 alio·

1321 2657 1403 2696 quin
1419 2665 1478 2696 per
1505 2656 1663 2687 idoneum
1686 2658 1938 2695 procuratorem
1965 2656 2173 2687 sufficienter
2189 2657 2332 2687 instruc-

1321 2711 1405 2746 tum,
1421 2718 1496 2740 cum
1513 2709 1672 2740 omnibus
1689 2709 1939 2746 instrumentis,
1951 2708 2139 2740 rationibus
2153 2711 2183 2739 et
2195 2708 2331 2748 juribus

1323 2763 1396 2793 suis
1423 2765 1630 2801 compareret
1652 2764 1878 2802 peremptorie
1899 2772 2011 2794 coram
2034 2762 2143 2798 nobis,
2170 2762 2330 2793 docturus

1324 2815 1452 2853 dejure
1471 2823 1532 2845 suo
1544 2815 1633 2854 quod
1650 2823 1685 2845 se
1703 2815 1826 2846 habere
1843 2816 1964 2846 asserit
1982 2815 2015 2845 in
2030 2815 2221 2854 premissis,
2234 2816 2265 2844 et
2284 2814 2331 2844 vi-

1325 2875 1425 2897 surus
1448 2867 1525 2906 jura
1553 2867 1662 2907 ipsius
1688 2868 1829 2899 ecclesie
1858 2877 1895 2899 ac
1917 2867 2087 2908 legitimas
2116 2867 2331 2906 inspecturus
