2547 3289
244 179 302 207 21ss

243 270 300 299 pei·
317 260 439 289 dictam
465 259 589 287 cratem
608 257 775 294 loquatur,
795 253 862 283 nisi
882 253 967 283 forte
987 252 1181 291 aliquando,
1199 261 1250 282 ra-

242 312 394 343 tionabili
425 320 522 341 causa
544 310 593 339 wel
619 307 810 338 necessaria
828 307 995 345 exigente,
1017 306 1117 335 alicui
1138 305 1177 335 de
1198 305 1251 335 ab·

242 366 367 395 batisse
385 364 521 393 licentia
540 371 614 391 raro
635 361 736 390 fuerit
754 359 1013 392 concedendum,
1034 361 1065 388 et
1079 361 1159 388 tunc
1177 367 1249 396 pre-

242 419 328 447 dicta
343 416 452 446 hostia
472 415 748 453 ligneapoterunt
758 412 894 451 aperiri.
914 412 952 442 Et
970 412 1250 450 quandocumque

243 471 390 509 aliquam
408 477 586 507 personam
605 469 801 497 extraneam
816 465 857 495 ad
875 473 932 495 eas
948 464 1078 504 ingredi
1093 464 1145 494 vel
1166 464 1251 494 alias

242 533 300 562 por
327 524 450 553 cratem
477 522 526 551 eis
555 520 647 559 loqui
672 519 862 557 contigerit,
890 520 1003 557 tegant
1027 518 1146 548 faciem
1175 526 1251 548 cum

242 576 408 606 modestia
430 577 462 605 et
494 574 666 608 inclinent,
693 574 792 611 prout
820 571 996 610 religionis
1024 571 1179 601 convenit
1196 571 1251 601 ho-

243 629 376 659 nestati.

281 683 357 712 «De
373 682 528 719 ingressu
545 688 765 718 personarum
782 679 815 708 in
836 678 1092 713 monasterium,
1110 677 1252 708 111101101-

241 744 277 765 ac
295 735 447 765 districte
471 733 677 772 precipimus
707 734 741 763 ut
767 732 861 761 nulla
895 739 1056 770 umquam
1080 730 1253 760 abbatissa

240 789 292 818 vel
319 788 391 825 ejus
426 796 560 817 sorores
585 786 735 825 aliquam
758 794 937 823 personam
971 784 1165 822 religiosam
1192 792 1252 814 seu

241 842 428 872 secularem
447 844 503 870 aut
519 839 699 878 cujuslibet
713 839 888 877 dignitatis
904 838 936 867 in
955 838 1150 868 monasterii
1165 837 1253 867 clau-

241 904 355 925 suram
384 894 603 924 intrinsecam
633 893 758 923 intrare
783 891 999 930 permittant,
1028 900 1087 921 nec
1116 891 1253 921 omnino

243 948 344 977 alicui
362 947 473 981 liceat,
491 947 557 976 nisi
576 946 700 985 quibus
717 953 915 975 concessum
936 954 954 974 a
973 945 1050 975 sede
1069 944 1255 983 apostolica

241 999 399 1030 fueritve!
420 1009 437 1029 a
455 999 617 1029 cardinali
636 999 688 1028 cui
710 999 811 1028 fuerit
828 1007 980 1028 sororum
1001 997 1079 1027 ordo
1098 997 1256 1027 00101015-

241 1062 312 1083 sus.
329 1053 554 1091 Excipiuntur
578 1054 689 1082 autem
714 1061 731 1081 a
758 1052 846 1082 dicta
865 1051 1077 1090 ingrediendi
1096 1051 1168 1089 lege
1187 1059 1254 1080 me-

241 1106 348 1142 dicus,
377 1115 478 1136 causa
496 1105 641 1135 multum
665 1105 779 1144 gravis
797 1104 1018 1140 infirmitatis,
1036 1106 1068 1134 et
1092 1104 1252 1139 minutor,

242 1169 317 1190 cum
337 1159 523 1189 necessitas
553 1158 724 1195 exegerit3
743 1158 801 1197 qui
820 1166 885 1188 non
904 1157 1032 1196 absque
1047 1157 1179 1187 duobus
1206 1166 1256 1187 so-

243 1213 305 1243 ciis
323 1213 362 1242 de
387 1212 517 1242 familia
538 1211 735 1241 monasterii
760 1211 1016 1241 introducantur
1034 1219 1093 1240 nec
1114 1210 1154 1240 ab
1174 1210 1256 1239 invi-

243 1275 313 1295 cem
344 1265 432 1295 iusra
457 1264 703 1295 monasterium
737 1265 954 1302 separentur3
981 1272 1109 1293 necnon
1136 1264 1167 1293 et
1191 1263 1254 1299 illi,

243 1328 327 1357 quos
349 1318 522 1348 occasione
538 1317 685 1348 incendii
703 1317 755 1347 vel
771 1318 867 1346 ruine
880 1326 939 1346 seu
956 1316 1097 1346 alterius
1113 1316 1256 1355 periculi

243 1372 294 1401 vel
312 1371 493 1409 dispendii,
514 1379 642 1409 seupro
660 1370 795 1400 tuendis
814 1379 832 1399 a
848 1369 1009 1399 violentia
1026 1369 1256 1408 quorumlibet

245 1424 450 1454 monasterio
477 1423 528 1453 vel
558 1423 726 1462 personis,
749 1424 805 1452 aut
833 1431 891 1461 pro
909 1422 1021 1461 aliquo
1037 1431 1136 1461 opere
1162 1430 1255 1452 exer-

245 1478 348 1508 cendo
375 1477 462 1515 quod
487 1476 660 1506 commode
688 1477 784 1505 extra
812 1476 1057 1506 monasterium
1086 1475 1158 1505 fieri
1190 1484 1255 1506 non

241 1532 363 1569 potest,
383 1529 568 1559 necessitas
584 1529 735 1567 exegerit
748 1529 903 1559 introire.
923 1529 986 1564 Qui
1005 1538 1135 1564 omnes,
1157 1537 1256 1567 expe-

242 1584 311 1613 dito
330 1592 390 1613 suo
418 1582 608 1612 ministerio
640 1583 692 1612 vel
717 1582 908 1612 imminenti
937 1582 1131 1612 necessitati
1160 1582 1257 1612 satis·

244 1637 329 1667 facto
340 1645 399 1675 per
415 1636 518 1675 ipsos,
535 1638 656 1665 exeant
671 1635 744 1665 sine
766 1644 870 1665 mora.
886 1635 979 1665 Nulli
991 1636 1103 1665 tamen
1113 1644 1256 1674 persone

243 1691 403 1720 extranee
433 1689 522 1719 intra
537 1689 734 1719 monasterii
755 1689 948 1718 clausuram
964 1688 1063 1718 liceat
1082 1689 1256 1719 comedere

243 1743 295 1773 vel
313 1742 470 1773 dormire.
491 1742 554 1772 Sed
570 1743 601 1772 et
619 1742 647 1771 si
665 1742 741 1780 quis
758 1742 797 1772 de
816 1743 930 1772 sancte
946 1742 1097 1772 Romane
1116 1742 1257 1772 ecclesie

243 1795 473 1826 cardinalibus
490 1795 530 1825 ad
549 1795 686 1834 aliquod
704 1795 949 1825 monasterium
967 1794 1162 1833 hujusmodi
1184 1795 1259 1825 reli-

247 1849 357 1887 gionis
377 1848 558 1886 aliquando
584 1849 711 1877 venerit
730 1849 762 1877 et
790 1848 878 1878 intra
903 1848 1089 1878 claustrum
1114 1848 1258 1878 voluerit

246 1902 389 1940 ingredi,
409 1910 483 1931 cum
512 1901 700 1930 reverentia
729 1901 865 1939 quidem
891 1902 922 1930 et
947 1901 1124 1931 devotione
1153 1902 1258 1931 susci-

246 1955 367 1992 piatur,
396 1954 453 1983 sed
480 1955 614 1992 rogetur
640 1956 674 1982 ut
691 1962 766 1983 cum
796 1954 914 1991 paucis
944 1954 1044 1983 sociis
1072 1954 1189 1984 debeat
1210 1955 1257 1984 in-

244 2008 360 2037 troire.
388 2007 496 2036 Liceat
527 2015 659 2045 quoque
684 2006 833 2044 generali
858 2006 1014 2037 ministro
1043 2007 1172 2037 ordinis
1195 2008 1259 2037 fra-

245 2062 336 2090 trum
354 2060 534 2095 Minorum,
557 2059 689 2097 quando
714 2058 838 2089 ibidem
854 2059 1023 2090 celebrare
1042 2060 1187 2090 voluerit
1205 2061 1257 2090 vel

245 2121 433 2152 proponere
462 2111 636 2142 sororibus
665 2111 805 2142 verbum
828 2112 903 2147 Dei,
930 2121 1005 2142 cum
1034 2114 1178 2151 quatuor
1206 2113 1257 2143 vel

245 2167 394 2204 quinque
427 2165 589 2195 fratribus
609 2165 717 2203 ipsius
734 2165 876 2199 ordinis,
896 2165 984 2195 intra
1001 2166 1194 2196 clausuram
1209 2167 1258 2196 in-

243 2219 338 2257 gredi
363 2218 572 2253 monasterii,
610 2218 637 2247 si
664 2218 797 2257 quando
829 2218 859 2248 ei
886 2218 1056 2249 videbitur
1085 2219 1256 2258 expedire.

244 2272 342 2302 Alius
361 2273 472 2302 autem
497 2271 660 2310 prelatus,
683 2271 735 2301 cui
753 2271 934 2309 aliquando
954 2272 1038 2302 sorte
1057 2272 1096 2302 de
1121 2272 1259 2303 licentia

244 2324 336 2355 sedis
363 2323 548 2362 apostolice
572 2323 624 2353 vel
655 2323 737 2354 dicti
756 2324 941 2354 cardinalis
960 2324 1086 2355 intrare
1110 2325 1256 2362 licuerit,

245 2377 377 2408 duobus
391 2377 443 2407 vel
460 2376 569 2407 tribus
588 2378 718 2407 tantum
741 2377 914 2416 religiosis
932 2379 964 2408 et
981 2377 1135 2408 honestis
1156 2379 1258 2409 sociis

244 2431 287 2460 sit
301 2431 489 2460 contentus.
505 2430 602 2465 Quod
618 2430 647 2460 si
667 2430 763 2467 forte,
780 2439 841 2469 pro
859 2430 1093 2462 benedictione
1113 2432 1165 2462 vel
1183 2440 1259 2462 con-

245 2484 432 2514 secratione
455 2492 610 2513 sororum
638 2483 690 2513 vel
720 2483 787 2514 alio
812 2484 914 2514 etiam
935 2484 1033 2515 modo
1059 2493 1257 2515 concessum

245 2537 346 2566 fuerit
367 2536 469 2566 alicui
494 2536 651 2575 episcopo
681 2537 825 2566 missam
849 2537 993 2567 interius
1010 2537 1193 2577 aliquando
1209 2547 1259 2568 ce-

244 2589 386 2626 lebrare,
418 2598 518 2628 quam
539 2589 756 2628 paucioribus
774 2591 805 2620 et
830 2590 1084 2621 honestioribus
1112 2591 1260 2629 potuerit

246 2644 422 2672 contentus
441 2643 486 2672 sit
504 2642 606 2672 sociis
623 2643 655 2672 et
672 2642 858 2678 ministris;
872 2645 903 2673 et
918 2643 978 2674 1100
994 2652 1127 2683 quoque
1146 2644 1259 2683 ipsum

247 2695 345 2738 alicui
365 2695 474 2725 rarius
505 2695 718 2726 concedatur.
738 2696 842 2726 Nulla
860 2698 972 2727 tamen
988 2697 1125 2728 omnino
1142 2697 1259 2736 loqua-

246 2748 391 2777 turcum
408 2747 521 2786 aliqua
548 2756 692 2786 persona
720 2748 759 2778 de
779 2749 955 2788 ingressis,
981 2750 1047 2780 nisi
1070 2750 1169 2781 modo
1186 2759 1259 2789 pre-

247 2800 347 2836 dicto,
369 2799 586 2838 presentibus
614 2801 746 2831 duabus
768 2802 820 2831 vel
843 2802 952 2832 tribus
979 2802 1167 2840 sororibus,
1185 2803 1259 2834 sive

247 2853 381 2882 infirma
398 2852 501 2882 fuerit
522 2852 592 2883 sivo
614 2862 704 2884 sana.
722 2854 811 2885 Illud
829 2862 908 2886 sane
925 2855 1084 2895 precipue
1100 2858 1258 2887 caveatur

1006 169 1248 200 REGISTRES
1268 169 1481 199 D'URBAIN
1506 169 1563 198 lv.

1315 254 1350 281 ut
1366 251 1425 285 hii,
1445 250 1569 289 quibus
1588 250 1770 289 aliquando
1784 258 1977 296 0000055001
1996 251 2208 281 solummodo
2227 252 2326 281 suerit

1313 304 1367 335 vel
1381 305 1459 334 data
1484 304 1619 334 licentia
1648 304 1681 333 in
1702 303 1947 333 monasterium
1973 304 2115 342 ingredi,
2135 313 2199 334 non
2227 304 2326 334 aliter

1313 358 1548 392 admittantur,
1572 357 1637 387 nisi
1660 356 1833 386 abbatisse
1849 358 1880 386 et
1904 355 2079 386 sororibus
2097 357 2208 386 visum
2226 357 2325 387 suerit

1283 428 1284 437 1
1313 411 1486 449 expedire,
1513 419 1588 440 cum
1620 419 1661 440 ex
1690 409 1885 448 hujusmodi
1911 408 2188 439 concessionibus
2212 410 2264 439 1·οΙ
2288 409 2327 439 11-

1313 464 1435 494 centiis
1457 463 1631 493 abbatissa
1641 463 1693 493 vel
1709 471 1844 493 sorores
1860 471 1917 492 eos
1932 462 2110 492 admittere
2128 470 2192 492 non
2209 471 2327 501 cogan-

1312 518 1379 552 tur,
1413 518 1445 547 et
1472 518 1507 546 ut
1532 517 1601 546 sint
1626 516 1724 551 tales,
1750 516 1790 546 de
1813 524 1957 554 quorum
1985 514 2098 544 verbis
2125 517 2156 544 et
2175 515 2328 546 moribus

1313 578 1441 600 necnon
1470 570 1539 599 vita
1563 572 1595 600 et
1619 569 1735 599 habitu
1761 568 1910 599 edificari
1933 568 2066 598 valeant
2089 568 2271 602 intuentes,
2296 571 2328 599 et

1283 651 1284 657 ,
1314 623 1456 653 materia
1468 623 1553 661 justi
1564 622 1714 652 scandali
1731 621 1852 651 exinde
1870 623 2013 659 nequeat
2031 621 2196 660 generari.
2221 621 2328 660 Super

1283 667 1284 677 ¹
1314 676 1531 706 concessione
1547 684 1626 705 vero
1641 675 1693 705 vel
1712 674 1849 705 licentia
1867 674 2042 712 ingressus
2063 674 2267 712 hujusmodi,
2288 674 2329 704 ad

1314 737 1412 759 omne
1440 728 1637 767 ambiguum
1665 727 1918 764 removendum,
1946 726 2124 765 apostolici
2148 727 2261 765 apices
2276 727 2330 757 vel

1315 782 1394 811 dicti
1411 781 1593 811 cardinalis
1611 782 1764 819 patentes
1780 780 1892 810 littere
1911 780 2143 810 ostendantur.

1354 835 1433 865 «De
1448 834 1679 864 servitialibus
1696 834 1749 864 vel
1767 833 1954 869 sororibus,
1969 842 2033 872 que
2046 841 2180 872 semper
2193 840 2330 862 manere

1316 888 1442 924 clause,
1471 887 1558 917 51001
1582 888 1658 919 alie,
1679 895 1745 917 non
1771 888 1940 921 tenentur,
1961 886 2151 916 districtius
2173 886 2330 915 volumus

1317 940 1489 971 observari
1505 942 1541 970 ut
1559 941 1631 970 sine
1650 940 1787 970 licentia
1803 939 1897 969 nulla
1915 939 2102 969 claustrum
2121 938 2324 977 egrediatur.

1316 994 1357 1024 Et
1369 1003 1433 1032 que
1445 995 1635 1029 mittuntur,
1649 993 1787 1023 honeste
1803 993 1872 1023 sint
1884 994 1915 1022 et
1926 992 2159 1022 convenientis
2176 991 2277 1022 etatis
2292 1000 2329 1022 ac

1317 1047 1469 1086 religiosi
1487 1049 1519 1077 et
1539 1047 1663 1077 maturi
1677 1048 1835 1085 aspectus
1852 1048 1884 1076 et
1900 1045 2139 1075 calceamentis
2155 1044 2328 1080 honestis3

1316 1102 1385 1130 tam
1408 1100 1482 1139 ipse
1511 1109 1611 1139 quam
1642 1108 1776 1130 sorores
1806 1099 1876 1135 ille,
1901 1108 1986 1138 quas
2006 1098 2188 1138 aliquando
2217 1097 2330 1128 emitti

1318 1153 1496 1192 contigerit
1524 1161 1584 1192 pro
1611 1152 1747 1183 casibus
1771 1151 1977 1191 supradictis
1996 1151 2142 1181 calceate
2161 1150 2329 1181 incedant.

1317 1206 1447 1237 Ceteris
1479 1215 1557 1236 vero
1587 1206 1679 1236 intus
1702 1204 1932 1240 manentibus,
1958 1204 1987 1234 si
2019 1204 2200 1240 voluerint,
2231 1203 2333 1234 liceat

1318 1259 1410 1289 istud
1426 1259 1526 1289 idem.
1546 1258 1810 1298 Egredientibus
1827 1266 1906 1288 vero
1928 1257 2120 1296 assignetur
2138 1258 2250 1287 certus
2268 1258 2334 1288 ter-

1317 1313 1431 1342 minus
1450 1312 1624 1342 redeundi.
1651 1313 1720 1342 Nec
1736 1311 1837 1342 alicui
1857 1311 2008 1350 ipsarum
2025 1310 2220 1340 conceditur
2237 1311 2333 1340 extra

1317 1366 1562 1396 monasterium
1585 1365 1658 1395 sine
1688 1364 1828 1404 speciali
1852 1363 1990 1394 licentia
2012 1364 2199 1400 comedere,
2217 1363 2332 1394 bibere

1317 1419 1370 1449 vel
1388 1419 1547 1453 dormire,
1567 1427 1627 1449 nec
1643 1418 1684 1448 ab
1706 1418 1853 1448 invicem
1870 1417 2022 1456 separari
2041 1417 2095 1447 vel
2118 1417 2211 1456 loqui
2231 1416 2333 1447 alicui

1318 1472 1351 1501 in
1366 1473 1507 1508 secreto,
1527 1480 1586 1502 seu
1604 1471 1795 1511 cappellani
1808 1470 2006 1501 monasterii
2023 1470 2075 1500 vel
2090 1478 2333 1501 conversorum

1317 1525 1526 1556 domicilium
1551 1525 1703 1555 introire.
1730 1525 1770 1555 Et
1788 1524 1817 1554 si
1835 1524 1950 1563 aliqua
1977 1523 2184 1554 contrarium
2203 1523 2330 1559 fecerit,

1317 1579 1464 1618 graviter
1483 1578 1653 1617 puniatur.
1674 1579 1715 1608 Et
1732 1577 1876 1608 sollicite
1895 1579 2034 1607 caveant
2049 1585 2089 1606 ne
2111 1576 2152 1606 ad
2170 1576 2242 1606 loca
2259 1584 2333 1606 sus-

1318 1633 1414 1671 pecta
1427 1632 1596 1662 divertant
1613 1631 1666 1661 1·οΙ
1683 1640 1758 1661 cum
1773 1631 1930 1670 personis
1947 1630 2034 1660 male
2056 1630 2142 1660 fame
2158 1629 2333 1659 familiari-

1317 1687 1421 1716 tatem
1439 1684 1595 1721 habeant,
1607 1693 1667 1714 nec
1686 1685 1720 1714 in
1738 1693 1798 1714 suo
1818 1684 1929 1714 reditu
1944 1683 2111 1713 secularia
2128 1682 2181 1712 vel
2198 1681 2334 1712 inutilia

1318 1739 1495 1770 sororibus
1520 1739 1679 1771 referant,
1704 1747 1764 1778 per
1789 1747 1853 1777 que
1875 1738 2018 1768 dissolvi
2045 1737 2178 1768 valeant
2195 1737 2248 1767 vel
2266 1739 2332 1767 tur-

1318 1793 1404 1823 bari.
1427 1793 1468 1823 Et
1492 1792 1654 1832 quamdiu
1682 1793 1778 1822 extra
1804 1791 1942 1828 fuerint,
1972 1790 2086 1821 taliter
2116 1790 2274 1820 studeant
2296 1798 2333 1820 se

1318 1846 1453 1882 habere,
1473 1846 1561 1885 quod
1576 1846 1615 1876 de
1632 1845 1887 1875 conversatione
1903 1845 2045 1875 honesta
2067 1844 2219 1883 ipsarum
2243 1843 2335 1874 edifi-

1319 1899 1387 1930 cari
1408 1899 1543 1930 valeant
1568 1899 1749 1929 intuentes.
1770 1899 1811 1929 Et
1829 1898 1990 1937 quicquid
2007 1897 2058 1928 eis
2072 1906 2132 1936 pro
2150 1905 2185 1927 se
2203 1896 2256 1927 vel
2272 1905 2332 1935 pro

1320 1953 1397 1982 aliis
1409 1953 1525 1982 datum
1542 1952 1644 1982 fuerit
1655 1951 1705 1981 vel
1716 1951 1936 1989 promissum,
1952 1950 2123 1989 resignent
2139 1949 2192 1979 vel
2209 1958 2331 1980 renun-

1318 2006 1403 2036 tient
1431 2005 1603 2035 abbatisse
1630 2005 1684 2034 vel
1704 2004 1776 2039 alii,
1801 2004 1854 2033 cui
1878 2004 1912 2033 in
1931 2003 1991 2033 hoc
2007 2003 2217 2033 commiserit
2242 2003 2333 2033 vices

1320 2067 1411 2088 suas.

1359 2121 1376 2141 «
1392 2111 1608 2150 Capellanus,
1625 2111 1653 2140 si
1676 2110 1821 2140 voluerit
1837 2118 1872 2140 50
1889 2109 2098 2139 monasterio
2119 2108 2281 2148 obligare,
2301 2111 2333 2139 et

1319 2165 1378 2194 alii
1403 2164 1460 2203 qui
1486 2163 1686 2193 monasterii
1705 2163 1858 2193 conversi
1887 2171 1961 2192 esse
1988 2161 2157 2192 voluerint
2184 2164 2215 2191 et
2234 2161 2335 2192 abba-

1318 2218 1402 2248 tisse
1420 2218 1451 2247 et
1468 2217 1647 2247 conventui
1660 2216 1771 2246 visum
1786 2216 1887 2246 fuerit
1906 2224 1963 2245 eos
1979 2215 2140 2253 recipere,
2160 2223 2247 2245 anno
2261 2223 2336 2254 pro-

1319 2270 1466 2301 bationis
1494 2270 1621 2308 elapso,
1655 2270 1855 2308 promittant
1889 2268 2115 2298 obedientiam
2148 2267 2332 2305 abbatisse,

1319 2325 1480 2354 voventes
1494 2323 1558 2354 loci
1578 2323 1798 2354 stabilitatem
1817 2324 1847 2352 et
1865 2324 2028 2361 perpetuo
2045 2322 2159 2352 vivere
2175 2321 2248 2352 sine
2257 2330 2334 2360 pro·

1319 2377 1392 2416 prio
1413 2379 1445 2407 et
1462 2377 1496 2407 in
1515 2377 1683 2407 castitate.
1705 2376 1852 2406 Tunicas
1863 2376 1902 2405 de
1914 2375 2074 2414 religioso
2093 2376 2124 2405 et
2138 2374 2198 2405 vili
2211 2382 2334 2413 panno,

1318 2432 1387 2461 tam
1417 2430 1525 2469 pretio
1557 2439 1657 2469 quam
1681 2429 1804 2465 colore,
1828 2429 1925 2468 juxta
1952 2436 2069 2458 earum
2098 2427 2332 2467 indigentiam,

1318 2484 1440 2514 habere
1464 2483 1595 2514 valeant
1623 2483 1696 2513 sinc
1723 2482 1877 2521 caputi03
1897 2490 2039 2521 quarum
2065 2481 2198 2512 manice
2215 2480 2336 2512 breves

1320 2538 1387 2568 sint
1409 2539 1439 2567 et
1469 2537 1584 2567 stricte
1607 2536 1842 2567 tantummodo
1869 2535 1957 2565 circa
1983 2543 2115 2565 manns,
2144 2533 2334 2574 Longitudo

1320 2593 1432 2621 autem
1450 2590 1641 2620 tunicarum
1654 2589 1699 2620 sit
1715 2589 1806 2623 talis.
1825 2588 1915 2627 quod
1929 2596 1947 2617 a
1959 2587 2081 2618 cavilla
2098 2587 2222 2627 pedum
2233 2587 2336 2617 distet

1320 2644 1429 2683 spatio
1453 2645 1597 2682 quatuor
1619 2642 1828 2682 digitorum;
1860 2641 2057 2681 capellanus
2080 2643 2194 2671 tamen
2213 2639 2336 2670 habere

1319 2697 1442 2736 poterit
1461 2696 1659 2736 longiorem.
1681 2696 1745 2726 Pro
1767 2695 1903 2734 cingulo
1922 2703 2001 2725 vero
2018 2694 2198 2733 corrigiam
2219 2692 2335 2723 hones-

1319 2752 1388 2781 tam
1410 2750 1555 2781 habeant
1573 2758 1648 2780 cum
1666 2748 1824 2782 culte1103
1843 2756 2046 2787 caparonem
2064 2747 2167 2777 etiam
2185 2754 2262 2776 cum
2284 2754 2336 2776 ca-

1320 2804 1414 2842 putio
1432 2811 1534 2843 super
1550 2802 1686 2833 tunicas
1706 2803 1851 2841 portent,
1871 2800 1968 2839 eujus
1983 2799 2160 2839 longitudo
2176 2807 2263 2838 genu
2277 2799 2337 2829 ali-

1321 2856 1525 2896 quantulum
1545 2856 1706 2891 transeat,
1734 2857 1765 2886 et
1786 2854 1974 2893 amplitudo
1998 2861 2108 2892 usque
2126 2852 2167 2883 ad
2183 2851 2335 2883 cubitum
