2547 3289
124 294 182 323 284

126 378 200 409 etc,
225 382 329 412 usquc
353 373 489 402 omnino
512 372 675 400 servetur.
695 370 817 400 Datum
838 370 926 408 apud
952 369 1133 400 Urbemve-

125 430 241 463 terem,
258 435 277 455 v
295 426 454 455 kalendas
473 423 602 462 aprilis,
625 431 711 452 anno
729 423 837 453 tertio.
856 432 872 451 »

165 531 201 559 In
217 539 242 559 e.
265 539 307 558 ιιι.
333 529 430 557 l'vtro
448 527 602 562 Comitis,
626 526 837 556 thesaurario
856 526 1079 564 Tripolitano,
1101 528 1133 556 et

126 584 222 612 I’etr«,
245 582 283 610 dv
313 580 436 616 Insula,
466 580 624 609 canonico
644 579 784 609 ecclesie
811 588 836 608 s.
865 579 1002 609 Martini
1030 580 1133 609 Turo-

125 635 250 665 nensis,
264 634 416 663 l'arisius
437 632 736 665 commorantibus,
748 641 807 670 pro
826 632 953 662 eisdem
971 633 1133 662 mercato-

125 687 230 722 ribust
253 689 367 716 contra
398 710 402 714 .
422 709 426 714 .
446 708 451 714 .
475 685 765 724 archiepiscopum
784 685 1080 723 Bul-degalensem,
1102 687 1134 715 et

125 740 305 770 nonnullos
317 738 548 777 suffraganeos
564 738 683 776 ipsius,
702 748 739 768 ac
755 737 935 768 abbatibus
949 738 1029 777 (sie),
1046 738 1133 776 prio-

124 792 218 823 ribus
234 792 313 831 (sic),
335 794 410 825 etc.,
434 800 540 830 usque
558 793 722 821 servetur.
744 792 868 821 Datum
885 792 921 821 ut
938 799 1050 829 supra.

706 957 829 985 Orvicto,
848 958 881 985 28
899 957 972 984 avril
993 957 1068 985 1264.

213 960 285 991 563

160 1043 306 1069 Callenses
332 1043 366 1068 ab
385 1043 519 1069 omnibus
541 1042 654 1073 bannis,
674 1041 774 1076 poenis
795 1044 821 1068 et
845 1042 1134 1069 condemnatiOnibus

125 1092 151 1118 in
169 1091 245 1126 ipsos
260 1091 392 1126 prolatis.
413 1092 481 1117 dum
505 1090 652 1117 Mansredo
673 1090 880 1118 adhaerebant.
897 1091 1031 1118 absolvit.
1053 1092 1134 1126 (itm.

123 1141 167 1172 28,
186 1140 234 1167 l'ol.
252 1142 296 1172 50,
314 1148 380 1166 ann.
403 1140 447 1169 ΙΙΙ,
465 1146 494 1166 11⁰
518 1140 591 1173 loo.)

163 1260 177 1280 (‹
197 1275 203 1281 .
222 1275 228 1281 .
244 1249 402 1289 potestati,
421 1248 548 1278 consilio
560 1254 586 1278 et
602 1248 754 1278 communi
768 1247 965 1278 Callensibus.
984 1248 1076 1278 More
1087 1248 1135 1287 pii

122 1303 230 1342 patris
257 1303 494 1341 delinquentes
520 1302 610 1332 filios
633 1301 745 1332 odisse
765 1310 830 1331 non
855 1310 1050 1340 possumus,
1077 1302 1136 1331 sed

123 1357 173 1387 eis
190 1355 458 1386 misericorditer
481 1356 626 1385 offensas
647 1354 865 1388 remittimus,
889 1363 964 1384 cum
988 1355 1136 1392 penitue-

123 1409 192 1440 rint
214 1409 253 1439 de
275 1408 480 1439 commissis.
508 1408 607 1444 Sane,
626 1408 704 1438 licet
729 1408 911 1446 aliquando
934 1408 1137 1449 adheseritis

123 1462 253 1492 nuntiis
268 1462 446 1498 Mantredi‚
470 1461 638 1500 quondam
658 1461 824 1500 principis
842 1461 1029 1494 Tarentini,
1057 1461 1137 1499 quia

123 1517 248 1551 tamen,
267 1515 385 1545 relicta
409 1515 546 1554 sequela
563 1515 727 1553 ipsorum,
752 1514 792 1544 ad
812 1514 1025 1544 devotionem
1046 1514 1137 1544 sedis

125 1569 307 1608 apostolice
334 1569 497 1603 rediistis,
523 1577 597 1604 nOS,
616 1568 740 1598 vestris
765 1567 1073 1606 supplicationibus
1091 1568 1138 1597 in-

124 1622 252 1659 clinati,
274 1622 387 1652 onmia
411 1622 520 1652 banna
546 1629 731 1660 omnesque
758 1621 1080 1660 condempnationes
1107 1622 1138 1651 et

125 1684 230 1714 penas
254 1684 312 1713 per
336 1684 396 1705 nos
426 1675 477 1705 vel
503 1675 612 1705 felicis
633 1674 878 1705 recordationis
905 1674 1139 1704 Alexandrum

125 1737 257 1767 papam,
274 1729 548 1767 predecessorem
563 1729 729 1764 nostrum,
746 1729 803 1758 aut
819 1736 879 1766 per
894 1729 1041 1757 rectores
1054 1727 1141 1757 Mar-

126 1781 197 1812 chie
211 1782 431 1818 Anconitane,
447 1782 518 1811 sive
532 1790 764 1820 quoscumque
779 1782 915 1811 nuntios
929 1781 1019 1811 sedis
1030 1781 1140 1820 ipsius

126 1835 223 1865 vobis
247 1835 418 1873 imposita‚
455 1835 534 1865 dum
567 1834 742 1865 Manfredo
772 1834 986 1864 adherebatis
1016 1834 1137 1870 eidem,

126 1888 275 1918 totaliter
294 1897 503 1925 revocamus,
524 1897 583 1918 vos
603 1897 621 1918 a
643 1887 776 1923 bannis,
799 1888 896 1927 penis
915 1888 945 1918 et
965 1887 1140 1926 condemp-

128 1940 321 1971 nationibus
348 1941 540 1979 hujusmodi
572 1941 708 1980 penitus
737 1941 963 1972 absolventes.
993 1941 1140 1971 Revoca-

129 1995 253 2025 tionem
271 1995 382 2024 autem
404 1996 435 2024 et
453 1994 701 2024 absolutionem
718 1994 912 2033 hujusmodi
930 1994 1031 2024 robur
1048 1994 1140 2024 volu-

128 2056 205 2077 mus
227 2048 402 2077 dumtaxat
427 2047 560 2082 haloecre,
583 2047 745 2086 qumndiu
766 2047 799 2077 in
823 2048 1000 2077 devotione
1026 2049 1141 2077 nostra

129 2102 161 2131 et
184 2101 325 2130 ecclesie
351 2102 501 2131 Romane
521 2101 689 2130 duxeritis
712 2101 974 2139 persistendum.
1000 2101 1033 2131 Si
1062 2109 1140 2130 vero

129 2154 230 2193 (quod
249 2154 348 2192 absit)
365 2153 405 2183 ab
428 2154 621 2191 hujusmodi
637 2154 814 2183 devotione
834 2163 894 2183 vos
911 2154 1046 2184 resilire
1065 2162 1140 2183 con-

130 2207 255 2245 tigerit,
267 2216 397 2237 exnunc
408 2207 569 2245 predictis
580 2209 610 2237 et
623 2207 700 2236 aliis
710 2207 831 2237 bannis
843 2210 873 2237 et
884 2207 992 2245 penis,
1005 2208 1142 2245 propter

130 2259 190 2290 hoc
213 2260 308 2289 vobis
325 2260 494 2299 impositis
509 2261 541 2290 et
560 2260 662 2290 etiam
680 2260 906 2299 imponendis
929 2260 1141 2290 revocatione

131 2322 168 2343 ac
200 2313 412 2343 absolutione
443 2313 637 2351 hujusmodi
668 2322 879 2352 nequaquam
913 2312 1139 2349 obstantibus,

130 2375 190 2396 vos
215 2367 288 2404 ipso
320 2367 405 2396 tacto
437 2366 651 2396 decernimus
683 2366 867 2405 subjacere.
903 2367 1026 2396 Datum
1054 2366 1141 2404 apud

130 2419 419 2456 Urbemveterem,
442 2429 488 2448 1111
509 2420 671 2449 kalendas
688 2420 780 2456 maii,
804 2428 891 2449 anno
908 2420 978 2450 111⁰.
998 2429 1014 2449 »

219 2583 291 2613 564
703 2583 827 2609 Orvieto.
845 2583 879 2609 28
895 2581 967 2609 avril
992 2582 1067 2609 1264.

168 2665 275 2691 Poenas
293 2667 317 2691 vt
336 2665 426 2691 banna
444 2673 516 2698 quae
530 2666 666 2691 adversus
688 2665 915 2691 Bellabranc-am.
930 2666 1075 2700 quondam
1096 2674 1142 2700 po-

130 2715 265 2740 testam-in
299 2713 475 2743 (albensem,
507 2716 636 2747 tempore
670 2722 724 2748 quo
756 2714 900 2740 Mauri-edo
937 2714 1140 2741 adhaerebant.

131 2762 270 2791 edixerat,
288 2765 419 2788 revoc-ata
438 2762 559 2788 nuntiat.
577 2763 656 2796 lituu.
678 2764 723 2789 28.
739 2762 790 2790 sol.
808 2764 852 2789 5¹).
869 2771 936 2789 ann.
956 2763 1001 2789 ΙΙΙ.
1018 2768 1050 2789 n⁰
1072 2764 1143 2790 1075»

173 2875 187 2893 α
199 2864 370 2903 ΔῬΙιιηβὊιίο,
390 2864 662 2901 l''e7·‹»1cusielecto,
675 2865 1010 2895 MarchieAuronilam·
1020 2867 1140 2896 rectori.

132 2918 223 2948 More
239 2918 283 2956 pii
305 2918 409 2955 patris
426 2936 471 2947 —.
491 2921 574 2948 ¹*ane
592 2919 653 2948 suit
673 2927 713 2948 ex
730 2921 824 2957 parte
837 2919 1036 2949 dilectorum
1060 2919 1142 2949 tilio-

132 2980 205 3001 rum
235 2996 240 3000 .
266 2996 271 3001 .
303 2971 492 3008 potestatis,
525 2972 658 3001 consilii
691 2973 721 3002 et
754 2972 943 3002 communis
972 2973 1141 3003 Callensis

880 286 1125 317 REGISTRES
1148 285 1363 316 D’URBAIN
1387 284 1444 314 IV.

1194 369 1343 399 civitatis
1358 368 1456 398 nobis
1470 367 1645 397 humiliter
1660 367 1889 406 supplicatum
1903 368 1939 396 ut
1954 366 2067 396 omnia
2082 366 2204 404 banna,

1194 424 1223 452 et
1252 430 1356 460 penas
1379 429 1609 460 quascumque
1633 420 1755 450 dilecto
1776 419 1847 449 filio
1871 419 1975 449 nobili
2001 420 2072 449 viro
2099 419 2208 449 Bella-

1194 475 1328 510 brance,
1355 474 1524 512 quondam
1548 473 1707 511 potestati
1733 473 1882 502 civitatis
1905 472 2069 511 ejusdem,
2088 481 2148 511 per
2173 475 2206 503 te

1195 536 1255 557 seu
1271 527 1437 557 officiales
1452 528 1530 557 tuos
1545 526 1716 564 imposita,
1735 526 1814 555 dum
1831 527 1981 564 preesset
1997 525 2107 563 ipsius
2123 525 2208 563 regi-

1195 580 1277 611 mini
1293 580 1450 615 civitatis
1470 588 1534 618 que
1551 582 1629 610 tunc
1642 578 1821 609 adherebat
1837 578 2022 613 Mant'redo,
2038 578 2208 617 quondam

1194 633 1340 672 principi
1367 633 1563 669 Tarentino,
1591 632 1701 662 eidem
1728 631 1834 662 nobili
1862 631 2002 665 remitti,
2028 640 2064 661 ac
2090 639 2208 661 omnes

1195 694 1376 725 processus
1402 688 1517 716 contra
1544 686 1671 715 dictum
1698 685 1846 715 nobilem
1870 694 1930 724 per
1952 686 1984 715 te
2013 693 2073 714 seu
2101 684 2209 714 dictos

1195 739 1359 769 officiales
1374 738 1518 773 habitos,
1530 747 1566 768 ac
1576 738 1840 777 publicationem
1854 738 1925 767 sive
1935 737 2209 767 confiscationem

1196 793 1318 822 factam
1345 792 1385 822 de
1414 792 1511 821 bonis
1540 792 1650 830 ipsius
1675 790 1801 821 nobilis
1823 790 1973 820 revocari
1994 790 2141 828 penitus,
2172 798 2209 819 ac

1195 846 1339 876 eundem
1367 845 1515 875 nobilem
1544 854 1561 874 a
1586 844 1765 883 premissis
1797 845 2035 874 mandaremus
2064 842 2207 873 absolvi.

1195 899 1282 934 Quia
1312 907 1391 928 vero
1420 898 1508 928 idem
1543 897 1684 934 nobilia
1714 897 1858 927 dimissa
1894 896 2033 935 sequela
2068 895 2209 934 predicti

1196 952 1372 988 Manfredi‚
1396 952 1498 982 rediit
1516 951 1557 981 ad
1578 951 1736 981 mandata
1754 950 1938 989 apostolice
1958 950 2049 980 sedis
2068 951 2100 979 et
2122 949 2212 979 favo-

1196 1014 1267 1035 rem
1283 1005 1416 1035 devotio
1432 1006 1655 1044 promeretur,
1672 1004 1874 1034 mandamus
1886 1003 2047 1042 quatinus
2061 1002 2211 1041 predicto

1196 1058 1303 1089 nobili
1320 1058 1431 1088 banna
1448 1060 1479 1088 et
1500 1066 1603 1097 penas
1620 1057 1815 1096 hujusmodi
1832 1057 1997 1093 remittas,
2018 1063 2211 1095 processus,

1197 1111 1471 1142 confiscationem
1499 1113 1530 1141 et
1554 1110 1820 1150 publicationem
1849 1109 1985 1140 eosdem
2005 1117 2155 1144 revoces
2175 1117 2213 1139 ac

1197 1174 1275 1196 eum
1293 1174 1312 1195 a
1336 1165 1498 1204 predis-tis
1518 1164 1688 1198 absolvas,
1708 1164 1923 1199 remissione,
1949 1163 2162 1193 revocatione
2179 1163 2212 1192 et

1197 1218 1410 1249 absolutione
1431 1218 1625 1256 hujusmodi
1649 1217 1883 1248 tantummodo
1904 1216 2074 1251 valituris,
2096 1223 2213 1254 quam-

1197 1272 1255 1302 diu
1266 1272 1357 1302 idem
1370 1271 1495 1301 nobilis
1506 1272 1538 1301 in
1549 1271 1726 1301 devotione
1738 1272 1854 1300 nostra
1866 1271 1897 1300 et
1907 1269 2048 1299 ecclesie
2061 1269 2213 1299 Romane

1198 1325 1333 1355 duxerit
1363 1325 1628 1363 persistendum.
1657 1324 1692 1354 Si
1720 1332 1800 1354 vero
1829 1322 1979 1353 nobilem
2003 1321 2148 1352 eundem
2171 1320 2213 1351 ab

1198 1378 1392 1417 hujusmodi
1420 1378 1597 1408 devotione
1619 1377 1753 1407 resilire
1778 1376 1862 1407 forte
1886 1375 2075 1414 contigerit.
2101 1375 2214 1413 ipsum

1199 1440 1331 1461 exnunc
1348 1431 1511 1469 predictis
1531 1433 1561 1461 et
1586 1431 1664 1461 aliis
1682 1430 1804 1460 bannis
1827 1431 1858 1460 et
1875 1429 1973 1468 penis
1992 1428 2058 1458 sibi
2076 1429 2214 1466 propter

1197 1484 1259 1514 hoc
1277 1484 1449 1523 impositis
1468 1486 1501 1514 et
1520 1484 1622 1514 etiam
1641 1483 1868 1522 imponendis,
1888 1482 2102 1515 remissione,
2122 1488 2217 1510 revo-

1199 1537 1330 1568 catione
1349 1539 1381 1568 et
1398 1537 1611 1567 absolutione
1635 1537 1829 1575 hujusmodi
1850 1543 2065 1574 nequaquam
2081 1533 2215 1563 obstan—

1199 1591 1303 1627 tibus,
1332 1591 1406 1630 ipso
1442 1590 1529 1620 facto
1562 1590 1778 1620 decernimus
1811 1588 1997 1628 subjacere.
2027 1588 2152 1618 Datum
2181 1587 2217 1616 ut

1201 1653 1316 1683 supra.
1339 1656 1353 1671 »

1798 1827 1923 1857 Orvieto,
1949 1827 1978 1853 13
1994 1825 2052 1852 mai
2070 1824 2146 1852 1204.

1290 1830 1363 1860 5135

1196 1904 1198 1906 Ι
1238 1913 1470 1947 Pravposituram
1493 1912 1632 1938 ecclesiae
1651 1920 1674 1938 s.
1701 1910 1868 1941 Audomari,
1884 1909 2055 1937 Morincnsis
2082 1908 2217 1940 diocesis,

1201 1963 1342 1996 magistro
1359 1962 1511 1988 Adenult'o.
1533 1960 1682 1995 capellano
1699 1959 1869 1995 apostolico,
1887 1959 2051 1986 confirmat.
2071 1958 2150 1991 (Rae.
2172 1956 2218 1988 28,

1202 2011 1251 2039 fol.
1269 2013 1312 2038 50.
1330 2019 1397 2037 ann.
1416 2010 1466 2041 In,
1484 2016 1513 2036 11⁰
1534 2010 1604 2044 108.)

1243 2130 1257 2148 t<
1278 2119 1425 2157 .ll(19ise1·o
1443 2117 1609 2156 Arlvnulso,
1625 2116 1783 2157 capellano
1797 2122 1909 2149 nostro,
1927 2116 2082 2156 preposito
2099 2113 2220 2144 ecclesie

1201 2184 1224 2202 S.
1247 2172 1428 2206 Aadonmri,
1447 2171 1629 2201 florinensis
1643 2170 1779 2200 diocesis.
1794 2170 1876 2200 Hiis
1889 2179 1952 2208 que
1970 2170 2052 2199 liunt
2065 2185 2112 2198 —.
2128 2168 2215 2198 Sane

1172 2245 1173 2255 1
1201 2226 1391 2265 exposuisti
1410 2225 1508 2255 nobis
1522 2225 1610 2263 quod
1629 2224 1739 2254 felicis
1756 2223 2003 2253 recordationis
2023 2221 2216 2252 Alexander

1202 2289 1300 2318 papa,
1326 2279 1546 2318 predecessor
1574 2280 1700 2313 noster,
1722 2285 1901 2316 personam
1927 2278 2020 2306 tuam
2050 2278 2118 2305 tam
2143 2283 2219 2313 pro-

1202 2333 1286 2372 priis
1305 2341 1406 2371 quam
1429 2333 1681 2361 antecessorum
1708 2332 1842 2360 tuorum
1863 2329 1996 2359 meritis
2022 2328 2093 2357 sedi
2119 2335 2217 2366 apos·

1201 2387 1301 2417 tolice
1326 2385 1521 2424 gratiosam,
1540 2384 1680 2422 cupiens
1707 2383 1885 2418 honorare,
1908 2381 2093 2412 venerabili
2116 2379 2213 2410 fratri

1202 2441 1317 2470 nostro
1341 2463 1346 2469 .
1371 2464 1376 2469 .
1399 2461 1406 2474 ,
1434 2438 1592 2477 epist-opo
1620 2436 1834 2472 Abi-incensi,
1862 2438 1893 2465 et
1919 2435 2041 2465 dilecto
2071 2434 2164 2464 filio.
2185 2459 2191 2464 .
2210 2454 2218 2467 ,

1202 2493 1307 2532 priori
1329 2501 1355 2522 s.
1373 2491 1475 2529 Eligit
1492 2490 1712 2526 Parisiensis,
1733 2498 1813 2519 suas
1831 2488 1957 2519 direxit
1975 2488 2111 2518 litteras
2131 2487 2220 2517 inter

1203 2548 1313 2576 cetera
1331 2545 1542 2575 continentes
1561 2546 1597 2574 ut
1618 2543 1683 2582 ipsi
1707 2542 1760 2572 vel
1778 2551 1896 2572 eorum
1915 2541 2001 2572 alter
2021 2549 2081 2580 per
2109 2549 2146 2570 se
2166 2539 2220 2570 vel

1202 2608 1261 2639 per
1279 2599 1383 2629 alium
1403 2607 1462 2628 seu
1485 2598 1571 2628 alios
1588 2597 1651 2627 tibi
1675 2597 1709 2626 in
1726 2604 1828 2635 regno
1847 2595 1990 2625 Francie
2008 2594 2048 2624 de
2067 2592 2219 2632 preposi-

1202 2656 1278 2684 tura
1314 2652 1365 2682 vel
1401 2651 1676 2682 archidiaconatu
1713 2658 1773 2679 seu
1810 2648 2023 2678 thesauraria
2060 2647 2112 2677 vel
2152 2646 2220 2677 alia

1203 2706 1433 2737 ecclesiastica
1457 2704 1632 2743 dignitatev
1660 2703 1688 2732 si
1710 2705 1788 2733 tunc-
1810 2701 1951 2731 vacabat
1974 2701 2027 2730 vel
2047 2699 2218 2739 quampri-

1203 2768 1295 2789 mum
1313 2759 1353 2789 ad
1370 2759 1402 2788 id
1421 2767 1456 2788 se
1474 2758 1616 2787 sat-ultas
1634 2757 1779 2791 otl'erret,
1800 2755 1840 2785 ad
1859 2755 2101 2794 cujuscumque
2119 2752 2219 2783 colla-

1202 2813 1341 2846 tionem,
1364 2812 1562 2841 electionem
1576 2810 1628 2840 vel
1642 2808 1928 2848 presentationem
1947 2807 2123 2846 spectaret.
2141 2813 2217 2835 vum

1203 2874 1282 2896 cura
1297 2865 1348 2895 vel
1364 2865 1436 2895 sine
1453 2873 1543 2896 rura,
1562 2862 1740 2901 providere
1757 2863 1925 2896 curarent,
1940 2867 2119 2890 reservans
2130 2858 2218 2888 idern

1203 2919 1420 2958 predecessor
1444 2916 1637 2956 lmJusmodi
1664 2915 1914 2954 preposituram
1940 2913 1993 2943 vel
2015 2911 2218 2943 archidiaco-

1203 2974 1318 3003 natum
1349 2980 1409 3002 seu
1442 2969 1688 3001 thesaurariam
1715 2968 1785 2998 sive
1815 2967 1917 2997 aliam
1950 2965 2216 2996 ecclesiasticam
