2547 3289
278 182 336 211 170

318 273 333 292 «
356 287 361 292 .
380 287 384 292 .
405 262 637 302 arr-liiepisvopn
656 261 846 290 Palma-ensi.
875 262 958 291 Ceca
983 261 1094 290 cordis
1118 261 1288 299 cupiditas

276 318 309 347 et
335 315 536 345 ambitiosus
566 314 689 343 inentis
723 314 862 343 affectus
895 314 942 343 sic
971 313 1152 343 nonnullos
1188 323 1289 352 super

276 368 532 399 cansniicatnnin
553 369 580 396 et
602 366 850 404 prebendarum
878 367 1092 397 assecutione
1114 367 1289 396 insatiabi-

276 421 327 452 le„-
347 421 537 455 ‹xfflxs-tqwnn,
559 420 660 458 quod,
688 420 775 449 sicut
798 419 949 449 exhibita
977 419 1074 449 nobis
1095 421 1152 450 tna
1170 420 1288 458 petitio
1318 418 1319 445 l

1319 354 1321 373 i

277 473 479 504 continebat.
508 482 566 511 per
590 472 778 511 improbam
807 473 910 502 immo
937 472 1113 511 reprobam
1136 473 1287 511 ipsorum
1318 479 1319 500 1

276 527 398 557 instant
409 526 583 561 iam,ultra
595 525 861 561 duo‹lecim‚tam
878 526 1076 555 anctoritate
1088 526 1178 556 sedis
1193 535 1288 564 apos-
1318 508 1319 535 i

275 579 375 609 tolicc
393 588 492 617 quam
512 580 604 608 motu
628 579 765 617 proprio
785 579 1062 617 predecessorum
1093 582 1226 609 tuorum
1256 581 1285 609 et

275 631 415 670 capituli
433 631 647 661 Patracensis
665 631 696 660 in
711 631 906 661 patracensi
923 632 1076 667 ecclesia,
1092 632 1199 670 inqua
1214 641 1286 670 pre-

274 683 461 713 bendarum
492 684 628 714 collatio
652 684 692 714 ad
717 685 749 714 te
775 685 932 722 pertinet,
954 686 985 714 et
1012 685 1044 714 in
1064 694 1129 723 qua
1155 686 1285 715 tantum

274 738 417 777 quartus
434 737 584 767 decimus
602 736 742 767 liabetur
757 746 918 767 numerus
936 737 1194 776 prebendarum,
1213 738 1285 768 nul-

273 790 318 820 lis
339 790 370 819 in
389 799 427 820 ea
444 790 626 828 prebendis
644 790 854 827 vacantibus,
869 790 901 820 in
924 791 1045 821 fratres
1059 793 1091 821 et
1107 792 1286 821 canonicos

273 844 353 873 sunt
388 843 524 881 recepti,
558 843 746 882 prebendas
777 844 883 873 adhuc
912 846 1128 882 expectantes
1160 844 1285 874 ibidem

273 905 417 936 quorum
439 896 543 935 aliqui
572 896 703 926 litteras
727 897 996 927 confirmationis
1020 897 1054 927 in
1074 897 1183 927 forma
1201 907 1285 928 com-

272 949 367 979 muni
387 958 489 987 super
505 949 696 988 receptione
716 958 777 979 sua
790 950 946 980 dicuntur
963 960 980 980 a
999 950 1077 980 sede
1099 951 1286 989 apostolica

272 1002 486 1041 impetrasse.
512 1002 582 1032 Hec
604 1003 773 1041 siquidem
793 1003 981 1041 expectatio
1008 1005 1056 1034 tot
1072 1005 1283 1042 receptorum
1313 995 1315 1031 i

271 1053 306 1083 in
326 1054 442 1083 eadem
470 1053 612 1084 ecclesia
635 1053 895 1092 quampluribus
918 1054 1005 1092 parit
1029 1055 1225 1084 scandalum
1252 1056 1284 1085 et

270 1106 446 1137 horrorem
464 1106 604 1143 inducit,
620 1106 844 1146 morbumque
862 1107 1034 1137 letiferum
1051 1107 1195 1138 latenter
1208 1116 1284 1137 con-

266 1160 350 1190 tinet
369 1160 401 1189 in
419 1160 542 1190 salutis
561 1160 778 1198 dispendium
794 1161 989 1196 eorundem,
1010 1161 1090 1190 dum
1105 1161 1137 1190 in
1155 1164 1283 1199 presto-

266 1213 368 1243 lando
383 1213 617 1251 proximorum
633 1213 954 1252 interituni‚jugite1·
969 1214 1039 1244 illis
1056 1215 1235 1245 succedere
1248 1215 1281 1244 in

266 1266 448 1305 prebendis
479 1268 510 1296 et
541 1267 640 1296 anxie
669 1266 863 1296 desiderant
894 1268 925 1296 et
955 1267 1140 1305 pernitiose
1171 1269 1282 1306 suspi—

266 1322 353 1350 rant.
385 1320 494 1355 Quare
522 1319 698 1350 humiliter
722 1319 859 1358 petebas
879 1329 897 1349 a
919 1320 1017 1350 nobis
1041 1323 1075 1350 ut
1105 1321 1281 1359 providere

267 1381 370 1410 super
389 1372 449 1402 hoc
474 1374 612 1411 paterna
641 1373 870 1403 sollicitudine
898 1382 1105 1403 curaremus.
1130 1374 1200 1404 Nos
1223 1374 1282 1404 ita-

266 1434 343 1464 que,
363 1425 461 1463 digne
487 1425 640 1456 volentes
656 1427 691 1455 ut
708 1426 778 1455 illis
804 1426 861 1464 qui
889 1435 948 1464 pro
973 1427 1186 1457 assecutione
1211 1436 1283 1465 pre-

264 1478 453 1509 bendarum
479 1478 631 1517 ipsarum
664 1478 726 1508 sub
751 1478 809 1508 tali
836 1479 1070 1517 expectatione
1089 1479 1280 1517 tabescunt,

266 1531 452 1562 salubriter
469 1531 676 1567 consulatur,
694 1531 824 1570 tibique
842 1540 878 1561 ac
898 1531 1007 1562 eidem
1027 1533 1168 1563 ecclesie
1188 1534 1282 1572 pacis

267 1586 299 1616 et
326 1584 588 1623 tranquillitatis
615 1585 830 1615 commodum
858 1587 1068 1623 procuretur,
1097 1586 1283 1625 apostolica

266 1638 482 1677 providentia
504 1638 663 1667 duximus
682 1638 917 1672 ordinandum,
940 1639 1029 1677 quod
1045 1639 1084 1669 de
1103 1640 1151 1670 sic
1170 1648 1282 1678 recep—

266 1691 312 1721 tis
336 1691 535 1721 auctoritate
558 1692 674 1720 nostra
692 1699 822 1728 omneS,
843 1692 874 1721 et
891 1691 956 1721 duo
975 1692 1015 1722 de
1032 1693 1191 1723 mandato
1211 1701 1283 1731 pre-

267 1744 484 1775 decessorum
513 1746 708 1774 nostrorum
727 1745 864 1783 recepti,
895 1754 979 1784 quos
1002 1746 1110 1775 eidem
1140 1746 1281 1776 ecclesie

267 1797 377 1836 magis
403 1798 506 1828 utiles
530 1806 604 1827 esse
625 1798 772 1833 noveris,
801 1799 997 1828 remaneant
1018 1799 1051 1828 in
1069 1799 1198 1830 eadem.
1219 1800 1282 1830 Re-

267 1851 441 1890 ceptiones
455 1852 567 1881 autem
584 1851 689 1881 factas
702 1851 741 1881 de
753 1851 895 1891 reliquis
910 1853 943 1881 in
960 1852 1032 1891 ipsa
1048 1852 1203 1890 ecclesia,
1215 1862 1281 1883 non
1311 1859 1312 1881 t

268 1903 483 1934 obstantibus
501 1904 662 1943 predictis
681 1904 817 1941 litteris,
837 1905 973 1943 penitus
997 1914 1207 1941 revocamus,
1227 1906 1281 1936 de-

268 1959 444 1987 cernentes
467 1959 498 1987 te
529 1958 569 1987 ad
595 1958 825 1995 provisionem
851 1958 1046 1996 hujusmodi
1069 1959 1280 1997 reliquorum

269 2010 485 2049 aliquatenus
500 2019 565 2040 non
581 2011 700 2040 teneri.
712 2011 807 2041 Nulli
826 2020 904 2051 ergo
916 2013 1030 2041 nostre
1043 2012 1278 2049 ordinationis,

269 2063 496 2094 revocationis
524 2065 555 2094 et
580 2064 845 2101 constitutionis,
871 2066 931 2095 etc.
960 2065 1083 2095 Datum
1113 2065 1202 2104 apud
1222 2066 1282 2096 Ur-

267 2115 508 2154 bemveterem,
530 2126 551 2146 x
570 2117 732 2147 kalendas
753 2117 968 2156 septembris,
992 2126 1078 2148 anno
1099 2118 1155 2149 110.
1176 2128 1190 2147 »

357 2286 430 2317 356
832 2285 956 2316 Orvicto,
972 2287 1005 2312 27
1016 2285 1111 2321 juillet
1133 2287 1207 2313 1203.

301 2369 472 2395 Abbatissae
495 2371 522 2395 et
542 2369 696 2396 conventui
719 2377 850 2396 sororum
868 2369 1011 2396 Minoi-um
1032 2369 1206 2396 monasterii
1228 2370 1279 2397 Hu-

265 2417 398 2444 militatis
415 2419 441 2444 l).
459 2418 575 2446 Mariae.
592 2417 765 2445 Parisieusis
780 2419 913 2449 diocesis,
933 2419 1064 2453 regulam
1085 2427 1100 2444 a
1118 2427 1148 2445 se
1167 2427 1280 2446 correc-

262 2468 324 2493 tam
345 2467 487 2498 concedit,
513 2470 612 2494 tenore
630 2467 760 2503 ejusdcm
777 2467 896 2494 inserto.
915 2468 1009 2503 (Item,
1026 2469 1071 2496 26,
1093 2468 1143 2495 t‘ol.
1167 2468 1229 2495 117.
1247 2473 1279 2494 11⁰
1309 2472 1310 2517 t

260 2515 326 2548 218,
342 2516 488 2543 Pori-uasa*
508 2516 620 2551 18000.)
1309 2520 1310 2523 ’

1309 2360 1311 2382 t

1309 2390 1310 2465 l

301 2628 318 2648 «
338 2644 344 2650 .
358 2642 364 2648 .
385 2619 533 2650 abbatisse
549 2625 575 2649 et
592 2621 754 2650 conventui
768 2629 904 2650 sororum
920 2620 1073 2650 Minorum
1093 2620 1277 2651 inclusarum
1307 2628 1309 2664 t

260 2673 438 2702 monasterii
457 2672 648 2702 Humililacz's
665 2673 692 2702 b.
712 2673 823 2710 Mai-ie,
843 2673 1026 2703 Parisionsis
1048 2673 1186 2704 diocesis.
1213 2675 1276 2706 Re-

259 2723 399 2763 ligionis
422 2729 638 2765 augmentum
666 2734 704 2757 eo
720 2744 771 2756 --.
795 2727 920 2757 Datum
947 2727 1035 2766 apud
1061 2726 1275 2758 Urbemvete-
1306 2741 1308 2767 J

258 2784 344 2814 rem,
366 2787 396 2808 vi
416 2778 578 2809 kalendas
595 2779 742 2819 augusti,
761 2788 848 2810 anno
862 2780 921 2810 11⁰.
943 2789 959 2810 ι)
1306 2787 1307 2822 t

1305 2849 1307 2861 l

1039 178 1284 209 REGISTRES
1305 179 1519 210 D'URBAIN
1545 179 1601 210 IV.

1441 264 1512 293 3237
1926 264 2052 298 Ori-teto,
2077 266 2107 293 18
2125 269 2191 294 nont
2212 268 2287 295 1203.

1387 339 1488 366 Abbati
1517 339 1732 375 Aspiicinetcusi
1761 342 1881 368 mandat
1905 344 1934 368 ut
1958 343 2136 370 monasterio
2161 344 2189 371 S.
2213 345 2312 372 Beriae
2331 347 2365 373 de

1353 388 1514 422 Blaugiaco,
1545 389 1715 415 Moriucnsis
1745 389 1880 423 diocesis,
1911 398 1996 416 onere
2023 390 2185 418 debitorum
2215 401 2360 427 oppresso,

1318 463 1319 471 ἵ
1351 437 1498 470 providere
1515 439 1603 463 curet.
1625 438 1702 468 nuzo.
1718 440 1762 469 20,
1777 439 1856 466 anni.
1875 438 1894 464 11
1911 444 1940 464 n'2
1956 440 2017 470 210,
2035 439 2084 467 sol.
2104 441 2153 467 120
2169 441 2223 474 νῦ.)

1391 550 1404 568 ι(
1428 564 1447 570 ..
1472 540 1577 569 abbati
1598 541 1838 580 Aquicinclensi,
1860 542 2069 572 Atrebacensis
2091 543 2229 575 diocesis.
2255 545 2367 576 Dilec-

1349 594 1403 623 tus
1427 593 1556 630 tilius..,
1586 594 1691 624 abbas
1715 596 1912 626 monasterii
1936 606 1963 626 s.
1994 597 2091 626 Berte
2111 597 2151 627 de
2168 597 2363 637 Blangiaco,

1349 647 1479 677 ordinis
1505 656 1532 677 s.
1560 648 1745 683 Benedicti,
1770 649 1974 679 Morinensis
1999 650 2156 685 diocesis,
2185 660 2246 681 sua
2267 651 2366 682 nobis

1348 700 1509 738 petitione
1540 701 1742 731 monstravit
1775 702 1864 740 quod
1897 703 2086 741 predictum
2118 704 2365 735 monasterium

1346 754 1438 783 tanto
1451 754 1616 792 premitur
1632 763 1732 784 onere
1749 754 1952 791 debitorum,
1970 756 2071 794 quod,
2092 756 2159 786 nisi
2172 766 2232 796 per
2247 758 2362 788 sedem

1348 805 1569 844 apostolicam
1591 806 1747 836 celeriter
1770 810 1986 838 succurratur
2009 808 2130 845 eidem,
2153 809 2212 839 vix
2230 809 2363 841 adicere

1347 859 1471 897 poterit
1494 861 1529 889 ut
1554 862 1718 898 resurgat,
1747 862 1777 890 et
1800 869 1981 890 usurarum
2011 870 2133 900 vorago
2154 862 2265 900 ipsius
2288 862 2367 893 sub-

1347 912 1506 942 stantiam
1533 912 1745 949 absorbebit3
1772 916 1909 952 propter
1939 915 2028 953 quod
2056 915 2228 954 predictus
2255 916 2362 947 abbas

1346 965 1444 996 nobis
1458 965 1631 996 humiliter
1644 967 1848 1005 supplicant
1860 969 1893 998 ut
1905 968 2014 998 eidem
2030 969 2237 999 monasterio
2252 970 2364 1008 provi-

1345 1019 1423 1049 dere
1446 1028 1548 1057 super
1571 1019 1631 1049 hoc
1654 1021 1791 1058 paterna
1811 1021 2040 1051 sollicitudine
2059 1029 2267 1052 curaremus.
2290 1023 2362 1054 Nos

1344 1072 1448 1111 igitur
1465 1072 1504 1103 de
1519 1074 1575 1102 tua
1591 1073 1894 1112 circumspectione
1911 1074 2046 1113 plenam
2065 1075 2098 1105 In
2118 1075 2264 1106 Domino
2281 1076 2363 1106 fidu·

1345 1127 1431 1156 ciam
1445 1126 1649 1163 obtinentes,
1667 1127 1866 1158 discretioni
1880 1130 1936 1158 tue
1956 1137 2015 1167 per
2033 1129 2220 1167 apostolica
2235 1130 2363 1169 scripta

1344 1179 1545 1210 mandamus
1568 1180 1741 1218 quatinus,
1762 1181 1791 1210 si
1814 1182 1864 1211 est
1883 1181 1941 1215 ita,
1965 1182 2144 1212 universos
2162 1182 2315 1213 redditus
2332 1185 2363 1214 et

1344 1234 1528 1270 proventus
1560 1232 1669 1271 ipsius
1696 1233 1895 1263 monasterii
1927 1233 2072 1264 fideliter
2100 1234 2214 1273 colligi
2242 1235 2360 1271 facias,

1343 1285 1583 1324 assignataque
1602 1295 1643 1315 ex
1659 1286 1709 1315 eis
1731 1285 1843 1316 abbati
1859 1286 2008 1324 predicto
2021 1290 2053 1317 et
2068 1287 2200 1317 decenti
2218 1295 2360 1318 numero

1343 1338 1596 1374 monachorum,
1615 1338 1740 1368 ibidem
1756 1347 1815 1377 per
1829 1340 1861 1369 te
1878 1339 1919 1368 ad
1933 1340 2151 1370 serviendum
2166 1340 2276 1371 eidem
2291 1350 2362 1371 mo-

1343 1391 1492 1421 nasterio
1503 1391 1707 1430 deputando,
1720 1400 1779 1430 pro
1792 1391 2064 1423 substentatione
2075 1392 2227 1431 ipsorum
2239 1395 2271 1424 et
2285 1402 2362 1433 pro—

1343 1445 1520 1474 movendis
1533 1445 1644 1483 ipsius
1655 1445 1854 1475 monasterii
1867 1445 2024 1484 negotiis,
2037 1455 2185 1485 congrua
2193 1447 2361 1485 portione,

1342 1505 1402 1535 per
1419 1498 1451 1527 te
1472 1497 1526 1527 vel
1548 1505 1608 1536 per
1631 1497 1736 1527 alium
1754 1500 1932 1528 convertas
1953 1498 2142 1535 residuum,
2161 1499 2276 1529 usuris
2295 1508 2364 1530 om-

1343 1550 1423 1580 nino
1436 1550 1662 1586 cessantibus,
1679 1550 1712 1580 in
1727 1551 1934 1581 solutionem
1947 1551 2143 1590 hujusmodi
2155 1552 2360 1590 debitorum,

1343 1603 1405 1640 eis,
1423 1605 1523 1642 prout
1543 1603 1675 1642 justum
1700 1604 1813 1640 fuerit,
1833 1604 2072 1636 satisfaciendo
2094 1605 2268 1644 primitus,
2284 1614 2363 1636 cum

1343 1656 1468 1695 quibus
1490 1657 1681 1695 predictum
1708 1657 1956 1688 monasterium
1983 1658 2094 1697 primo
2123 1659 2221 1689 duxit
2247 1658 2363 1698 hujus-

1344 1710 1435 1740 modi
1453 1710 1566 1740 debita
1586 1710 1824 1746 contrahenda,
1849 1719 1910 1741 nec
1932 1712 2112 1750 permittas
2137 1712 2274 1743 interim
2293 1712 2362 1743 dic-

1342 1763 1415 1792 tum
1435 1762 1591 1793 abbatem
1611 1764 1642 1793 et
1661 1765 1864 1794 conventum
1881 1764 2033 1803 ejusdem
2046 1765 2246 1795 monasterii
2260 1773 2362 1804 super

1342 1815 1409 1845 hiis
1429 1815 1469 1845 ab
1487 1815 1661 1854 aliquibus
1685 1816 1871 1853 molestari,
1897 1817 2134 1848 molestatores
2162 1820 2224 1848 etc.
2253 1826 2362 1857 usque

1311 1889 1312 1900 1
1344 1869 1600 1907 compescendo.
1634 1869 1800 1908 Reliquos
1834 1871 1947 1900 autem
1986 1871 2127 1909 predicti
2163 1871 2362 1901 monasterii

1311 1946 1312 1949 ,
1343 1921 1525 1952 monachos
1550 1922 1584 1951 in
1610 1922 1688 1952 aliis
1714 1923 1932 1953 monasteriis
1959 1923 2112 1962 ejusdem
2142 1923 2285 1960 ordinis,
2303 1923 2362 1954 ubi

1344 1975 1467 2005 melius
1495 1976 1654 2013 expedire
1682 1976 1822 2012 videris,
1853 1977 2053 2007 auctoritate
2080 1979 2195 2007 nostra
2224 1977 2362 2007 studeas

1343 2027 1519 2058 collocare.
1539 2028 1613 2058 Non
1633 2028 1788 2059 obstante
1806 2029 1835 2058 si
1853 2047 1901 2058 —.
1920 2030 2081 2060 Invocato
2097 2032 2158 2060 etc.
2176 2046 2215 2052 —
2233 2029 2360 2060 Datum

1343 2081 1432 2120 apud
1457 2080 1746 2118 Urbemveterem,
1771 2091 1813 2111 xv
1837 2082 2002 2112 kalendas
2031 2082 2246 2121 septembriS,
2273 2091 2360 2114 anno

1310 2142 1312 2159 i
1344 2134 1503 2165 secundo.
1526 2144 1541 2163 »

1431 2320 1503 2351 358
1940 2320 2066 2351 Orricto,
2088 2322 2103 2346 Τ
2120 2322 2187 2347 aout
2207 2321 2284 2349 1263.

1378 2399 1559 2431 Riccardum,
1577 2398 1715 2426 comitem
1734 2399 1904 2430 Cornubiae,
1923 2407 2034 2426 necnon
2059 2402 2086 2427 et
2107 2400 2298 2435 Alpbonsum,
2316 2407 2360 2428 re-

1341 2456 1407 2483 gem
1425 2448 1577 2479 Castelhm,
1601 2447 1629 2474 in
1650 2455 1732 2482 reges
1751 2448 1946 2475 Romanorum
1961 2448 2068 2476 electos
2085 2449 2277 2476 nominandos
2295 2457 2358 2477 esse

1340 2496 1456 2524 diffinit.
1477 2497 1556 2532 (nm.
1575 2498 1619 2528 26,
1636 2502 1666 2523 12⁰
1680 2498 1743 2529 220,
1762 2497 1811 2524 sol.
1831 2497 1880 2524 120
1895 2503 1931 2524 v0.
1951 2497 2100 2525 PorrnAsr
2124 2497 2233 2533 18019.)

1381 2610 1396 2629 ((
1412 2600 1573 2639 Diffinilio
1592 2601 1672 2630 inter
1683 2601 1800 2640 fratres
1813 2611 1905 2641 super
1919 2601 2125 2632 nominatione
2143 2600 2306 2632 electorum
2324 2601 2357 2632 in

1339 2654 1562 2693 imperatorem.
1593 2653 1756 2685 Ordinato
1780 2662 1888 2694 nuper
1911 2655 2046 2694 imperii
2074 2655 2221 2695 negotio,
2238 2656 2351 2694 prout,

1338 2707 1564 2738 consideratis
1587 2707 1769 2746 diligenter
1791 2707 2014 2747 petitionibus
2041 2708 2190 2748 partium
2216 2708 2355 2739 vestris-

1306 2775 1307 2779 =
1338 2769 1402 2799 que
1428 2760 1594 2797 consiliis,
1624 2761 1833 2791 credidimus
1853 2761 2025 2800 expedire,
2052 2760 2218 2792 dubitatio
2235 2760 2355 2792 incidit

1337 2822 1403 2852 quo
1424 2813 1524 2844 titulo
1547 2814 1688 2853 uterque
1715 2814 1756 2844 ad
1780 2813 1870 2844 idem
1895 2814 2077 2854 imperium
2106 2813 2291 2845 electorum
2317 2813 2352 2844 in

1337 2866 1465 2897 nostris
1481 2866 1607 2897 litteris
1628 2866 1670 2897 sit
1691 2867 1891 2898 censendus.
1917 2867 1982 2898 Pro
2002 2868 2097 2906 parte
2116 2866 2286 2906 siquidem
2301 2866 2352 2898 di·
