2547 3289
340 261 397 290 464

339 352 404 373 non
428 341 528 371 fuerit
546 340 633 369 infra
651 339 813 368 statutum
840 346 858 365 a
876 335 1024 374 predicto
1043 334 1205 364 cardinali
1231 334 1348 364 termi-

340 404 430 428 num,
452 402 527 423 cum
545 391 701 430 potuerit,
722 390 911 428 prosecuta,
932 387 971 417 de
991 387 1133 417 fratrum
1154 388 1347 417 nostrorum

340 447 481 478 consilio
501 444 699 475 auctoritate
725 441 911 480 apostolica
939 441 1190 476 confirmamus,
1217 441 1247 469 et
1276 448 1349 477 pre-

340 500 457 533 5011115,
477 500 552 533 etc.,
574 504 678 534 usque
696 494 957 525 communimus.

379 553 542 582 Tenorem
562 547 778 579 instrumenti
790 547 941 586 ejusdem
957 545 1173 585 presentibus
1189 546 1228 575 de
1245 545 1347 576 verbo

340 606 378 635 ad
397 604 536 635 verbum
553 602 656 632 inseri
678 601 848 636 facientes,
869 599 925 638 qui
944 599 1023 629 talis
1041 601 1111 629 est:

379 668 393 687 «
415 658 451 687 [n
475 656 611 686 nomine
626 654 762 685 Domini
787 661 896 683 anien.
917 652 1053 683 Dudum
1080 652 1166 682 inter
1185 652 1349 681 discretos

340 729 387 741 —.
410 710 566 740 'l‘ulimus
590 708 673 737 113110
692 707 893 737 sententiam
917 706 1004 744 apud
1024 705 1300 735 Urbemveterem
1316 705 1348 734 in

341 772 473 794 camera
490 763 617 797 nostra,
634 760 849 799 presentibus
869 758 1013 789 testibus
1026 759 1067 789 ad
1084 758 1145 789 1100
1157 758 1284 788 vocatis
1299 758 1351 787 Ja-

341 817 422 847 00110
441 816 480 846 (10
496 815 677 853 Thonengo
694 813 822 844 domini
838 821 922 851 pape
942 812 1150 850 cappellano,
1167 811 1351 841 Gruillelmo

342 869 575 900 archidiacono
595 867 789 906 Yporiensi,
812 865 975 905 magistro
996 865 1166 895 Bernardo
1189 864 1350 895 archidia-

342 922 425 953 co'no
447 921 644 956 Varacensi‚
670 919 844 958 magistris
870 918 1009 949 Alberto
1027 917 1142 948 Azarii
1161 919 1193 947 et
1216 917 1353 947 Bartho-

344 976 453 1006 lomeo
472 975 512 1005 de
529 974 636 1013 Regio
652 974 802 1004 Romane
821 972 912 1002 curie
931 972 1114 1008 advocatis,
1131 973 1164 1001 et
1182 971 1353 1001 Carrando

344 1027 635 1067 archipresbytero
645 1027 685 1057 de
692 1026 814 1063 Grana,
826 1025 983 1056 Astensis
997 1024 1154 1061 diocesis,
1165 1026 1197 1054 et
1211 1024 1353 1062 prefatis

345 1082 571 1112 Bonincuntro
598 1082 630 1110 et
656 1079 839 1110 Guillelmo
863 1079 902 1108 de
929 1079 1069 1117 Templo
1096 1087 1133 1108 ac
1155 1077 1287 1108 Matheo
1314 1077 1354 1107 de

344 1135 472 1165 Narnia
496 1134 552 1173 qui
576 1133 782 1163 substitutus
803 1132 913 1162 fuerat
939 1140 957 1161 a
980 1131 1068 1161 dicto
1093 1130 1289 1161 Guillelmo,
1315 1130 1354 1160 In

345 1188 440 1226 cujus
459 1187 506 1217 rei
532 1186 766 1217 testimonium
787 1187 818 1215 ct
842 1185 998 1215 notitiam
1019 1183 1356 1223 premissorumjpre-

346 1242 474 1271 sentem
501 1239 705 1270 sententiam
729 1239 800 1268 sive
825 1237 1135 1277 pronuntiationem
1155 1245 1214 1275 per
1236 1236 1357 1266 infras-

345 1295 490 1332 criptum
505 1292 723 1324 tabellionem
738 1293 891 1322 nostrum
906 1291 1007 1321 scribi
1028 1293 1059 1321 et
1081 1290 1248 1330 publicari
1265 1298 1358 1320 man-

345 1347 501 1376 davimus
516 1348 547 1376 et
561 1345 667 1385 sigilli
685 1345 791 1375 nostri
810 1344 1014 1384 appensione
1033 1343 1170 1380 muniri,
1190 1343 1252 1373 sub
1270 1351 1356 1372 anno

346 1400 482 1430 Domini
502 1398 730 1430 M.CC.LXIII
756 1398 809 1428 die
834 1399 930 1428 sexto
953 1397 1109 1427 exeuntis
1128 1396 1287 1432 octobris,
1307 1396 1356 1425 in-

345 1453 491 1483 dictione
520 1461 577 1487 vn,
610 1451 828 1490 pontificatus
857 1451 985 1481 domini
1014 1449 1143 1481 Urbani
1176 1458 1260 1488 pape
1287 1449 1354 1480 IIII

346 1514 432 1535 anno
452 1505 560 1535 tertio.
577 1504 645 1543 Ego
661 1504 759 1534 Paris
772 1503 842 1542 (sic)
856 1503 895 1533 de
909 1503 1057 1541 Spoleto‚
1076 1503 1227 1532 notarius
1246 1502 1356 1541 publi-

345 1567 415 1594 cus,
432 1558 613 1597 prolationi
624 1557 810 1596 prescripte
828 1556 992 1587 sententie
1006 1555 1144 1586 interfui
1155 1557 1187 1586 et
1197 1555 1354 1586 mandato

345 1611 486 1649 predicti
510 1611 636 1640 domini
657 1610 852 1646 cardinalis,
874 1611 908 1639 ut
933 1618 1036 1648 supra
1062 1609 1196 1648 legitur,
1219 1609 1352 1647 scripsi,

346 1664 514 1702 publicavi
533 1665 564 1694 et
582 1672 656 1694 meo
675 1665 810 1694 assueto
828 1663 924 1702 signo
943 1663 1085 1702 signavi.
1105 1672 1122 1693 »

385 1717 478 1747 Nulli
502 1725 580 1756 ergo
598 1718 710 1747 nostre
736 1716 1015 1753 confirmationis,
1035 1717 1097 1747 etc.
1118 1716 1241 1746 Datum
1267 1716 1355 1754 apud

346 1770 635 1806 Urbemveterem,
648 1770 806 1800 kalendis
825 1769 1026 1806 decembris,
1048 1778 1135 1799 anno
1154 1769 1294 1799 tertio.»

434 1940 507 1971 968
833 1937 958 1969 Orvicto,
983 1939 1020 1964 10r
1036 1938 1188 1965 decembre
1204 1939 1281 1965 1203.

381 2022 483 2049 Abbati
500 2031 523 2049 5,
541 2022 686 2048 Laurentii
701 2022 782 2056 juxta
801 2021 969 2047 Tridentum
986 2022 1103 2047 mandat
1124 2021 1258 2055 quatinus
1277 2029 1355 2055 prae-

345 2071 452 2098 dictam
478 2071 652 2097 sententiam
673 2070 833 2097 executioni
859 2070 1046 2096 demandans.
1074 2069 1299 2096 Bonincuntrnin
1326 2070 1355 2096 in

345 2119 559 2154 possessionem
574 2118 712 2146 ecclesiae
734 2127 758 2145 5.
778 2119 880 2145 Mariae
897 2119 931 2145 de
947 2118 1047 2145 (1110101-
1066 2119 1192 2145 reducat.
1211 2119 1292 2151 (itan.
1309 2118 1354 2150 29,

346 2169 394 2195 sol.
419 2170 459 2199 ll,
475 2174 505 2194 11⁰
522 2169 575 2203 111.)

385 2284 401 2304 1(
419 2274 441 2303 Α
451 2274 531 2303 ὸύαῑῖ
545 2284 568 2302 s.
587 2274 843 2312 Laurentie'juoeca
862 2272 1052 2303 Tridentum.
1073 2273 1237 2312 Exposuit
1256 2272 1355 2303 nobis

345 2327 488 2357 dilectus
505 2344 554 2357 ——.
574 2327 698 2357 Datum
717 2327 805 2365 apud
823 2325 1279 2362 Urbemveterem,kalendis
1299 2326 1353 2356 (10-

345 2379 502 2416 cembris,
524 2388 610 2410 anno
627 2379 739 2410 tertio.
760 2391 774 2406 11

435 2544 508 2573 5)ssss
840 2539 964 2569 ervicto,
983 2539 1015 2566 21
1032 2540 1183 2566 decembre
1205 2541 1280 2568 1203.

381 2624 505 2651 111-1101110
532 2624 678 2659 Maynerii,
696 2632 712 2650 a
733 2622 913 2657 possessione
939 2623 1086 2658 cujusdam
1115 2624 1242 2651 beneficii
1266 2625 1295 2650 in
1313 2632 1356 2651 00-

346 2678 432 2704 010513
455 2688 477 2705 s.
507 2677 629 2704 Victoris
650 2678 685 2704 ad
705 2676 859 2703 Theatrum
880 2675 1089 2703 Mediolanensc
1109 2676 1226 2711 rejecto.
1254 2677 1355 2712 viginti
1385 2696 1386 2699 1

348 2727 458 2753 modios
483 2726 622 2752 mixturae
638 2726 775 2752 annuales
793 2725 914 2753 confert,
936 2725 1079 2752 sententia
1100 2726 1245 2752 Ottoboni,
1267 2726 1357 2753 vurdi-

348 2775 420 2802 1111115
441 2775 551 2801 ‹lim-oni
570 2784 592 2801 s.
616 2774 741 2806 Adriani,
759 2774 936 2801 confirmata.
955 2775 1034 2809 (REG.
1052 2775 1097 2808 20,
1119 2774 1167 2801 fol.
1189 2775 1229 2807 ll,
1248 2779 1279 2801 11ο
1302 2775 1356 2810 17.)

390 2894 403 2911 (ι
425 2881 562 2911 Armilda
577 2880 740 2921 Muynerii,
762 2880 869 2910 clerico
881 2880 1110 2910 Mediolanensi.
1131 2881 1176 2911 Ea
1195 2881 1356 2921 queJudi-

351 2936 401 2964 cio
422 2937 481 2965 etc.
510 2943 616 2973 usque
640 2934 852 2965 communiri.
878 2933 1036 2964 Exhibita
1065 2934 1234 2972 siqnidem
1259 2934 1356 2965 nobis

1090 250 1334 281 REGISTRES
1365 250 1578 281 D'URBAIN
1610 249 1669 279 IV.

1408 335 1466 363 tua
1484 334 1602 373 petitio
1624 332 1815 363 continebat
1835 332 1935 371 quod,
1954 341 2030 362 cum
2053 332 2162 362 felicis
2179 333 2424 364 recordationis

1409 386 1600 417 Alexander
1620 394 1717 424 papa,
1736 385 1955 424 predecessor
1978 386 2104 420 noster,
2125 385 2158 414 in
2175 393 2277 415 causa
2295 394 2358 424 que
2377 386 2425 415 in—

1408 441 1458 469 ter
1476 442 1508 469 te
1525 441 1555 470 et
1571 439 1795 469 Guillelmum
1810 438 2007 472 Crivellum,
2023 437 2183 468 clericum
2196 437 2424 468 Mediolanen-

1409 500 1494 529 sem,
1519 500 1620 530 super
1638 491 1800 521 beneficio
1820 491 1910 530 quod
1928 491 2059 520 vaeavit
2076 499 2135 529 pei¹
2158 493 2303 521 mortem
2320 499 2424 529 quon-

1409 545 1486 575 dam
1515 546 1669 575 Prevosti
1699 544 1918 583 Cagatossici,
1950 544 2063 574 clerici
2086 543 2120 573 in
2147 544 2289 574 ecclesia
2315 544 2425 574 sancti

1409 598 1559 628 Victoris
1587 598 1626 627 ad
1651 598 1835 628 Theatrum
1860 597 2113 627 Mediolanense
2137 598 2209 626 orta
2233 597 2358 630 extitit,
2385 596 2426 627 ad

1411 651 1526 681 sedem
1542 651 1766 690 apostolicam
1783 650 1934 689 legitime
1951 650 2122 685 devoluta,
2137 649 2297 680 dilectum
2315 650 2426 680 tilium

1412 706 1564 734 nostrum
1574 703 1611 734 O.
1619 704 1739 740 ‚sancti
1748 703 1890 733 Adriani
1901 703 2079 733 diaconum
2089 702 2307 739 cardinalem,
2317 702 2427 733 dedis-

1413 759 1461 787 set
1479 756 1632 796 partibus
1651 756 1852 791 auditorem,
1868 755 2017 791 tandem,
2035 755 2094 785 lite
2115 755 2148 785 in
2167 756 2240 794 eJus
2254 755 2427 794 presentia

1413 810 1563 849 legitime
1579 811 1775 845 contestata,
1805 809 1867 839 suit
1883 809 1917 838 in
1935 809 2080 839 eundem
2095 809 2301 839 cardinalem
2320 817 2338 838 a
2350 817 2427 848 pro-

1413 865 1567 894 curatore
1586 865 1655 897 tuo,
1685 863 1831 902 speciale
1847 871 1865 892 a
1886 864 1918 892 te
1946 871 2048 901 super
2064 862 2125 892 hoc
2150 862 2346 892 mandatum
2368 862 2427 892 ha-

1414 917 1524 952 bente,
1537 916 1673 947 nomine
1688 918 1758 952 tuo,
1777 917 1809 946 et
1819 915 1860 945 ab
1870 915 1987 946 eodem
1999 915 2184 946 Guillelmo
2202 915 2428 954 personaliter

1415 978 1517 1008 super
1535 978 1636 999 031153
1656 968 1849 1008 hujusmodi
1870 968 1936 998 alte
1960 970 1991 998 et
2008 968 2120 1004 basse,
2139 968 2332 1007 juramento
2350 968 2428 998 hinc

1415 1023 1492 1053 inde
1515 1023 1669 1061 prestito,
1690 1024 1809 1061 sponte
1829 1030 1866 1052 30
1891 1021 2102 1052 concorditer
2127 1022 2426 1060 compromissum,

1415 1078 1586 1107 reservata
1603 1075 1667 1105 sibi
1686 1075 1928 1106 nichilominus
1942 1075 2124 1113 judiciaria
2137 1077 2315 1114 potestate,
2329 1077 2428 1114 prout

1416 1130 1450 1160 in
1470 1129 1605 1168 publico
1627 1129 1853 1159 instrumento
1872 1128 2023 1158 confecto
2042 1128 2177 1164 exinde,
2195 1128 2331 1166 plenius
2348 1128 2430 1159 dici·

1415 1185 1470 1213 tur
1489 1182 1664 1213 contineri.
1690 1182 1784 1211 Idem
1801 1189 1880 1211 vero
1899 1180 2094 1216 cardinalis,
2121 1182 2291 1219 acceptato
2313 1180 2429 1220 hujus-

1417 1236 1507 1266 modi
1534 1234 1794 1273 compromisso,
1824 1235 1855 1263 et
1879 1242 1896 1263 a
1927 1233 2025 1264 nobis
2059 1234 2194 1264 oraculo
2228 1233 2303 1264 vive
2322 1234 2428 1271 vocis,

1418 1289 1615 1318 anctoritate
1635 1289 1666 1318 et
1684 1287 1825 1326 speciali
1851 1286 2009 1317 mandato
2027 1286 2280 1325 pronuntiandi,
2298 1289 2430 1318 senten—

1417 1341 1536 1377 tiandi,
1556 1340 1744 1371 arbitrandi
1761 1342 1792 1370 et
1811 1339 1989 1370 ordinandi
2001 1339 2275 1378 superbeneficio
2286 1342 2317 1371 et
2330 1349 2432 1371 031153

1417 1394 1590 1433 predictis,
1608 1394 1695 1424 sicut
1713 1393 1777 1423 sibi
1797 1393 1969 1424 videretur
1990 1393 2162 1432 expedire,
2181 1394 2338 1433 receptis,
2357 1402 2432 1425 nec-

1417 1457 1483 1479 non
1510 1448 1606 1484 visis,
1636 1447 1762 1478 auditis
1787 1449 1819 1477 et
1843 1447 2026 1478 intellectis
2053 1447 2210 1478 omnibus
2229 1449 2261 1478 et
2285 1448 2431 1487 singulis

1417 1510 1480 1540 que
1500 1502 1614 1540 partes
1629 1500 1788 1531 exhibere
1800 1508 1913 1530 coram
1930 1508 1968 1530 eo
1985 1502 2015 1530 et
2033 1509 2221 1539 proponere
2236 1500 2428 1538 voluerunt,

1417 1564 1454 1586 ac
1476 1555 1576 1593 plena
1609 1553 1854 1584 deliberatione
1888 1553 2050 1590 adhibita,
2082 1554 2182 1584 dictis
2212 1556 2430 1592 procuratore

1415 1610 1473 1639 tuo
1489 1610 1525 1638 ut
1551 1608 1582 1638 et
1601 1607 1786 1638 Guillelmo
1803 1606 2033 1645 presentibus,
2053 1607 2288 1646 supradictum
2306 1607 2430 1638 benefi-

1416 1662 1506 1692 cium
1528 1660 1712 1692 Guillelino
1737 1660 1941 1700 adJudicavit
1960 1660 2083 1697 eidem,
2105 1660 2218 1699 ipsum
2239 1660 2280 1691 ab
2298 1661 2430 1700 impeti-

1415 1716 1506 1746 tione
1525 1716 1583 1744 tua
1598 1723 1699 1753 super
1716 1714 1805 1744 dicto
1823 1713 1984 1744 beneficio
2001 1712 2219 1744 absolvendo.

1456 1767 1647 1799 Arbitraria
1665 1776 1744 1797 vero
1760 1768 1927 1806 potestate
1945 1768 1977 1797 et
1990 1768 2107 1797 nostra
2125 1767 2325 1798 auctoritate
2340 1767 2429 1798 arbi-

1415 1822 1534 1852 trando
1552 1821 1702 1860 precepit
1722 1821 1753 1850 et
1774 1819 1954 1857 ordinavit,
1973 1820 2064 1859 quod
2083 1821 2121 1850 tu
2138 1818 2262 1851 habeas
2279 1822 2311 1852 et
2323 1821 2432 1860 perci—

1416 1875 1490 1914 pias
1513 1884 1549 1904 ac
1567 1874 1741 1913 percipere
1761 1873 1884 1903 debeas
1903 1873 2025 1913 viginti
2052 1873 2186 1904 modios
2211 1874 2359 1905 mixture
2389 1875 2429 1905 de

1415 1927 1605 1959 redditibus
1615 1927 1767 1966 ejusdem
1776 1926 1944 1963 beneficii,
1961 1926 2060 1957 annis
2070 1926 2228 1966 singulis,
2243 1936 2262 1957 a
2277 1930 2428 1967 tempore

1415 1990 1481 2020 quo
1497 1981 1623 2011 dictum
1641 1980 1842 2010 beneficium
1860 1980 1991 2010 vacavit
2008 1988 2069 2018 per
2083 1981 2226 2010 mortem
2243 1980 2431 2020 supradicti

1415 2034 1582 2068 Prevosti‚
1602 2034 1633 2063 et
1651 2033 1754 2063 etiam
1781 2032 1815 2062 in
1833 2032 1997 2068 futurum,
2018 2041 2195 2071 quousque
2212 2034 2248 2063 tu
2266 2033 2359 2063 aliud
2377 2033 2431 2064 be—

1416 2087 1572 2117 neficium
1595 2094 1679 2124 eque
1705 2085 1831 2115 bonum
1859 2085 1911 2115 vel
1930 2085 2055 2115 melius
2082 2085 2116 2114 in
2139 2085 2272 2124 prefata
2288 2086 2431 2117 ecclesia

1415 2140 1467 2170 vel
1483 2139 1565 2169 alibi
1581 2139 1615 2168 111
1632 2139 1768 2168 civitate
1789 2137 2038 2168 Mediolanensi
2060 2138 2202 2177 adeptus
2219 2139 2324 2169 fueris
2342 2141 2431 2179 paci·

1416 2193 1475 2223 fice
1491 2194 1523 2222 et
1540 2192 1664 2231 quiete,
1680 2192 1778 2230 prout
1797 2191 1832 2220 in
1847 2191 2044 2230 patentibus
2059 2191 2185 2222 litteris
2204 2192 2314 2230 ipsius
2325 2193 2430 2224 cardi-

1416 2246 1504 2276 nalis
1527 2244 1688 2275 confectis
1705 2244 1827 2274 exinde
1851 2252 1886 2273 30
1906 2253 1966 2274 5110
1990 2244 2104 2284 sigillo
2130 2245 2274 2284 signatis
2293 2246 2430 2285 plenius

1416 2299 1618 2329 continetur.
1629 2298 1700 2328 Nos
1713 2297 1838 2336 itaque,
1853 2297 1922 2327 tuis
1940 2297 2246 2336 supplicationibus
2264 2299 2429 2336 inclinati,

1415 2352 1504 2390 quod
1522 2350 1562 2381 ab
1587 2350 1705 2381 eodem
1724 2350 1887 2380 (au-dinali
1905 2359 2008 2390 super
2033 2351 2213 2390 premissis
2231 2360 2292 2390 pro
2316 2355 2348 2383 te
2364 2353 2430 2384 fac·

1414 2407 1487 2435 tum
1514 2405 1576 2440 est,
1609 2406 1719 2434 ratum
1751 2405 1782 2433 et
1810 2403 1945 2434 lirinum
1970 2403 2146 2441 habentes,
2171 2405 2204 2434 id
2232 2407 2430 2437 auctoritate

1416 2456 1601 2496 apostolica
1619 2457 1860 2486 confirmamus
1878 2459 1939 2486 etc.
1956 2465 2064 2495 usqne
2082 2458 2344 2488 communimus.

1455 2510 1620 2540 Tenorem
1638 2511 1752 2539 autem
1770 2509 1962 2539 litterarum
1976 2509 2130 2547 ipsarum
2145 2510 2225 2541 dicti
2246 2511 2430 2542 cardinalis

1416 2564 1455 2593 de
1480 2562 1582 2593 verbo
1612 2562 1652 2592 ad
1677 2561 1817 2592 verbum
1848 2562 2066 2600 presentibus
2094 2563 2237 2594 fecimus
2263 2565 2429 2601 annotari,

1416 2617 1472 2653 qui
1492 2616 1570 2647 talis
1588 2617 1657 2645 est:

1457 2682 1471 2697 (ι
1492 2668 1673 2705 Octobonus,
1690 2668 1886 2698 miseralione
1898 2667 2003 2698 dit-ina
2018 2670 2116 2698 51111011
2136 2669 2271 2700 Adriani
2286 2670 2433 2701 diaconus

1416 2721 1592 2754 cardinalis,
1605 2721 1828 2762 adperpcluam
1846 2722 1890 2751 rei
1908 2723 2093 2752 mmm-iam.
2110 2723 2364 2762 Beneplacituul
2381 2727 2432 2756 est

1419 2776 1562 2806 Domino
1572 2792 1620 2804 —.
1635 2776 1733 2811 Sane,
1747 2777 1819 2805 orta
1834 2774 1960 2804 dudum
1974 2775 2061 2805 inter
2073 2776 2295 2807 Guillelmum
2305 2778 2433 2809 Crivel-

1417 2829 1488 2859 lum
1503 2829 1535 2859 et
1546 2828 1734 2859 Arnoldum
1749 2828 1974 2867 Maynerfflm,
1987 2829 2130 2859 clericos
2146 2829 2430 2868 Mediolanenses,

1418 2890 1519 2921 super
1545 2881 1708 2912 11011011οὶ0
1736 2881 1825 2920 quod
1854 2881 1981 2911 vacavit
2003 2882 2036 2911 in
2065 2882 2208 2913 ecclesia
2227 2884 2334 2914 sancti
2357 2885 2433 2915 Vic-

1418 2935 1503 2965 toris
1518 2935 1559 2965 ad
1576 2934 1758 2965 Theatrum
1775 2934 2026 2966 Mediolanense
2040 2944 2099 2974 per
2114 2939 2257 2967 mortem
2274 2937 2428 2968 Prevosti
