<?xml version="1.0" encoding="UTF-8"?>
<!DOCTYPE html PUBLIC "-//W3C//DTD XHTML 1.0 Transitional//EN"
    "http://www.w3.org/TR/xhtml1/DTD/xhtml1-transitional.dtd">
<html xmlns="http://www.w3.org/1999/xhtml" xml:lang="en" lang="en">
 <head>
  <title>
</title>
<meta http-equiv="Content-Type" content="text/html;charset=utf-8" />
  <meta name='ocr-system' content='tesseract 3.04.00' />
  <meta name='ocr-capabilities' content='ocr_page ocr_carea ocr_par ocr_line ocrx_word'/>
</head>
<body>
  <div class='ocr_page' id='page_1' title='image "./lesregistresdurb12cath/lesregistresdurb12cath_0325.png"; bbox 0 0 2547 3289; ppageno 0'>
   <div class='ocr_carea' id='block_1_1' title="bbox 1040 326 1470 365">
    <p class='ocr_par' dir='ltr' id='par_1_1' title="bbox 1040 326 1470 365">
     <span class='ocr_line' id='line_1_1' title="bbox 1040 326 1470 365; baseline 0.005 -2"><span class='ocrx_word' id='word_1_1' title='bbox 1040 326 1280 364; x_wconf 73' lang='lat' dir='ltr'><strong>DEUXOEME</strong></span> <span class='ocrx_word' id='word_1_2' title='bbox 1304 328 1470 365; x_wconf 73' lang='lat' dir='ltr'>ANNEE.</span> 
     </span>
    </p>
   </div>
   <div class='ocr_carea' id='block_1_2' title="bbox 213 414 1230 1459">
    <p class='ocr_par' dir='ltr' id='par_1_2' title="bbox 213 414 1230 1459">
     <span class='ocr_line' id='line_1_2' title="bbox 216 414 1224 453; baseline 0 -10"><span class='ocrx_word' id='word_1_3' title='bbox 216 414 348 452; x_wconf 87' lang='lat' dir='ltr'>genitus</span> <span class='ocrx_word' id='word_1_4' title='bbox 366 415 429 444; x_wconf 84' lang='lat' dir='ltr'>Dei</span> <span class='ocrx_word' id='word_1_5' title='bbox 445 414 548 451; x_wconf 86' lang='lat' dir='ltr'>filius,</span> <span class='ocrx_word' id='word_1_6' title='bbox 571 415 672 445; x_wconf 86' lang='lat' dir='ltr'>Jesus</span> <span class='ocrx_word' id='word_1_7' title='bbox 707 415 873 450; x_wconf 61' lang='lat' dir='ltr'>Christus,</span> <span class='ocrx_word' id='word_1_8' title='bbox 892 416 925 445; x_wconf 89' lang='grc'>111</span> <span class='ocrx_word' id='word_1_9' title='bbox 942 415 1110 445; x_wconf 87' lang='lat' dir='ltr'>hominem</span> <span class='ocrx_word' id='word_1_10' title='bbox 1126 422 1224 453; x_wconf 88' lang='lat' dir='ltr'>quem</span> 
     </span>
     <span class='ocr_line' id='line_1_3' title="bbox 214 466 1227 507; baseline 0.001 -11"><span class='ocrx_word' id='word_1_11' title='bbox 214 466 406 505; x_wconf 89' lang='lat' dir='ltr'>plasmarat,</span> <span class='ocrx_word' id='word_1_12' title='bbox 429 467 593 497; x_wconf 85' lang='lat' dir='ltr'>diabolica</span> <span class='ocrx_word' id='word_1_13' title='bbox 617 467 829 506; x_wconf 82' lang='lat' dir='ltr'>postmodum</span> <span class='ocrx_word' id='word_1_14' title='bbox 854 468 969 498; x_wconf 82' lang='lat' dir='ltr'>fraude</span> <span class='ocrx_word' id='word_1_15' title='bbox 998 468 1173 507; x_wconf 89' lang='lat' dir='ltr'>deceptum</span> <span class='ocrx_word' id='word_1_16' title='bbox 1197 469 1227 497; x_wconf 89' lang='lat' dir='ltr'>et</span> 
     </span>
     <span class='ocr_line' id='line_1_4' title="bbox 213 519 1227 559; baseline 0.002 -11"><span class='ocrx_word' id='word_1_17' title='bbox 213 519 283 550; x_wconf 89' lang='lat' dir='ltr'>dire</span> <span class='ocrx_word' id='word_1_18' title='bbox 307 520 479 550; x_wconf 81' lang='lat' dir='ltr'>servitutis</span> <span class='ocrx_word' id='word_1_19' title='bbox 504 520 775 559; x_wconf 75' lang='lat' dir='ltr'>asldictum‚jugo</span> <span class='ocrx_word' id='word_1_20' title='bbox 803 521 991 557; x_wconf 74' lang='lat' dir='ltr'>redimeret,</span> <span class='ocrx_word' id='word_1_21' title='bbox 1021 521 1059 551; x_wconf 90' lang='lat' dir='ltr'>de</span> <span class='ocrx_word' id='word_1_22' title='bbox 1085 521 1227 550; x_wconf 88' lang='lat' dir='ltr'>summis</span> 
     </span>
     <span class='ocr_line' id='line_1_5' title="bbox 214 572 1226 613; baseline 0.002 -11"><span class='ocrx_word' id='word_1_23' title='bbox 214 572 361 603; x_wconf 87' lang='lat' dir='ltr'>celorum</span> <span class='ocrx_word' id='word_1_24' title='bbox 376 573 415 603; x_wconf 84' lang='lat' dir='ltr'>ad</span> <span class='ocrx_word' id='word_1_25' title='bbox 433 573 499 602; x_wconf 88' lang='lat' dir='ltr'>ima</span> <span class='ocrx_word' id='word_1_26' title='bbox 511 573 729 610; x_wconf 72' lang='lat' dir='ltr'>descendens,</span> <span class='ocrx_word' id='word_1_27' title='bbox 740 574 884 612; x_wconf 81' lang='lat' dir='ltr'>pastoris</span> <span class='ocrx_word' id='word_1_28' title='bbox 899 574 1025 613; x_wconf 82' lang='lat' dir='ltr'>peregit</span> <span class='ocrx_word' id='word_1_29' title='bbox 1037 574 1185 604; x_wconf 83' lang='lat' dir='ltr'>officium</span> <span class='ocrx_word' id='word_1_30' title='bbox 1197 575 1226 604; x_wconf 90' lang='lat' dir='ltr'>et</span> 
     </span>
     <span class='ocr_line' id='line_1_6' title="bbox 214 625 1226 665; baseline 0.001 -11"><span class='ocrx_word' id='word_1_31' title='bbox 214 625 382 664; x_wconf 87' lang='lat' dir='ltr'>pontificis</span> <span class='ocrx_word' id='word_1_32' title='bbox 397 626 507 663; x_wconf 85' lang='lat' dir='ltr'>partes</span> <span class='ocrx_word' id='word_1_33' title='bbox 524 626 700 664; x_wconf 76' lang='lat' dir='ltr'>diligenter</span> <span class='ocrx_word' id='word_1_34' title='bbox 717 626 879 665; x_wconf 80' lang='lat' dir='ltr'>implevit.</span> <span class='ocrx_word' id='word_1_35' title='bbox 898 627 972 665; x_wconf 90' lang='lat' dir='ltr'>Ipse</span> <span class='ocrx_word' id='word_1_36' title='bbox 990 635 1132 665; x_wconf 81' lang='lat' dir='ltr'>namque</span> <span class='ocrx_word' id='word_1_37' title='bbox 1150 635 1226 665; x_wconf 81' lang='lat' dir='ltr'>pas-</span> 
     </span>
     <span class='ocr_line' id='line_1_7' title="bbox 215 677 1226 718; baseline 0 -11"><span class='ocrx_word' id='word_1_38' title='bbox 215 678 267 707; x_wconf 84' lang='lat' dir='ltr'>tor</span> <span class='ocrx_word' id='word_1_39' title='bbox 284 677 392 707; x_wconf 88' lang='lat' dir='ltr'>bonus</span> <span class='ocrx_word' id='word_1_40' title='bbox 410 685 468 715; x_wconf 88' lang='lat' dir='ltr'>pro</span> <span class='ocrx_word' id='word_1_41' title='bbox 486 678 556 708; x_wconf 88' lang='lat' dir='ltr'>suis</span> <span class='ocrx_word' id='word_1_42' title='bbox 580 679 700 708; x_wconf 77' lang='lat' dir='ltr'>ovibus</span> <span class='ocrx_word' id='word_1_43' title='bbox 715 679 860 708; x_wconf 87' lang='lat' dir='ltr'>animam</span> <span class='ocrx_word' id='word_1_44' title='bbox 880 688 974 708; x_wconf 90' lang='lat' dir='ltr'>suam</span> <span class='ocrx_word' id='word_1_45' title='bbox 990 688 1130 718; x_wconf 84' lang='lat' dir='ltr'>ponens,</span> <span class='ocrx_word' id='word_1_46' title='bbox 1156 680 1226 718; x_wconf 88' lang='lat' dir='ltr'>ipse</span> 
     </span>
     <span class='ocr_line' id='line_1_8' title="bbox 216 729 1227 769; baseline 0.002 -10"><span class='ocrx_word' id='word_1_47' title='bbox 216 729 380 760; x_wconf 89' lang='lat' dir='ltr'>bonorum</span> <span class='ocrx_word' id='word_1_48' title='bbox 398 730 559 760; x_wconf 82' lang='lat' dir='ltr'>assistens</span> <span class='ocrx_word' id='word_1_49' title='bbox 575 731 724 769; x_wconf 71' lang='lat' dir='ltr'>pontifex</span> <span class='ocrx_word' id='word_1_50' title='bbox 741 731 928 761; x_wconf 85' lang='lat' dir='ltr'>futurorum</span> <span class='ocrx_word' id='word_1_51' title='bbox 948 733 979 761; x_wconf 88' lang='lat' dir='ltr'>et</span> <span class='ocrx_word' id='word_1_52' title='bbox 994 732 1027 761; x_wconf 93' lang='lat' dir='ltr'>in</span> <span class='ocrx_word' id='word_1_53' title='bbox 1048 741 1104 762; x_wconf 83' lang='lat' dir='ltr'>ara</span> <span class='ocrx_word' id='word_1_54' title='bbox 1119 732 1227 762; x_wconf 85' lang='lat' dir='ltr'>crucis</span> 
     </span>
     <span class='ocr_line' id='line_1_9' title="bbox 216 782 1228 823; baseline 0.002 -11"><span class='ocrx_word' id='word_1_55' title='bbox 216 782 359 812; x_wconf 81' lang='lat' dir='ltr'>hostiam</span> <span class='ocrx_word' id='word_1_56' title='bbox 385 783 633 813; x_wconf 86' lang='lat' dir='ltr'>immaculatam</span> <span class='ocrx_word' id='word_1_57' title='bbox 656 784 807 819; x_wconf 74' lang='lat' dir='ltr'>offerens,</span> <span class='ocrx_word' id='word_1_58' title='bbox 831 785 1082 814; x_wconf 87' lang='lat' dir='ltr'>sanctissimum</span> <span class='ocrx_word' id='word_1_59' title='bbox 1108 793 1228 823; x_wconf 84' lang='lat' dir='ltr'>corpus</span> 
     </span>
     <span class='ocr_line' id='line_1_10' title="bbox 216 835 1228 874; baseline 0 -9"><span class='ocrx_word' id='word_1_60' title='bbox 216 843 328 872; x_wconf 82' lang='lat' dir='ltr'>suum,</span> <span class='ocrx_word' id='word_1_61' title='bbox 345 837 458 866; x_wconf 89' lang='lat' dir='ltr'>eterna</span> <span class='ocrx_word' id='word_1_62' title='bbox 487 835 712 874; x_wconf 76' lang='lat' dir='ltr'>redemptione</span> <span class='ocrx_word' id='word_1_63' title='bbox 744 836 891 870; x_wconf 82' lang='lat' dir='ltr'>inventa,</span> <span class='ocrx_word' id='word_1_64' title='bbox 924 837 1026 866; x_wconf 88' lang='lat' dir='ltr'>semel</span> <span class='ocrx_word' id='word_1_65' title='bbox 1051 837 1085 866; x_wconf 89' lang='lat' dir='ltr'>iu</span> <span class='ocrx_word' id='word_1_66' title='bbox 1114 838 1228 867; x_wconf 81' lang='lat' dir='ltr'>sancta</span> 
     </span>
     <span class='ocr_line' id='line_1_11' title="bbox 214 888 1228 927; baseline 0.001 -9"><span class='ocrx_word' id='word_1_67' title='bbox 214 889 419 927; x_wconf 77' lang='lat' dir='ltr'>peramplius</span> <span class='ocrx_word' id='word_1_68' title='bbox 443 890 474 918; x_wconf 89' lang='lat' dir='ltr'>et</span> <span class='ocrx_word' id='word_1_69' title='bbox 497 889 676 927; x_wconf 79' lang='lat' dir='ltr'>perfectius</span> <span class='ocrx_word' id='word_1_70' title='bbox 698 897 764 918; x_wconf 89' lang='lat' dir='ltr'>non</span> <span class='ocrx_word' id='word_1_71' title='bbox 782 888 1010 918; x_wconf 87' lang='lat' dir='ltr'>manufactum</span> <span class='ocrx_word' id='word_1_72' title='bbox 1034 889 1228 919; x_wconf 87' lang='lat' dir='ltr'>tabernacu-</span> 
     </span>
     <span class='ocr_line' id='line_1_12' title="bbox 215 941 1227 980; baseline 0.001 -10"><span class='ocrx_word' id='word_1_73' title='bbox 215 941 285 970; x_wconf 91' lang='lat' dir='ltr'>lum</span> <span class='ocrx_word' id='word_1_74' title='bbox 300 941 462 971; x_wconf 77' lang='lat' dir='ltr'>introivit.</span> <span class='ocrx_word' id='word_1_75' title='bbox 481 941 606 971; x_wconf 74' lang='lat' dir='ltr'>Verum</span> <span class='ocrx_word' id='word_1_76' title='bbox 622 941 675 970; x_wconf 90' lang='lat' dir='ltr'>hic</span> <span class='ocrx_word' id='word_1_77' title='bbox 689 949 765 971; x_wconf 90' lang='lat' dir='ltr'>vere</span> <span class='ocrx_word' id='word_1_78' title='bbox 777 942 890 980; x_wconf 90' lang='lat' dir='ltr'>pastor</span> <span class='ocrx_word' id='word_1_79' title='bbox 903 941 1066 980; x_wconf 83' lang='lat' dir='ltr'>egregius,</span> <span class='ocrx_word' id='word_1_80' title='bbox 1085 942 1136 971; x_wconf 83' lang='lat' dir='ltr'>hie</span> <span class='ocrx_word' id='word_1_81' title='bbox 1151 951 1227 980; x_wconf 90' lang='lat' dir='ltr'>pon-</span> 
     </span>
     <span class='ocr_line' id='line_1_13' title="bbox 214 993 1227 1031; baseline 0 -7"><span class='ocrx_word' id='word_1_82' title='bbox 214 994 297 1024; x_wconf 80' lang='lat' dir='ltr'>tifex</span> <span class='ocrx_word' id='word_1_83' title='bbox 312 1003 442 1024; x_wconf 89' lang='lat' dir='ltr'>summe</span> <span class='ocrx_word' id='word_1_84' title='bbox 462 1002 624 1028; x_wconf 87' lang='lat' dir='ltr'>summus,</span> <span class='ocrx_word' id='word_1_85' title='bbox 638 994 691 1023; x_wconf 90' lang='lat' dir='ltr'>cui</span> <span class='ocrx_word' id='word_1_86' title='bbox 709 993 798 1023; x_wconf 84' lang='lat' dir='ltr'>dedit</span> <span class='ocrx_word' id='word_1_87' title='bbox 818 994 930 1023; x_wconf 88' lang='lat' dir='ltr'>omnia</span> <span class='ocrx_word' id='word_1_88' title='bbox 948 994 1048 1024; x_wconf 82' lang='lat' dir='ltr'>Pater</span> <span class='ocrx_word' id='word_1_89' title='bbox 1063 995 1095 1024; x_wconf 93' lang='lat' dir='ltr'>in</span> <span class='ocrx_word' id='word_1_90' title='bbox 1114 1004 1227 1031; x_wconf 87' lang='lat' dir='ltr'>manu,</span> 
     </span>
     <span class='ocr_line' id='line_1_14' title="bbox 215 1046 1228 1087; baseline 0.002 -11"><span class='ocrx_word' id='word_1_91' title='bbox 215 1047 269 1077; x_wconf 85' lang='lat' dir='ltr'>cui</span> <span class='ocrx_word' id='word_1_92' title='bbox 296 1048 371 1077; x_wconf 88' lang='lat' dir='ltr'>data</span> <span class='ocrx_word' id='word_1_93' title='bbox 395 1048 444 1076; x_wconf 89' lang='lat' dir='ltr'>est</span> <span class='ocrx_word' id='word_1_94' title='bbox 466 1046 575 1076; x_wconf 89' lang='lat' dir='ltr'>omnis</span> <span class='ocrx_word' id='word_1_95' title='bbox 600 1047 636 1076; x_wconf 90' lang='lat' dir='ltr'>in</span> <span class='ocrx_word' id='word_1_96' title='bbox 659 1046 729 1076; x_wconf 90' lang='lat' dir='ltr'>celo</span> <span class='ocrx_word' id='word_1_97' title='bbox 751 1048 781 1076; x_wconf 91' lang='lat' dir='ltr'>et</span> <span class='ocrx_word' id='word_1_98' title='bbox 799 1047 833 1076; x_wconf 90' lang='lat' dir='ltr'>in</span> <span class='ocrx_word' id='word_1_99' title='bbox 856 1048 943 1077; x_wconf 88' lang='lat' dir='ltr'>terra</span> <span class='ocrx_word' id='word_1_100' title='bbox 960 1049 1116 1086; x_wconf 82' lang='lat' dir='ltr'>potestas,</span> <span class='ocrx_word' id='word_1_101' title='bbox 1134 1049 1228 1087; x_wconf 84' lang='lat' dir='ltr'>cujus</span> 
     </span>
     <span class='ocr_line' id='line_1_15' title="bbox 215 1099 1229 1139; baseline 0.002 -10"><span class='ocrx_word' id='word_1_102' title='bbox 215 1100 294 1129; x_wconf 87' lang='lat' dir='ltr'>sunt</span> <span class='ocrx_word' id='word_1_103' title='bbox 312 1100 426 1138; x_wconf 83' lang='lat' dir='ltr'>gentes</span> <span class='ocrx_word' id='word_1_104' title='bbox 440 1099 619 1134; x_wconf 82' lang='lat' dir='ltr'>hereditas,</span> <span class='ocrx_word' id='word_1_105' title='bbox 639 1099 734 1138; x_wconf 88' lang='lat' dir='ltr'>cujus</span> <span class='ocrx_word' id='word_1_106' title='bbox 752 1100 831 1129; x_wconf 91' lang='lat' dir='ltr'>sunt</span> <span class='ocrx_word' id='word_1_107' title='bbox 844 1100 979 1130; x_wconf 84' lang='lat' dir='ltr'>termini</span> <span class='ocrx_word' id='word_1_108' title='bbox 995 1102 1079 1130; x_wconf 89' lang='lat' dir='ltr'>terre</span> <span class='ocrx_word' id='word_1_109' title='bbox 1099 1110 1229 1139; x_wconf 86' lang='lat' dir='ltr'>posses-</span> 
     </span>
     <span class='ocr_line' id='line_1_16' title="bbox 217 1153 1227 1192; baseline 0.002 -9"><span class='ocrx_word' id='word_1_110' title='bbox 217 1154 279 1188; x_wconf 89' lang='lat' dir='ltr'>sio,</span> <span class='ocrx_word' id='word_1_111' title='bbox 296 1161 371 1183; x_wconf 88' lang='lat' dir='ltr'>cum</span> <span class='ocrx_word' id='word_1_112' title='bbox 388 1153 560 1182; x_wconf 81' lang='lat' dir='ltr'>dilexisset</span> <span class='ocrx_word' id='word_1_113' title='bbox 574 1161 654 1183; x_wconf 89' lang='grc'>31103</span> <span class='ocrx_word' id='word_1_114' title='bbox 671 1153 727 1192; x_wconf 88' lang='lat' dir='ltr'>qui</span> <span class='ocrx_word' id='word_1_115' title='bbox 745 1155 838 1184; x_wconf 91' lang='lat' dir='ltr'>erant</span> <span class='ocrx_word' id='word_1_116' title='bbox 857 1154 891 1183; x_wconf 90' lang='lat' dir='ltr'>in</span> <span class='ocrx_word' id='word_1_117' title='bbox 908 1155 1043 1189; x_wconf 78' lang='lat' dir='ltr'>mundo,</span> <span class='ocrx_word' id='word_1_118' title='bbox 1058 1163 1114 1185; x_wconf 85' lang='lat' dir='ltr'>eos</span> <span class='ocrx_word' id='word_1_119' title='bbox 1130 1156 1227 1185; x_wconf 88' lang='lat' dir='ltr'>etiam</span> 
     </span>
     <span class='ocr_line' id='line_1_17' title="bbox 217 1205 1229 1246; baseline 0.003 -10"><span class='ocrx_word' id='word_1_120' title='bbox 217 1207 252 1236; x_wconf 91' lang='lat' dir='ltr'>in</span> <span class='ocrx_word' id='word_1_121' title='bbox 274 1205 340 1236; x_wconf 89' lang='lat' dir='ltr'>fine</span> <span class='ocrx_word' id='word_1_122' title='bbox 357 1206 484 1236; x_wconf 77' lang='lat' dir='ltr'>dilexit.</span> <span class='ocrx_word' id='word_1_123' title='bbox 502 1206 592 1236; x_wconf 84' lang='lat' dir='ltr'>Licet</span> <span class='ocrx_word' id='word_1_124' title='bbox 610 1206 699 1236; x_wconf 87' lang='lat' dir='ltr'>enim</span> <span class='ocrx_word' id='word_1_125' title='bbox 722 1207 794 1245; x_wconf 89' lang='lat' dir='ltr'>ipse</span> <span class='ocrx_word' id='word_1_126' title='bbox 819 1207 908 1238; x_wconf 87' lang='lat' dir='ltr'>celos</span> <span class='ocrx_word' id='word_1_127' title='bbox 925 1210 1115 1246; x_wconf 84' lang='lat' dir='ltr'>penetrans,</span> <span class='ocrx_word' id='word_1_128' title='bbox 1141 1209 1229 1239; x_wconf 89' lang='lat' dir='ltr'>celos</span> 
     </span>
     <span class='ocr_line' id='line_1_18' title="bbox 215 1259 1230 1291; baseline 0.001 -1"><span class='ocrx_word' id='word_1_129' title='bbox 215 1259 401 1290; x_wconf 87' lang='lat' dir='ltr'>ascenderit</span> <span class='ocrx_word' id='word_1_130' title='bbox 417 1260 447 1289; x_wconf 89' lang='lat' dir='ltr'>et</span> <span class='ocrx_word' id='word_1_131' title='bbox 463 1259 626 1290; x_wconf 81' lang='lat' dir='ltr'>excelsior</span> <span class='ocrx_word' id='word_1_132' title='bbox 638 1260 718 1289; x_wconf 89' lang='lat' dir='ltr'>celis</span> <span class='ocrx_word' id='word_1_133' title='bbox 734 1259 841 1290; x_wconf 86' lang='lat' dir='ltr'>factus</span> <span class='ocrx_word' id='word_1_134' title='bbox 857 1260 891 1290; x_wconf 91' lang='lat' dir='ltr'>in</span> <span class='ocrx_word' id='word_1_135' title='bbox 908 1260 1041 1291; x_wconf 80' lang='lat' dir='ltr'>dextera</span> <span class='ocrx_word' id='word_1_136' title='bbox 1058 1262 1146 1291; x_wconf 88' lang='lat' dir='ltr'>sedis</span> <span class='ocrx_word' id='word_1_137' title='bbox 1164 1270 1230 1291; x_wconf 87' lang='lat' dir='ltr'>ma-</span> 
     </span>
     <span class='ocr_line' id='line_1_19' title="bbox 216 1312 1229 1351; baseline 0.002 -9"><span class='ocrx_word' id='word_1_138' title='bbox 216 1312 401 1351; x_wconf 87' lang='lat' dir='ltr'>gnitudinis</span> <span class='ocrx_word' id='word_1_139' title='bbox 427 1321 568 1351; x_wconf 76' lang='lat' dir='ltr'>superne</span> <span class='ocrx_word' id='word_1_140' title='bbox 596 1313 776 1347; x_wconf 88' lang='lat' dir='ltr'>consideat,</span> <span class='ocrx_word' id='word_1_141' title='bbox 804 1315 995 1344; x_wconf 86' lang='lat' dir='ltr'>sanctorum</span> <span class='ocrx_word' id='word_1_142' title='bbox 1021 1314 1175 1345; x_wconf 77' lang='lat' dir='ltr'>minister</span> <span class='ocrx_word' id='word_1_143' title='bbox 1199 1317 1229 1344; x_wconf 88' lang='lat' dir='ltr'>et</span> 
     </span>
     <span class='ocr_line' id='line_1_20' title="bbox 216 1365 1228 1404; baseline 0.002 -8"><span class='ocrx_word' id='word_1_144' title='bbox 216 1365 421 1396; x_wconf 77' lang='lat' dir='ltr'>tabernaculi</span> <span class='ocrx_word' id='word_1_145' title='bbox 443 1366 527 1401; x_wconf 84' lang='lat' dir='ltr'>veri,</span> <span class='ocrx_word' id='word_1_146' title='bbox 550 1366 638 1404; x_wconf 86' lang='lat' dir='ltr'>quod</span> <span class='ocrx_word' id='word_1_147' title='bbox 660 1366 733 1396; x_wconf 73' lang='lat' dir='ltr'>fixit</span> <span class='ocrx_word' id='word_1_148' title='bbox 748 1366 914 1396; x_wconf 82' lang='lat' dir='ltr'>Dominus</span> <span class='ocrx_word' id='word_1_149' title='bbox 930 1368 960 1397; x_wconf 90' lang='lat' dir='ltr'>et</span> <span class='ocrx_word' id='word_1_150' title='bbox 978 1376 1042 1397; x_wconf 91' lang='lat' dir='ltr'>non</span> <span class='ocrx_word' id='word_1_151' title='bbox 1061 1368 1170 1403; x_wconf 76' lang='lat' dir='ltr'>homo,</span> <span class='ocrx_word' id='word_1_152' title='bbox 1188 1377 1228 1398; x_wconf 90' lang='lat' dir='ltr'>ne</span> 
     </span>
     <span class='ocr_line' id='line_1_21' title="bbox 213 1418 1228 1459; baseline 0.003 -11"><span class='ocrx_word' id='word_1_153' title='bbox 213 1420 326 1448; x_wconf 87' lang='lat' dir='ltr'>tamen</span> <span class='ocrx_word' id='word_1_154' title='bbox 347 1426 451 1457; x_wconf 88' lang='lat' dir='ltr'>genus</span> <span class='ocrx_word' id='word_1_155' title='bbox 474 1418 671 1452; x_wconf 87' lang='lat' dir='ltr'>humanum,</span> <span class='ocrx_word' id='word_1_156' title='bbox 691 1419 779 1457; x_wconf 88' lang='lat' dir='ltr'>quod</span> <span class='ocrx_word' id='word_1_157' title='bbox 798 1419 868 1457; x_wconf 89' lang='lat' dir='ltr'>ipse</span> <span class='ocrx_word' id='word_1_158' title='bbox 893 1428 954 1450; x_wconf 90' lang='lat' dir='ltr'>suo</span> <span class='ocrx_word' id='word_1_159' title='bbox 975 1421 1138 1459; x_wconf 82' lang='lat' dir='ltr'>sanguine</span> <span class='ocrx_word' id='word_1_160' title='bbox 1156 1430 1228 1459; x_wconf 90' lang='lat' dir='ltr'>pre-</span> 
     </span>
    </p>
   </div>
   <div class='ocr_carea' id='block_1_3' title="bbox 215 1471 1258 1512">
    <p class='ocr_par' dir='ltr' id='par_1_3' title="bbox 215 1471 1258 1512">
     <span class='ocr_line' id='line_1_22' title="bbox 215 1471 1258 1512; baseline 0.003 -11"><span class='ocrx_word' id='word_1_161' title='bbox 215 1471 300 1502; x_wconf 90' lang='lat' dir='ltr'>tioso</span> <span class='ocrx_word' id='word_1_162' title='bbox 316 1471 500 1501; x_wconf 80' lang='lat' dir='ltr'>redemerat</span> <span class='ocrx_word' id='word_1_163' title='bbox 515 1471 706 1509; x_wconf 75' lang='lat' dir='ltr'>aspersione</span> <span class='ocrx_word' id='word_1_164' title='bbox 720 1472 826 1510; x_wconf 81' lang='lat' dir='ltr'>ipsius</span> <span class='ocrx_word' id='word_1_165' title='bbox 842 1473 1006 1512; x_wconf 75' lang='lat' dir='ltr'>expiando</span> <span class='ocrx_word' id='word_1_166' title='bbox 1023 1474 1145 1503; x_wconf 86' lang='lat' dir='ltr'>veteris</span> <span class='ocrx_word' id='word_1_167' title='bbox 1159 1474 1227 1512; x_wconf 88' lang='lat' dir='ltr'>pia—</span> <span class='ocrx_word' id='word_1_168' title='bbox 1257 1487 1258 1493; x_wconf 50' lang='lat'>¹</span> 
     </span>
    </p>
   </div>
   <div class='ocr_carea' id='block_1_4' title="bbox 215 1524 1230 1931">
    <p class='ocr_par' dir='ltr' id='par_1_4' title="bbox 215 1524 1230 1931">
     <span class='ocr_line' id='line_1_23' title="bbox 215 1524 1226 1565; baseline 0.003 -11"><span class='ocrx_word' id='word_1_169' title='bbox 215 1524 284 1554; x_wconf 93' lang='lat' dir='ltr'>culi</span> <span class='ocrx_word' id='word_1_170' title='bbox 307 1524 714 1558; x_wconf 83' lang='lat' dir='ltr'>cautionem,destitutum</span> <span class='ocrx_word' id='word_1_171' title='bbox 740 1525 885 1563; x_wconf 82' lang='lat' dir='ltr'>pastoris</span> <span class='ocrx_word' id='word_1_172' title='bbox 909 1534 987 1556; x_wconf 89' lang='lat' dir='ltr'>cura</span> <span class='ocrx_word' id='word_1_173' title='bbox 1012 1527 1226 1565; x_wconf 86' lang='lat' dir='ltr'>relinqueret,</span> 
     </span>
     <span class='ocr_line' id='line_1_24' title="bbox 216 1577 1227 1615; baseline 0.002 -8"><span class='ocrx_word' id='word_1_174' title='bbox 216 1577 379 1607; x_wconf 87' lang='lat' dir='ltr'>vicarium</span> <span class='ocrx_word' id='word_1_175' title='bbox 398 1577 534 1615; x_wconf 87' lang='lat' dir='ltr'>reliquit</span> <span class='ocrx_word' id='word_1_176' title='bbox 555 1577 589 1607; x_wconf 91' lang='lat' dir='ltr'>in</span> <span class='ocrx_word' id='word_1_177' title='bbox 608 1578 716 1612; x_wconf 86' lang='lat' dir='ltr'>terris,</span> <span class='ocrx_word' id='word_1_178' title='bbox 738 1578 873 1608; x_wconf 89' lang='lat' dir='ltr'>beatum</span> <span class='ocrx_word' id='word_1_179' title='bbox 888 1579 1015 1609; x_wconf 85' lang='lat' dir='ltr'>scilicet</span> <span class='ocrx_word' id='word_1_180' title='bbox 1031 1581 1142 1609; x_wconf 89' lang='lat' dir='ltr'>eterne</span> <span class='ocrx_word' id='word_1_181' title='bbox 1160 1580 1227 1610; x_wconf 80' lang='lat' dir='ltr'>vite</span> 
     </span>
     <span class='ocr_line' id='line_1_25' title="bbox 216 1629 1228 1672; baseline 0.003 -12"><span class='ocrx_word' id='word_1_182' title='bbox 216 1630 433 1669; x_wconf 82' lang='lat' dir='ltr'>clavigerum,</span> <span class='ocrx_word' id='word_1_183' title='bbox 449 1631 479 1660; x_wconf 91' lang='lat' dir='ltr'>et</span> <span class='ocrx_word' id='word_1_184' title='bbox 490 1629 688 1660; x_wconf 88' lang='lat' dir='ltr'>militantem</span> <span class='ocrx_word' id='word_1_185' title='bbox 707 1631 881 1661; x_wconf 88' lang='lat' dir='ltr'>ecclesiam</span> <span class='ocrx_word' id='word_1_186' title='bbox 901 1640 999 1670; x_wconf 82' lang='lat' dir='ltr'>quam</span> <span class='ocrx_word' id='word_1_187' title='bbox 1016 1632 1123 1670; x_wconf 87' lang='lat' dir='ltr'>ipsius</span> <span class='ocrx_word' id='word_1_188' title='bbox 1147 1634 1228 1672; x_wconf 86' lang='lat' dir='ltr'>regi-</span> 
     </span>
     <span class='ocr_line' id='line_1_26' title="bbox 216 1683 1229 1722; baseline 0.005 -10"><span class='ocrx_word' id='word_1_189' title='bbox 216 1683 300 1713; x_wconf 89' lang='lat' dir='ltr'>mini</span> <span class='ocrx_word' id='word_1_190' title='bbox 327 1683 509 1722; x_wconf 82' lang='lat' dir='ltr'>deputavit,</span> <span class='ocrx_word' id='word_1_191' title='bbox 531 1683 639 1713; x_wconf 86' lang='lat' dir='ltr'>solida</span> <span class='ocrx_word' id='word_1_192' title='bbox 658 1683 812 1714; x_wconf 88' lang='lat' dir='ltr'>firmitate</span> <span class='ocrx_word' id='word_1_193' title='bbox 835 1684 1021 1719; x_wconf 84' lang='lat' dir='ltr'>stabiliens,</span> <span class='ocrx_word' id='word_1_194' title='bbox 1043 1686 1175 1716; x_wconf 89' lang='lat' dir='ltr'>celestis</span> <span class='ocrx_word' id='word_1_195' title='bbox 1198 1688 1229 1717; x_wconf 92' lang='lat' dir='ltr'>et</span> 
     </span>
     <span class='ocr_line' id='line_1_27' title="bbox 215 1736 1230 1776; baseline 0.003 -10"><span class='ocrx_word' id='word_1_196' title='bbox 215 1736 340 1766; x_wconf 87' lang='lat' dir='ltr'>terreni</span> <span class='ocrx_word' id='word_1_197' title='bbox 358 1736 460 1765; x_wconf 87' lang='lat' dir='ltr'>simul</span> <span class='ocrx_word' id='word_1_198' title='bbox 477 1736 619 1774; x_wconf 89' lang='lat' dir='ltr'>imperii,</span> <span class='ocrx_word' id='word_1_199' title='bbox 638 1736 702 1766; x_wconf 85' lang='lat' dir='ltr'>sibi</span> <span class='ocrx_word' id='word_1_200' title='bbox 719 1738 749 1767; x_wconf 90' lang='lat' dir='ltr'>et</span> <span class='ocrx_word' id='word_1_201' title='bbox 772 1737 844 1776; x_wconf 85' lang='lat' dir='ltr'>ejus</span> <span class='ocrx_word' id='word_1_202' title='bbox 861 1738 1113 1768; x_wconf 84' lang='lat' dir='ltr'>successoribus</span> <span class='ocrx_word' id='word_1_203' title='bbox 1130 1739 1161 1768; x_wconf 94' lang='lat' dir='ltr'>in</span> <span class='ocrx_word' id='word_1_204' title='bbox 1179 1748 1230 1770; x_wconf 92' lang='lat' dir='ltr'>eo-</span> 
     </span>
     <span class='ocr_line' id='line_1_28' title="bbox 217 1788 1228 1831; baseline 0.004 -13"><span class='ocrx_word' id='word_1_205' title='bbox 217 1789 375 1827; x_wconf 86' lang='lat' dir='ltr'>demjura</span> <span class='ocrx_word' id='word_1_206' title='bbox 384 1788 561 1823; x_wconf 82' lang='lat' dir='ltr'>commisit,</span> <span class='ocrx_word' id='word_1_207' title='bbox 576 1789 647 1827; x_wconf 90' lang='lat' dir='ltr'>pari</span> <span class='ocrx_word' id='word_1_208' title='bbox 656 1798 731 1819; x_wconf 90' lang='lat' dir='ltr'>cum</span> <span class='ocrx_word' id='word_1_209' title='bbox 744 1789 816 1829; x_wconf 88' lang='lat' dir='ltr'>ipso</span> <span class='ocrx_word' id='word_1_210' title='bbox 829 1791 1055 1828; x_wconf 76' lang='lat' dir='ltr'>apostolorum</span> <span class='ocrx_word' id='word_1_211' title='bbox 1067 1791 1228 1831; x_wconf 86' lang='lat' dir='ltr'>principe,</span> 
     </span>
     <span class='ocr_line' id='line_1_29' title="bbox 218 1841 1229 1879; baseline 0.002 -9"><span class='ocrx_word' id='word_1_212' title='bbox 218 1841 322 1871; x_wconf 88' lang='lat' dir='ltr'>immo</span> <span class='ocrx_word' id='word_1_213' title='bbox 353 1841 468 1871; x_wconf 90' lang='lat' dir='ltr'>eadem</span> <span class='ocrx_word' id='word_1_214' title='bbox 494 1842 653 1879; x_wconf 74' lang='lat' dir='ltr'>potestate</span> <span class='ocrx_word' id='word_1_215' title='bbox 684 1841 868 1876; x_wconf 83' lang='lat' dir='ltr'>functuros,</span> <span class='ocrx_word' id='word_1_216' title='bbox 897 1844 932 1871; x_wconf 91' lang='grc'>111</span> <span class='ocrx_word' id='word_1_217' title='bbox 963 1842 1065 1871; x_wconf 84' lang='lat' dir='ltr'>iidem</span> <span class='ocrx_word' id='word_1_218' title='bbox 1109 1851 1229 1873; x_wconf 90' lang='lat' dir='ltr'>nomen</span> 
     </span>
     <span class='ocr_line' id='line_1_30' title="bbox 217 1894 1230 1931; baseline 0.003 -8"><span class='ocrx_word' id='word_1_219' title='bbox 217 1894 335 1924; x_wconf 82' lang='lat' dir='ltr'>vicarii</span> <span class='ocrx_word' id='word_1_220' title='bbox 352 1903 417 1923; x_wconf 88' lang='lat' dir='ltr'>non</span> <span class='ocrx_word' id='word_1_221' title='bbox 433 1894 531 1923; x_wconf 88' lang='lat' dir='ltr'>inane</span> <span class='ocrx_word' id='word_1_222' title='bbox 545 1895 707 1931; x_wconf 76' lang='lat' dir='ltr'>gerentes,</span> <span class='ocrx_word' id='word_1_223' title='bbox 726 1894 828 1925; x_wconf 87' lang='lat' dir='ltr'>libere</span> <span class='ocrx_word' id='word_1_224' title='bbox 844 1895 1040 1925; x_wconf 86' lang='lat' dir='ltr'>commissas</span> <span class='ocrx_word' id='word_1_225' title='bbox 1057 1896 1120 1925; x_wconf 90' lang='lat' dir='ltr'>sibi</span> <span class='ocrx_word' id='word_1_226' title='bbox 1140 1896 1230 1926; x_wconf 88' lang='lat' dir='ltr'>vices</span> 
     </span>
    </p>
   </div>
   <div class='ocr_carea' id='block_1_5' title="bbox 218 1947 1259 1988">
    <p class='ocr_par' dir='ltr' id='par_1_5' title="bbox 218 1947 1259 1988">
     <span class='ocr_line' id='line_1_31' title="bbox 218 1947 1259 1988; baseline 0.004 -12"><span class='ocrx_word' id='word_1_227' title='bbox 218 1947 433 1985; x_wconf 82' lang='lat' dir='ltr'>adimpleant,</span> <span class='ocrx_word' id='word_1_228' title='bbox 460 1947 494 1976; x_wconf 89' lang='grc'>111</span> <span class='ocrx_word' id='word_1_229' title='bbox 515 1947 584 1977; x_wconf 89' lang='grc'>6610</span> <span class='ocrx_word' id='word_1_230' title='bbox 606 1949 636 1977; x_wconf 84' lang='grc'>61</span> <span class='ocrx_word' id='word_1_231' title='bbox 662 1948 694 1977; x_wconf 87' lang='grc'>111</span> <span class='ocrx_word' id='word_1_232' title='bbox 719 1949 806 1978; x_wconf 89' lang='lat' dir='ltr'>terra</span> <span class='ocrx_word' id='word_1_233' title='bbox 831 1949 991 1987; x_wconf 77' lang='lat' dir='ltr'>potestate</span> <span class='ocrx_word' id='word_1_234' title='bbox 1014 1950 1154 1988; x_wconf 65' lang='lat' dir='ltr'>res—epta,</span> <span class='ocrx_word' id='word_1_235' title='bbox 1172 1958 1231 1988; x_wconf 84' lang='lat' dir='ltr'>per</span> <span class='ocrx_word' id='word_1_236' title='bbox 1258 1966 1259 1973; x_wconf 52' lang='lat'>1</span> 
     </span>
    </p>
   </div>
   <div class='ocr_carea' id='block_1_6' title="bbox 214 2001 1233 2677">
    <p class='ocr_par' dir='ltr' id='par_1_6' title="bbox 214 2001 1233 2677">
     <span class='ocr_line' id='line_1_32' title="bbox 214 2001 1228 2039; baseline 0.002 -9"><span class='ocrx_word' id='word_1_237' title='bbox 214 2009 315 2039; x_wconf 88' lang='lat' dir='ltr'>quam</span> <span class='ocrx_word' id='word_1_238' title='bbox 331 2002 361 2030; x_wconf 89' lang='lat' dir='ltr'>et</span> <span class='ocrx_word' id='word_1_239' title='bbox 375 2002 483 2030; x_wconf 90' lang='lat' dir='ltr'>errata</span> <span class='ocrx_word' id='word_1_240' title='bbox 498 2001 715 2039; x_wconf 84' lang='lat' dir='ltr'>corrigant‚et</span> <span class='ocrx_word' id='word_1_241' title='bbox 730 2002 879 2031; x_wconf 82' lang='lat' dir='ltr'>errantes</span> <span class='ocrx_word' id='word_1_242' title='bbox 892 2001 1047 2037; x_wconf 78' lang='lat' dir='ltr'>dirigant,</span> <span class='ocrx_word' id='word_1_243' title='bbox 1061 2004 1091 2032; x_wconf 91' lang='lat' dir='ltr'>et</span> <span class='ocrx_word' id='word_1_244' title='bbox 1107 2002 1146 2032; x_wconf 89' lang='lat' dir='ltr'>de</span> <span class='ocrx_word' id='word_1_245' title='bbox 1162 2011 1228 2033; x_wconf 92' lang='lat' dir='ltr'>om-</span> 
     </span>
     <span class='ocr_line' id='line_1_33' title="bbox 217 2053 1229 2093; baseline 0.002 -10"><span class='ocrx_word' id='word_1_246' title='bbox 217 2053 314 2084; x_wconf 86' lang='lat' dir='ltr'>nibus</span> <span class='ocrx_word' id='word_1_247' title='bbox 335 2053 369 2083; x_wconf 90' lang='lat' dir='ltr'>in</span> <span class='ocrx_word' id='word_1_248' title='bbox 390 2053 610 2092; x_wconf 86' lang='lat' dir='ltr'>oportunitate</span> <span class='ocrx_word' id='word_1_249' title='bbox 633 2053 825 2092; x_wconf 82' lang='lat' dir='ltr'>disponant.</span> <span class='ocrx_word' id='word_1_250' title='bbox 840 2054 922 2084; x_wconf 89' lang='lat' dir='ltr'>Cum</span> <span class='ocrx_word' id='word_1_251' title='bbox 942 2055 984 2084; x_wconf 88' lang='lat' dir='ltr'>sit</span> <span class='ocrx_word' id='word_1_252' title='bbox 1003 2055 1103 2093; x_wconf 87' lang='lat' dir='ltr'>igitur</span> <span class='ocrx_word' id='word_1_253' title='bbox 1120 2055 1229 2090; x_wconf 89' lang='lat' dir='ltr'>nobis,</span> 
     </span>
     <span class='ocr_line' id='line_1_34' title="bbox 216 2106 1230 2145; baseline 0.002 -9"><span class='ocrx_word' id='word_1_254' title='bbox 216 2106 410 2136; x_wconf 89' lang='lat' dir='ltr'>meritorum</span> <span class='ocrx_word' id='word_1_255' title='bbox 427 2106 617 2136; x_wconf 74' lang='lat' dir='ltr'>nostrorum</span> <span class='ocrx_word' id='word_1_256' title='bbox 641 2106 814 2145; x_wconf 85' lang='lat' dir='ltr'>supplente</span> <span class='ocrx_word' id='word_1_257' title='bbox 832 2107 996 2137; x_wconf 84' lang='lat' dir='ltr'>defectum</span> <span class='ocrx_word' id='word_1_258' title='bbox 1017 2107 1230 2138; x_wconf 84' lang='lat' dir='ltr'>miseratione</span> 
     </span>
     <span class='ocr_line' id='line_1_35' title="bbox 215 2159 1229 2200; baseline 0.002 -11"><span class='ocrx_word' id='word_1_259' title='bbox 215 2159 342 2195; x_wconf 82' lang='lat' dir='ltr'>divina,</span> <span class='ocrx_word' id='word_1_260' title='bbox 358 2159 552 2198; x_wconf 71' lang='grc'>111111131110111</span> <span class='ocrx_word' id='word_1_261' title='bbox 571 2160 750 2190; x_wconf 87' lang='lat' dir='ltr'>commissa</span> <span class='ocrx_word' id='word_1_262' title='bbox 765 2161 923 2198; x_wconf 83' lang='lat' dir='ltr'>potestas,</span> <span class='ocrx_word' id='word_1_263' title='bbox 941 2169 1016 2190; x_wconf 88' lang='lat' dir='ltr'>cum</span> <span class='ocrx_word' id='word_1_264' title='bbox 1034 2161 1123 2191; x_wconf 87' lang='lat' dir='ltr'>vices</span> <span class='ocrx_word' id='word_1_265' title='bbox 1138 2169 1229 2200; x_wconf 86' lang='lat' dir='ltr'>gera-</span> 
     </span>
     <span class='ocr_line' id='line_1_36' title="bbox 215 2212 1229 2251; baseline 0.002 -9"><span class='ocrx_word' id='word_1_266' title='bbox 215 2221 292 2242; x_wconf 88' lang='lat' dir='ltr'>mus</span> <span class='ocrx_word' id='word_1_267' title='bbox 316 2212 408 2242; x_wconf 91' lang='lat' dir='ltr'>illius</span> <span class='ocrx_word' id='word_1_268' title='bbox 423 2212 480 2251; x_wconf 86' lang='lat' dir='ltr'>qui</span> <span class='ocrx_word' id='word_1_269' title='bbox 503 2221 538 2242; x_wconf 87' lang='lat' dir='ltr'>se</span> <span class='ocrx_word' id='word_1_270' title='bbox 556 2213 652 2242; x_wconf 91' lang='lat' dir='ltr'>morti</span> <span class='ocrx_word' id='word_1_271' title='bbox 670 2213 805 2243; x_wconf 83' lang='lat' dir='ltr'>tradidit</span> <span class='ocrx_word' id='word_1_272' title='bbox 827 2215 873 2248; x_wconf 84' lang='lat' dir='ltr'>ut,</span> <span class='ocrx_word' id='word_1_273' title='bbox 894 2215 1035 2244; x_wconf 86' lang='lat' dir='ltr'>mortem</span> <span class='ocrx_word' id='word_1_274' title='bbox 1057 2215 1229 2244; x_wconf 88' lang='lat' dir='ltr'>moriendo</span> 
     </span>
     <span class='ocr_line' id='line_1_37' title="bbox 216 2265 1229 2302; baseline 0.002 -7"><span class='ocrx_word' id='word_1_275' title='bbox 216 2265 403 2299; x_wconf 86' lang='lat' dir='ltr'>destruens,</span> <span class='ocrx_word' id='word_1_276' title='bbox 417 2274 478 2296; x_wconf 83' lang='grc'>1103</span> <span class='ocrx_word' id='word_1_277' title='bbox 493 2265 533 2295; x_wconf 89' lang='lat' dir='ltr'>ab</span> <span class='ocrx_word' id='word_1_278' title='bbox 549 2266 659 2295; x_wconf 89' lang='lat' dir='ltr'>eterne</span> <span class='ocrx_word' id='word_1_279' title='bbox 675 2266 792 2296; x_wconf 90' lang='lat' dir='ltr'>mortis</span> <span class='ocrx_word' id='word_1_280' title='bbox 805 2266 946 2296; x_wconf 76' lang='lat' dir='ltr'>nexibus</span> <span class='ocrx_word' id='word_1_281' title='bbox 960 2267 1126 2302; x_wconf 83' lang='lat' dir='ltr'>liberaret,</span> <span class='ocrx_word' id='word_1_282' title='bbox 1143 2268 1229 2297; x_wconf 91' lang='lat' dir='ltr'>tene-</span> 
     </span>
     <span class='ocr_line' id='line_1_38' title="bbox 217 2319 1229 2359; baseline 0.002 -11"><span class='ocrx_word' id='word_1_283' title='bbox 217 2327 293 2348; x_wconf 90' lang='lat' dir='ltr'>mur</span> <span class='ocrx_word' id='word_1_284' title='bbox 311 2320 418 2349; x_wconf 88' lang='grc'>611103</span> <span class='ocrx_word' id='word_1_285' title='bbox 436 2319 542 2357; x_wconf 87' lang='lat' dir='ltr'>ipsius</span> <span class='ocrx_word' id='word_1_286' title='bbox 564 2319 782 2358; x_wconf 82' lang='lat' dir='ltr'>beneplacitis</span> <span class='ocrx_word' id='word_1_287' title='bbox 799 2320 1005 2359; x_wconf 76' lang='lat' dir='ltr'>exequendis</span> <span class='ocrx_word' id='word_1_288' title='bbox 1028 2322 1059 2350; x_wconf 88' lang='lat' dir='ltr'>et</span> <span class='ocrx_word' id='word_1_289' title='bbox 1081 2321 1229 2351; x_wconf 87' lang='lat' dir='ltr'>subdito-</span> 
     </span>
     <span class='ocr_line' id='line_1_39' title="bbox 218 2371 1231 2412; baseline 0.004 -12"><span class='ocrx_word' id='word_1_290' title='bbox 218 2379 291 2401; x_wconf 90' lang='lat' dir='ltr'>rum</span> <span class='ocrx_word' id='word_1_291' title='bbox 307 2371 496 2401; x_wconf 83' lang='lat' dir='ltr'>relevandis</span> <span class='ocrx_word' id='word_1_292' title='bbox 509 2372 764 2402; x_wconf 86' lang='lat' dir='ltr'>necessitatibus</span> <span class='ocrx_word' id='word_1_293' title='bbox 778 2381 977 2412; x_wconf 84' lang='lat' dir='ltr'>magnopere</span> <span class='ocrx_word' id='word_1_294' title='bbox 990 2382 1088 2403; x_wconf 84' lang='lat' dir='ltr'>curas</span> <span class='ocrx_word' id='word_1_295' title='bbox 1100 2375 1231 2404; x_wconf 88' lang='lat' dir='ltr'>nostras</span> 
     </span>
     <span class='ocr_line' id='line_1_40' title="bbox 218 2424 1230 2464; baseline 0.003 -10"><span class='ocrx_word' id='word_1_296' title='bbox 218 2424 422 2463; x_wconf 79' lang='lat' dir='ltr'>impendere,</span> <span class='ocrx_word' id='word_1_297' title='bbox 451 2426 487 2454; x_wconf 92' lang='lat' dir='ltr'>ut</span> <span class='ocrx_word' id='word_1_298' title='bbox 515 2433 772 2463; x_wconf 83' lang='lat' dir='ltr'>prosequamur,</span> <span class='ocrx_word' id='word_1_299' title='bbox 796 2427 958 2464; x_wconf 85' lang='lat' dir='ltr'>quantuni</span> <span class='ocrx_word' id='word_1_300' title='bbox 984 2427 1082 2457; x_wconf 89' lang='lat' dir='ltr'>nobis</span> <span class='ocrx_word' id='word_1_301' title='bbox 1100 2435 1141 2457; x_wconf 82' lang='lat' dir='ltr'>ex</span> <span class='ocrx_word' id='word_1_302' title='bbox 1164 2427 1230 2458; x_wconf 86' lang='lat' dir='ltr'>alto</span> 
     </span>
     <span class='ocr_line' id='line_1_41' title="bbox 218 2477 1232 2518; baseline 0.003 -11"><span class='ocrx_word' id='word_1_303' title='bbox 218 2477 430 2516; x_wconf 87' lang='lat' dir='ltr'>permittitur,</span> <span class='ocrx_word' id='word_1_304' title='bbox 450 2477 627 2508; x_wconf 76' lang='lat' dir='ltr'>commisse</span> <span class='ocrx_word' id='word_1_305' title='bbox 650 2478 734 2508; x_wconf 88' lang='lat' dir='ltr'>vicis</span> <span class='ocrx_word' id='word_1_306' title='bbox 755 2479 992 2517; x_wconf 86' lang='lat' dir='ltr'>ministerium,</span> <span class='ocrx_word' id='word_1_307' title='bbox 1005 2481 1035 2509; x_wconf 92' lang='lat' dir='ltr'>et</span> <span class='ocrx_word' id='word_1_308' title='bbox 1050 2489 1109 2518; x_wconf 88' lang='lat' dir='ltr'>pro</span> <span class='ocrx_word' id='word_1_309' title='bbox 1126 2481 1232 2510; x_wconf 87' lang='lat' dir='ltr'>omni-</span> 
     </span>
     <span class='ocr_line' id='line_1_42' title="bbox 219 2530 1230 2569; baseline 0.002 -9"><span class='ocrx_word' id='word_1_310' title='bbox 219 2530 283 2560; x_wconf 88' lang='lat' dir='ltr'>bus</span> <span class='ocrx_word' id='word_1_311' title='bbox 298 2539 361 2569; x_wconf 89' lang='lat' dir='ltr'>que</span> <span class='ocrx_word' id='word_1_312' title='bbox 377 2530 473 2560; x_wconf 90' lang='lat' dir='ltr'>nobis</span> <span class='ocrx_word' id='word_1_313' title='bbox 488 2530 641 2560; x_wconf 83' lang='lat' dir='ltr'>retribuit</span> <span class='ocrx_word' id='word_1_314' title='bbox 658 2531 821 2561; x_wconf 91' lang='lat' dir='ltr'>bonorum</span> <span class='ocrx_word' id='word_1_315' title='bbox 839 2532 989 2562; x_wconf 91' lang='lat' dir='ltr'>omnium</span> <span class='ocrx_word' id='word_1_316' title='bbox 1000 2533 1189 2568; x_wconf 76' lang='lat' dir='ltr'>retributor,</span> <span class='ocrx_word' id='word_1_317' title='bbox 1201 2533 1230 2563; x_wconf 90' lang='lat' dir='ltr'>ei</span> 
     </span>
     <span class='ocr_line' id='line_1_43' title="bbox 219 2583 1233 2624; baseline 0.004 -12"><span class='ocrx_word' id='word_1_318' title='bbox 219 2583 260 2613; x_wconf 90' lang='lat' dir='ltr'>de</span> <span class='ocrx_word' id='word_1_319' title='bbox 272 2583 413 2621; x_wconf 83' lang='lat' dir='ltr'>receptis</span> <span class='ocrx_word' id='word_1_320' title='bbox 427 2583 467 2612; x_wconf 90' lang='lat' dir='ltr'>ab</span> <span class='ocrx_word' id='word_1_321' title='bbox 482 2583 554 2621; x_wconf 89' lang='lat' dir='ltr'>ipso</span> <span class='ocrx_word' id='word_1_322' title='bbox 572 2583 689 2613; x_wconf 88' lang='lat' dir='ltr'>saltem</span> <span class='ocrx_word' id='word_1_323' title='bbox 702 2584 829 2622; x_wconf 87' lang='lat' dir='ltr'>aliquid</span> <span class='ocrx_word' id='word_1_324' title='bbox 840 2585 1072 2623; x_wconf 87' lang='lat' dir='ltr'>rependamus.</span> <span class='ocrx_word' id='word_1_325' title='bbox 1091 2586 1233 2624; x_wconf 90' lang='lat' dir='ltr'>Propter</span> 
     </span>
     <span class='ocr_line' id='line_1_44' title="bbox 219 2636 1231 2677; baseline 0.004 -12"><span class='ocrx_word' id='word_1_326' title='bbox 219 2636 319 2674; x_wconf 89' lang='lat' dir='ltr'>quod,</span> <span class='ocrx_word' id='word_1_327' title='bbox 338 2636 527 2666; x_wconf 88' lang='lat' dir='ltr'>mirandum</span> <span class='ocrx_word' id='word_1_328' title='bbox 546 2637 688 2666; x_wconf 87' lang='lat' dir='ltr'>occurrit</span> <span class='ocrx_word' id='word_1_329' title='bbox 705 2637 794 2675; x_wconf 88' lang='lat' dir='ltr'>quod</span> <span class='ocrx_word' id='word_1_330' title='bbox 810 2636 913 2668; x_wconf 85' lang='lat' dir='ltr'>misse</span> <span class='ocrx_word' id='word_1_331' title='bbox 926 2638 1024 2668; x_wconf 89' lang='lat' dir='ltr'>nobis</span> <span class='ocrx_word' id='word_1_332' title='bbox 1039 2648 1146 2677; x_wconf 88' lang='lat' dir='ltr'>nuper</span> <span class='ocrx_word' id='word_1_333' title='bbox 1157 2648 1231 2669; x_wconf 89' lang='lat' dir='ltr'>ves-</span> 
     </span>
    </p>
   </div>
   <div class='ocr_carea' id='block_1_7' title="bbox 218 2684 1260 2731">
    <p class='ocr_par' dir='ltr' id='par_1_7' title="bbox 218 2684 1260 2731">
     <span class='ocr_line' id='line_1_45' title="bbox 218 2684 1260 2731; baseline 0.004 -12"><span class='ocrx_word' id='word_1_334' title='bbox 218 2690 267 2719; x_wconf 86' lang='lat' dir='ltr'>tre</span> <span class='ocrx_word' id='word_1_335' title='bbox 283 2689 402 2725; x_wconf 87' lang='lat' dir='ltr'>littere,</span> <span class='ocrx_word' id='word_1_336' title='bbox 422 2697 458 2719; x_wconf 85' lang='lat' dir='ltr'>ac</span> <span class='ocrx_word' id='word_1_337' title='bbox 480 2689 673 2719; x_wconf 86' lang='lat' dir='ltr'>nuntiorum</span> <span class='ocrx_word' id='word_1_338' title='bbox 695 2691 883 2720; x_wconf 86' lang='lat' dir='ltr'>vestrorum</span> <span class='ocrx_word' id='word_1_339' title='bbox 901 2691 1029 2727; x_wconf 87' lang='lat' dir='ltr'>relatio,</span> <span class='ocrx_word' id='word_1_340' title='bbox 1046 2701 1146 2730; x_wconf 87' lang='lat' dir='ltr'>super</span> <span class='ocrx_word' id='word_1_341' title='bbox 1161 2693 1232 2731; x_wconf 88' lang='lat' dir='ltr'>qui-</span> <span class='ocrx_word' id='word_1_342' title='bbox 1258 2684 1260 2701; x_wconf 57' lang='lat'><em>³</em></span> 
     </span>
    </p>
   </div>
   <div class='ocr_carea' id='block_1_8' title="bbox 219 2742 1232 3047">
    <p class='ocr_par' dir='ltr' id='par_1_8' title="bbox 219 2742 1232 3047">
     <span class='ocr_line' id='line_1_46' title="bbox 219 2742 1230 2782; baseline 0.003 -10"><span class='ocrx_word' id='word_1_343' title='bbox 219 2742 360 2773; x_wconf 87' lang='lat' dir='ltr'>busdam</span> <span class='ocrx_word' id='word_1_344' title='bbox 372 2751 435 2780; x_wconf 86' lang='lat' dir='ltr'>que</span> <span class='ocrx_word' id='word_1_345' title='bbox 449 2742 544 2772; x_wconf 79' lang='lat' dir='ltr'>nobis</span> <span class='ocrx_word' id='word_1_346' title='bbox 554 2742 668 2780; x_wconf 87' lang='lat' dir='ltr'>procul</span> <span class='ocrx_word' id='word_1_347' title='bbox 681 2742 955 2781; x_wconf 88' lang='lat' dir='ltr'>dubiopersuasit</span> <span class='ocrx_word' id='word_1_348' title='bbox 966 2744 1072 2782; x_wconf 88' lang='lat' dir='ltr'>pietas</span> <span class='ocrx_word' id='word_1_349' title='bbox 1083 2746 1114 2775; x_wconf 93' lang='lat' dir='ltr'>et</span> <span class='ocrx_word' id='word_1_350' title='bbox 1130 2745 1230 2775; x_wconf 85' lang='lat' dir='ltr'>officii</span> 
     </span>
     <span class='ocr_line' id='line_1_47' title="bbox 220 2794 1232 2833; baseline 0.003 -7"><span class='ocrx_word' id='word_1_351' title='bbox 220 2795 403 2826; x_wconf 84' lang='lat' dir='ltr'>necessitas</span> <span class='ocrx_word' id='word_1_352' title='bbox 418 2794 642 2824; x_wconf 87' lang='lat' dir='ltr'>incumbentis</span> <span class='ocrx_word' id='word_1_353' title='bbox 658 2795 777 2833; x_wconf 81' lang='lat' dir='ltr'>exegit,</span> <span class='ocrx_word' id='word_1_354' title='bbox 796 2804 926 2825; x_wconf 89' lang='lat' dir='ltr'>amaras</span> <span class='ocrx_word' id='word_1_355' title='bbox 940 2795 1139 2828; x_wconf 86' lang='lat' dir='ltr'>videbantur</span> <span class='ocrx_word' id='word_1_356' title='bbox 1157 2807 1232 2829; x_wconf 89' lang='grc'>6011-</span> 
     </span>
     <span class='ocr_line' id='line_1_48' title="bbox 219 2847 1232 2889; baseline 0.002 -10"><span class='ocrx_word' id='word_1_357' title='bbox 219 2849 324 2879; x_wconf 88' lang='lat' dir='ltr'>tinere</span> <span class='ocrx_word' id='word_1_358' title='bbox 354 2848 520 2886; x_wconf 84' lang='lat' dir='ltr'>querelas,</span> <span class='ocrx_word' id='word_1_359' title='bbox 551 2847 726 2878; x_wconf 88' lang='lat' dir='ltr'>ecclesiam</span> <span class='ocrx_word' id='word_1_360' title='bbox 760 2848 970 2879; x_wconf 83' lang='lat' dir='ltr'>Gallicanam</span> <span class='ocrx_word' id='word_1_361' title='bbox 999 2858 1098 2889; x_wconf 90' lang='lat' dir='ltr'>super</span> <span class='ocrx_word' id='word_1_362' title='bbox 1127 2851 1232 2882; x_wconf 90' lang='lat' dir='ltr'>variis</span> 
     </span>
     <span class='ocr_line' id='line_1_49' title="bbox 219 2900 1230 2939; baseline 0.002 -7"><span class='ocrx_word' id='word_1_363' title='bbox 219 2900 768 2939; x_wconf 87' lang='lat' dir='ltr'>subventionibus,multiplicibus</span> <span class='ocrx_word' id='word_1_364' title='bbox 785 2901 1022 2932; x_wconf 86' lang='lat' dir='ltr'>beneficiorum</span> <span class='ocrx_word' id='word_1_365' title='bbox 1047 2902 1230 2934; x_wconf 85' lang='lat' dir='ltr'>collationi-</span> 
     </span>
     <span class='ocr_line' id='line_1_50' title="bbox 221 2953 1232 2995; baseline 0.002 -10"><span class='ocrx_word' id='word_1_366' title='bbox 221 2955 285 2985; x_wconf 85' lang='lat' dir='ltr'>bus</span> <span class='ocrx_word' id='word_1_367' title='bbox 311 2963 371 2993; x_wconf 90' lang='lat' dir='ltr'>per</span> <span class='ocrx_word' id='word_1_368' title='bbox 397 2963 457 2984; x_wconf 90' lang='grc'>1103</span> <span class='ocrx_word' id='word_1_369' title='bbox 480 2954 589 2989; x_wconf 83' lang='lat' dir='ltr'>factis,</span> <span class='ocrx_word' id='word_1_370' title='bbox 613 2953 843 2992; x_wconf 86' lang='lat' dir='ltr'>frequentibus</span> <span class='ocrx_word' id='word_1_371' title='bbox 864 2955 895 2984; x_wconf 87' lang='lat' dir='ltr'>et</span> <span class='ocrx_word' id='word_1_372' title='bbox 912 2954 1142 2986; x_wconf 88' lang='lat' dir='ltr'>immoderatis</span> <span class='ocrx_word' id='word_1_373' title='bbox 1159 2965 1232 2995; x_wconf 79' lang='lat' dir='ltr'>pro-</span> 
     </span>
     <span class='ocr_line' id='line_1_51' title="bbox 219 3007 1230 3047; baseline 0.002 -9"><span class='ocrx_word' id='word_1_374' title='bbox 219 3008 462 3045; x_wconf 82' lang='lat' dir='ltr'>curationibus,</span> <span class='ocrx_word' id='word_1_375' title='bbox 479 3016 538 3046; x_wconf 87' lang='lat' dir='ltr'>per</span> <span class='ocrx_word' id='word_1_376' title='bbox 567 3007 702 3037; x_wconf 87' lang='lat' dir='ltr'>nuntios</span> <span class='ocrx_word' id='word_1_377' title='bbox 734 3008 864 3037; x_wconf 82' lang='lat' dir='ltr'>nostros</span> <span class='ocrx_word' id='word_1_378' title='bbox 892 3008 1030 3038; x_wconf 82' lang='lat' dir='ltr'>extortis</span> <span class='ocrx_word' id='word_1_379' title='bbox 1060 3010 1230 3047; x_wconf 84' lang='lat' dir='ltr'>gravatam</span> 
     </span>
    </p>
   </div>
   <div class='ocr_carea' id='block_1_9' title="bbox 2262 340 2301 369">
    <p class='ocr_par' dir='ltr' id='par_1_9' title="bbox 2262 340 2301 369">
     <span class='ocr_line' id='line_1_52' title="bbox 2262 340 2301 369; baseline 0 0"><span class='ocrx_word' id='word_1_380' title='bbox 2262 340 2301 369; x_wconf 80' lang='lat'>75</span> 
     </span>
    </p>
   </div>
   <div class='ocr_carea' id='block_1_10' title="bbox 1289 416 2302 726">
    <p class='ocr_par' dir='ltr' id='par_1_10' title="bbox 1289 416 2302 726">
     <span class='ocr_line' id='line_1_53' title="bbox 1291 416 2300 460; baseline 0.008 -16"><span class='ocrx_word' id='word_1_381' title='bbox 1291 416 1520 455; x_wconf 83' lang='lat' dir='ltr'>multipliciter</span> <span class='ocrx_word' id='word_1_382' title='bbox 1533 418 1631 447; x_wconf 89' lang='lat' dir='ltr'>etiam</span> <span class='ocrx_word' id='word_1_383' title='bbox 1650 420 1772 449; x_wconf 86' lang='lat' dir='ltr'>nostris</span> <span class='ocrx_word' id='word_1_384' title='bbox 1789 421 1993 460; x_wconf 76' lang='lat' dir='ltr'>temporibus</span> <span class='ocrx_word' id='word_1_385' title='bbox 2004 424 2200 453; x_wconf 72' lang='lat' dir='ltr'>asserentes.</span> <span class='ocrx_word' id='word_1_386' title='bbox 2213 423 2300 454; x_wconf 85' lang='lat' dir='ltr'>Nam</span> 
     </span>
     <span class='ocr_line' id='line_1_54' title="bbox 1289 469 2302 515; baseline 0.01 -18"><span class='ocrx_word' id='word_1_387' title='bbox 1289 469 1318 497; x_wconf 78' lang='lat' dir='ltr'>si</span> <span class='ocrx_word' id='word_1_388' title='bbox 1335 469 1374 499; x_wconf 88' lang='lat' dir='ltr'>ad</span> <span class='ocrx_word' id='word_1_389' title='bbox 1391 470 1630 501; x_wconf 78' lang='lat' dir='ltr'>subventiones</span> <span class='ocrx_word' id='word_1_390' title='bbox 1646 472 1775 510; x_wconf 84' lang='lat' dir='ltr'>aliquas</span> <span class='ocrx_word' id='word_1_391' title='bbox 1789 482 1848 512; x_wconf 91' lang='lat' dir='ltr'>pro</span> <span class='ocrx_word' id='word_1_392' title='bbox 1860 474 1999 505; x_wconf 82' lang='lat' dir='ltr'>ecclesia</span> <span class='ocrx_word' id='word_1_393' title='bbox 2014 476 2166 506; x_wconf 77' lang='lat' dir='ltr'>Romana</span> <span class='ocrx_word' id='word_1_394' title='bbox 2181 478 2302 515; x_wconf 82' lang='lat' dir='ltr'>petitas</span> 
     </span>
     <span class='ocr_line' id='line_1_55' title="bbox 1290 523 2301 566; baseline 0.01 -16"><span class='ocrx_word' id='word_1_395' title='bbox 1290 523 1400 552; x_wconf 87' lang='lat' dir='ltr'>vestra</span> <span class='ocrx_word' id='word_1_396' title='bbox 1420 523 1544 553; x_wconf 83' lang='lat' dir='ltr'>feratur</span> <span class='ocrx_word' id='word_1_397' title='bbox 1569 524 1719 561; x_wconf 88' lang='lat' dir='ltr'>intentio,</span> <span class='ocrx_word' id='word_1_398' title='bbox 1735 526 1767 555; x_wconf 92' lang='lat' dir='ltr'>in</span> <span class='ocrx_word' id='word_1_399' title='bbox 1786 526 1954 564; x_wconf 88' lang='lat' dir='ltr'>publicum</span> <span class='ocrx_word' id='word_1_400' title='bbox 1975 529 2082 566; x_wconf 84' lang='lat' dir='ltr'>prodit</span> <span class='ocrx_word' id='word_1_401' title='bbox 2106 530 2177 558; x_wconf 84' lang='lat' dir='ltr'>sine</span> <span class='ocrx_word' id='word_1_402' title='bbox 2201 538 2301 560; x_wconf 76' lang='lat' dir='ltr'>causa</span> 
     </span>
     <span class='ocr_line' id='line_1_56' title="bbox 1289 575 2302 617; baseline 0.01 -14"><span class='ocrx_word' id='word_1_403' title='bbox 1289 575 1434 612; x_wconf 72' lang='lat' dir='ltr'>querela,</span> <span class='ocrx_word' id='word_1_404' title='bbox 1462 585 1537 606; x_wconf 90' lang='lat' dir='ltr'>cum</span> <span class='ocrx_word' id='word_1_405' title='bbox 1561 577 1690 607; x_wconf 88' lang='lat' dir='ltr'>nullum</span> <span class='ocrx_word' id='word_1_406' title='bbox 1709 580 1918 617; x_wconf 76' lang='lat' dir='ltr'>processerit,</span> <span class='ocrx_word' id='word_1_407' title='bbox 1938 581 2022 611; x_wconf 84' lang='lat' dir='ltr'>sicut</span> <span class='ocrx_word' id='word_1_408' title='bbox 2046 583 2161 617; x_wconf 89' lang='lat' dir='ltr'>nostis,</span> <span class='ocrx_word' id='word_1_409' title='bbox 2182 583 2214 613; x_wconf 90' lang='lat' dir='ltr'>in</span> <span class='ocrx_word' id='word_1_410' title='bbox 2240 583 2302 613; x_wconf 87' lang='lat' dir='ltr'>hac</span> 
     </span>
     <span class='ocr_line' id='line_1_57' title="bbox 1289 628 2300 674; baseline 0.01 -18"><span class='ocrx_word' id='word_1_411' title='bbox 1289 628 1380 665; x_wconf 88' lang='lat' dir='ltr'>parte</span> <span class='ocrx_word' id='word_1_412' title='bbox 1397 636 1588 666; x_wconf 83' lang='lat' dir='ltr'>gravamen.</span> <span class='ocrx_word' id='word_1_413' title='bbox 1608 630 1818 669; x_wconf 83' lang='lat' dir='ltr'>Quamquam</span> <span class='ocrx_word' id='word_1_414' title='bbox 1836 633 1924 662; x_wconf 83' lang='lat' dir='ltr'>enim</span> <span class='ocrx_word' id='word_1_415' title='bbox 1944 633 2050 663; x_wconf 85' lang='lat' dir='ltr'>eidem</span> <span class='ocrx_word' id='word_1_416' title='bbox 2071 635 2209 665; x_wconf 65' lang='lat' dir='ltr'>ecclesie</span> <span class='ocrx_word' id='word_1_417' title='bbox 2224 644 2300 674; x_wconf 85' lang='lat' dir='ltr'>que,</span> 
     </span>
     <span class='ocr_line' id='line_1_58' title="bbox 1289 680 2301 726; baseline 0.011 -18"><span class='ocrx_word' id='word_1_418' title='bbox 1289 680 1484 719; x_wconf 83' lang='lat' dir='ltr'>priusquam</span> <span class='ocrx_word' id='word_1_419' title='bbox 1508 682 1670 713; x_wconf 82' lang='lat' dir='ltr'>fuerimus</span> <span class='ocrx_word' id='word_1_420' title='bbox 1691 684 1730 713; x_wconf 88' lang='lat' dir='ltr'>ad</span> <span class='ocrx_word' id='word_1_421' title='bbox 1748 685 1895 723; x_wconf 86' lang='lat' dir='ltr'>regimen</span> <span class='ocrx_word' id='word_1_422' title='bbox 1915 686 2021 724; x_wconf 87' lang='lat' dir='ltr'>ipsius</span> <span class='ocrx_word' id='word_1_423' title='bbox 2041 689 2215 726; x_wconf 71' lang='lat' dir='ltr'>assumpti,</span> <span class='ocrx_word' id='word_1_424' title='bbox 2233 689 2301 719; x_wconf 81' lang='lat' dir='ltr'>cris</span> 
     </span>
    </p>
   </div>
   <div class='ocr_carea' id='block_1_11' title="bbox 1257 733 2302 779">
    <p class='ocr_par' dir='ltr' id='par_1_11' title="bbox 1257 733 2302 779">
     <span class='ocr_line' id='line_1_59' title="bbox 1257 733 2302 779; baseline 0.011 -18"><span class='ocrx_word' id='word_1_425' title='bbox 1257 766 1258 774; x_wconf 13' lang='grc' dir='ltr'>ἵ</span> <span class='ocrx_word' id='word_1_426' title='bbox 1289 733 1390 762; x_wconf 90' lang='lat' dir='ltr'>alieni</span> <span class='ocrx_word' id='word_1_427' title='bbox 1420 735 1514 771; x_wconf 83' lang='lat' dir='ltr'>gravi</span> <span class='ocrx_word' id='word_1_428' title='bbox 1543 737 1573 765; x_wconf 87' lang='lat' dir='ltr'>et</span> <span class='ocrx_word' id='word_1_429' title='bbox 1603 736 1807 774; x_wconf 79' lang='lat' dir='ltr'>importabili</span> <span class='ocrx_word' id='word_1_430' title='bbox 1832 739 1926 776; x_wconf 84' lang='lat' dir='ltr'>quasi</span> <span class='ocrx_word' id='word_1_431' title='bbox 1956 748 2054 769; x_wconf 80' lang='lat' dir='ltr'>onere</span> <span class='ocrx_word' id='word_1_432' title='bbox 2077 741 2302 779; x_wconf 63' lang='lat' dir='ltr'>premebatur,</span> 
     </span>
    </p>
   </div>
   <div class='ocr_carea' id='block_1_12' title="bbox 1287 786 2306 1729">
    <p class='ocr_par' dir='ltr' id='par_1_12' title="bbox 1289 786 2302 1026">
     <span class='ocr_line' id='line_1_60' title="bbox 1289 786 2301 827; baseline 0.011 -14"><span class='ocrx_word' id='word_1_433' title='bbox 1289 786 1393 815; x_wconf 90' lang='lat' dir='ltr'>multa</span> <span class='ocrx_word' id='word_1_434' title='bbox 1409 788 1440 816; x_wconf 90' lang='lat' dir='ltr'>et</span> <span class='ocrx_word' id='word_1_435' title='bbox 1457 787 1560 817; x_wconf 87' lang='lat' dir='ltr'>ardna</span> <span class='ocrx_word' id='word_1_436' title='bbox 1581 788 1810 820; x_wconf 87' lang='lat' dir='ltr'>incumberent</span> <span class='ocrx_word' id='word_1_437' title='bbox 1835 793 1863 821; x_wconf 89' lang='grc'>61</span> <span class='ocrx_word' id='word_1_438' title='bbox 1889 792 2092 827; x_wconf 77' lang='lat' dir='ltr'>incumbant,</span> <span class='ocrx_word' id='word_1_439' title='bbox 2113 803 2172 824; x_wconf 89' lang='lat' dir='ltr'>nos</span> <span class='ocrx_word' id='word_1_440' title='bbox 2189 796 2301 825; x_wconf 87' lang='lat' dir='ltr'>tamen</span> 
     </span>
     <span class='ocr_line' id='line_1_61' title="bbox 1290 839 2301 885; baseline 0.011 -20"><span class='ocrx_word' id='word_1_441' title='bbox 1290 845 1390 875; x_wconf 87' lang='lat' dir='ltr'>super</span> <span class='ocrx_word' id='word_1_442' title='bbox 1406 839 1573 876; x_wconf 64' lang='lat' dir='ltr'>predivtis,</span> <span class='ocrx_word' id='word_1_443' title='bbox 1595 842 1704 870; x_wconf 79' lang='lat' dir='ltr'>vestro</span> <span class='ocrx_word' id='word_1_444' title='bbox 1722 842 1797 872; x_wconf 89' lang='lat' dir='ltr'>licet</span> <span class='ocrx_word' id='word_1_445' title='bbox 1814 845 2001 874; x_wconf 70' lang='lat' dir='ltr'>necessario</span> <span class='ocrx_word' id='word_1_446' title='bbox 2020 846 2165 875; x_wconf 88' lang='lat' dir='ltr'>nondum</span> <span class='ocrx_word' id='word_1_447' title='bbox 2184 846 2301 885; x_wconf 90' lang='lat' dir='ltr'>implo-</span> 
     </span>
     <span class='ocr_line' id='line_1_62' title="bbox 1290 890 2302 929; baseline 0.01 -10"><span class='ocrx_word' id='word_1_448' title='bbox 1290 891 1359 919; x_wconf 84' lang='lat' dir='ltr'>rato</span> <span class='ocrx_word' id='word_1_449' title='bbox 1376 890 1539 925; x_wconf 79' lang='lat' dir='ltr'>subsidio,</span> <span class='ocrx_word' id='word_1_450' title='bbox 1558 892 1592 921; x_wconf 91' lang='lat' dir='ltr'>in</span> <span class='ocrx_word' id='word_1_451' title='bbox 1612 892 1676 922; x_wconf 74' lang='lat' dir='ltr'>hiis</span> <span class='ocrx_word' id='word_1_452' title='bbox 1699 895 1727 923; x_wconf 91' lang='lat' dir='ltr'>et</span> <span class='ocrx_word' id='word_1_453' title='bbox 1746 894 1822 924; x_wconf 92' lang='lat' dir='ltr'>aliis</span> <span class='ocrx_word' id='word_1_454' title='bbox 1840 897 2022 927; x_wconf 80' lang='lat' dir='ltr'>anxietates</span> <span class='ocrx_word' id='word_1_455' title='bbox 2038 898 2191 928; x_wconf 79' lang='lat' dir='ltr'>subimus</span> <span class='ocrx_word' id='word_1_456' title='bbox 2206 900 2302 929; x_wconf 87' lang='lat' dir='ltr'>innu-</span> 
     </span>
     <span class='ocr_line' id='line_1_63' title="bbox 1290 945 2298 991; baseline 0.011 -20"><span class='ocrx_word' id='word_1_457' title='bbox 1290 945 1455 976; x_wconf 87' lang='lat' dir='ltr'>meras‚ut</span> <span class='ocrx_word' id='word_1_458' title='bbox 1469 946 1578 974; x_wconf 86' lang='lat' dir='ltr'>vestra</span> <span class='ocrx_word' id='word_1_459' title='bbox 1595 947 1624 974; x_wconf 90' lang='grc'>61</span> <span class='ocrx_word' id='word_1_460' title='bbox 1640 946 1781 976; x_wconf 88' lang='lat' dir='ltr'>aliorum</span> <span class='ocrx_word' id='word_1_461' title='bbox 1798 950 1991 986; x_wconf 83' lang='lat' dir='ltr'>gravamina</span> <span class='ocrx_word' id='word_1_462' title='bbox 2006 954 2166 988; x_wconf 87' lang='lat' dir='ltr'>quantum</span> <span class='ocrx_word' id='word_1_463' title='bbox 2185 961 2298 991; x_wconf 82' lang='lat' dir='ltr'>possu-</span> 
     </span>
     <span class='ocr_line' id='line_1_64' title="bbox 1292 996 1568 1026; baseline 0.011 -3"><span class='ocrx_word' id='word_1_464' title='bbox 1292 1003 1368 1024; x_wconf 88' lang='lat' dir='ltr'>mus</span> <span class='ocrx_word' id='word_1_465' title='bbox 1393 996 1568 1026; x_wconf 81' lang='lat' dir='ltr'>evitemus.</span> 
     </span>
    </p>

    <p class='ocr_par' dir='ltr' id='par_1_13' title="bbox 1287 1048 2306 1729">
     <span class='ocr_line' id='line_1_65' title="bbox 1330 1048 2300 1096; baseline 0.011 -19"><span class='ocrx_word' id='word_1_466' title='bbox 1330 1048 1426 1084; x_wconf 84' lang='lat' dir='ltr'>Quod</span> <span class='ocrx_word' id='word_1_467' title='bbox 1453 1049 1481 1079; x_wconf 84' lang='lat' dir='ltr'>si</span> <span class='ocrx_word' id='word_1_468' title='bbox 1503 1050 1543 1080; x_wconf 79' lang='lat' dir='ltr'>al</span> <span class='ocrx_word' id='word_1_469' title='bbox 1569 1059 1606 1080; x_wconf 84' lang='lat' dir='ltr'>ea</span> <span class='ocrx_word' id='word_1_470' title='bbox 1635 1060 1698 1089; x_wconf 89' lang='lat' dir='ltr'>que</span> <span class='ocrx_word' id='word_1_471' title='bbox 1726 1061 1785 1090; x_wconf 87' lang='lat' dir='ltr'>per</span> <span class='ocrx_word' id='word_1_472' title='bbox 1810 1062 1872 1083; x_wconf 82' lang='lat' dir='ltr'>nos</span> <span class='ocrx_word' id='word_1_473' title='bbox 1892 1056 1921 1084; x_wconf 88' lang='grc'>61</span> <span class='ocrx_word' id='word_1_474' title='bbox 1939 1055 2059 1086; x_wconf 85' lang='lat' dir='ltr'>fratres</span> <span class='ocrx_word' id='word_1_475' title='bbox 2086 1060 2217 1087; x_wconf 90' lang='lat' dir='ltr'>nostros</span> <span class='ocrx_word' id='word_1_476' title='bbox 2235 1067 2300 1096; x_wconf 90' lang='lat' dir='ltr'>pro</span> 
     </span>
     <span class='ocr_line' id='line_1_66' title="bbox 1290 1101 2305 1142; baseline 0.009 -11"><span class='ocrx_word' id='word_1_477' title='bbox 1290 1101 1422 1139; x_wconf 88' lang='lat' dir='ltr'>imperii</span> <span class='ocrx_word' id='word_1_478' title='bbox 1453 1102 1814 1142; x_wconf 85' lang='lat' dir='ltr'>Constantinopolitani</span> <span class='ocrx_word' id='word_1_479' title='bbox 1845 1107 1875 1136; x_wconf 87' lang='grc'>61</span> <span class='ocrx_word' id='word_1_480' title='bbox 1892 1107 1992 1138; x_wconf 84' lang='grc' dir='ltr'>Τ6116</span> <span class='ocrx_word' id='word_1_481' title='bbox 2011 1109 2129 1139; x_wconf 79' lang='lat' dir='ltr'>Sancte</span> <span class='ocrx_word' id='word_1_482' title='bbox 2160 1110 2305 1140; x_wconf 84' lang='lat' dir='ltr'>necessi-</span> 
     </span>
     <span class='ocr_line' id='line_1_67' title="bbox 1288 1154 2304 1201; baseline 0.011 -18"><span class='ocrx_word' id='word_1_483' title='bbox 1288 1154 1413 1184; x_wconf 88' lang='lat' dir='ltr'>tatibus</span> <span class='ocrx_word' id='word_1_484' title='bbox 1425 1157 1501 1185; x_wconf 88' lang='grc'>311111</span> <span class='ocrx_word' id='word_1_485' title='bbox 1515 1156 1661 1193; x_wconf 86' lang='lat' dir='ltr'>provisa,</span> <span class='ocrx_word' id='word_1_486' title='bbox 1680 1159 1789 1188; x_wconf 83' lang='lat' dir='ltr'>vester</span> <span class='ocrx_word' id='word_1_487' title='bbox 1811 1167 1877 1197; x_wconf 88' lang='lat' dir='ltr'>quo</span> <span class='ocrx_word' id='word_1_488' title='bbox 1894 1160 1932 1190; x_wconf 86' lang='lat' dir='ltr'>ad</span> <span class='ocrx_word' id='word_1_489' title='bbox 1951 1161 2011 1191; x_wconf 90' lang='lat' dir='ltr'>hoc</span> <span class='ocrx_word' id='word_1_490' title='bbox 2034 1162 2188 1201; x_wconf 82' lang='lat' dir='ltr'>dirigitur</span> <span class='ocrx_word' id='word_1_491' title='bbox 2207 1164 2304 1194; x_wconf 89' lang='lat' dir='ltr'>intel-</span> 
     </span>
     <span class='ocr_line' id='line_1_68' title="bbox 1290 1207 2306 1249; baseline 0.01 -13"><span class='ocrx_word' id='word_1_492' title='bbox 1290 1207 1407 1244; x_wconf 78' lang='lat' dir='ltr'>lectus,</span> <span class='ocrx_word' id='word_1_493' title='bbox 1457 1208 1620 1238; x_wconf 77' lang='lat' dir='ltr'>vellemus</span> <span class='ocrx_word' id='word_1_494' title='bbox 1662 1210 1997 1249; x_wconf 80' lang='lat' dir='ltr'>circumspectionem</span> <span class='ocrx_word' id='word_1_495' title='bbox 2046 1217 2191 1245; x_wconf 73' lang='lat' dir='ltr'>vestram</span> <span class='ocrx_word' id='word_1_496' title='bbox 2233 1216 2306 1246; x_wconf 88' lang='lat' dir='ltr'>dili-</span> 
     </span>
     <span class='ocr_line' id='line_1_69' title="bbox 1289 1260 2303 1307; baseline 0.009 -18"><span class='ocrx_word' id='word_1_497' title='bbox 1289 1260 1421 1298; x_wconf 79' lang='lat' dir='ltr'>gentius</span> <span class='ocrx_word' id='word_1_498' title='bbox 1439 1262 1631 1296; x_wconf 80' lang='lat' dir='ltr'>attendisse,</span> <span class='ocrx_word' id='word_1_499' title='bbox 1645 1263 1732 1301; x_wconf 76' lang='lat' dir='ltr'>quod</span> <span class='ocrx_word' id='word_1_500' title='bbox 1746 1272 1862 1294; x_wconf 87' lang='lat' dir='ltr'>omnes</span> <span class='ocrx_word' id='word_1_501' title='bbox 1875 1273 1992 1295; x_wconf 73' lang='lat' dir='ltr'>sumus</span> <span class='ocrx_word' id='word_1_502' title='bbox 2010 1276 2114 1297; x_wconf 87' lang='grc'>111111111</span> <span class='ocrx_word' id='word_1_503' title='bbox 2131 1277 2251 1307; x_wconf 86' lang='grc'>60111113</span> <span class='ocrx_word' id='word_1_504' title='bbox 2268 1269 2303 1298; x_wconf 89' lang='grc'>111</span> 
     </span>
     <span class='ocr_line' id='line_1_70' title="bbox 1290 1313 2302 1351; baseline 0.009 -8"><span class='ocrx_word' id='word_1_505' title='bbox 1290 1313 1434 1350; x_wconf 88' lang='lat' dir='ltr'>Christo,</span> <span class='ocrx_word' id='word_1_506' title='bbox 1459 1314 1623 1344; x_wconf 79' lang='lat' dir='ltr'>vellemus</span> <span class='ocrx_word' id='word_1_507' title='bbox 1648 1324 1709 1346; x_wconf 81' lang='lat' dir='ltr'>vos</span> <span class='ocrx_word' id='word_1_508' title='bbox 1733 1318 1856 1347; x_wconf 90' lang='lat' dir='ltr'>attenta</span> <span class='ocrx_word' id='word_1_509' title='bbox 1878 1319 2145 1351; x_wconf 81' lang='lat' dir='ltr'>consideratione</span> <span class='ocrx_word' id='word_1_510' title='bbox 2170 1324 2302 1351; x_wconf 86' lang='lat' dir='ltr'>notasse</span> 
     </span>
     <span class='ocr_line' id='line_1_71' title="bbox 1289 1367 2306 1404; baseline 0.009 -9"><span class='ocrx_word' id='word_1_511' title='bbox 1289 1374 1389 1404; x_wconf 87' lang='lat' dir='ltr'>quam</span> <span class='ocrx_word' id='word_1_512' title='bbox 1417 1367 1459 1396; x_wconf 87' lang='lat' dir='ltr'>sit</span> <span class='ocrx_word' id='word_1_513' title='bbox 1478 1367 1588 1398; x_wconf 87' lang='lat' dir='ltr'>nobile</span> <span class='ocrx_word' id='word_1_514' title='bbox 1607 1369 1795 1399; x_wconf 88' lang='lat' dir='ltr'>membrum</span> <span class='ocrx_word' id='word_1_515' title='bbox 1819 1371 2024 1402; x_wconf 78' lang='lat' dir='ltr'>universalis</span> <span class='ocrx_word' id='word_1_516' title='bbox 2049 1373 2186 1404; x_wconf 68' lang='lat' dir='ltr'>ecclesie</span> <span class='ocrx_word' id='word_1_517' title='bbox 2205 1374 2306 1404; x_wconf 78' lang='lat' dir='ltr'>Cons-</span> 
     </span>
     <span class='ocr_line' id='line_1_72' title="bbox 1289 1419 2301 1461; baseline 0.008 -12"><span class='ocrx_word' id='word_1_518' title='bbox 1289 1419 1606 1458; x_wconf 88' lang='lat' dir='ltr'>tantinopolitanum</span> <span class='ocrx_word' id='word_1_519' title='bbox 1640 1422 1818 1461; x_wconf 85' lang='lat' dir='ltr'>imperium</span> <span class='ocrx_word' id='word_1_520' title='bbox 1843 1426 1873 1454; x_wconf 92' lang='lat' dir='ltr'>et</span> <span class='ocrx_word' id='word_1_521' title='bbox 1903 1425 2014 1455; x_wconf 78' lang='lat' dir='ltr'>forsan</span> <span class='ocrx_word' id='word_1_522' title='bbox 2042 1427 2301 1457; x_wconf 72' lang='lat' dir='ltr'>subtractionem</span> 
     </span>
     <span class='ocr_line' id='line_1_73' title="bbox 1289 1472 2302 1519; baseline 0.01 -19"><span class='ocrx_word' id='word_1_523' title='bbox 1289 1472 1396 1510; x_wconf 78' lang='lat' dir='ltr'>ipsius</span> <span class='ocrx_word' id='word_1_524' title='bbox 1419 1473 1459 1502; x_wconf 92' lang='lat' dir='ltr'>ab</span> <span class='ocrx_word' id='word_1_525' title='bbox 1480 1474 1628 1512; x_wconf 83' lang='lat' dir='ltr'>ejusdem</span> <span class='ocrx_word' id='word_1_526' title='bbox 1646 1476 1784 1506; x_wconf 79' lang='lat' dir='ltr'>ecclesie</span> <span class='ocrx_word' id='word_1_527' title='bbox 1816 1477 1941 1508; x_wconf 85' lang='lat' dir='ltr'>unitate</span> <span class='ocrx_word' id='word_1_528' title='bbox 1960 1487 2023 1508; x_wconf 90' lang='lat' dir='ltr'>non</span> <span class='ocrx_word' id='word_1_529' title='bbox 2042 1481 2184 1518; x_wconf 77' lang='lat' dir='ltr'>possetis</span> <span class='ocrx_word' id='word_1_530' title='bbox 2201 1489 2302 1519; x_wconf 85' lang='lat' dir='ltr'>equa-</span> 
     </span>
     <span class='ocr_line' id='line_1_74' title="bbox 1288 1525 2303 1572; baseline 0.01 -18"><span class='ocrx_word' id='word_1_531' title='bbox 1288 1525 1424 1555; x_wconf 79' lang='lat' dir='ltr'>nimiter</span> <span class='ocrx_word' id='word_1_532' title='bbox 1442 1527 1593 1557; x_wconf 85' lang='lat' dir='ltr'>tolerare.</span> <span class='ocrx_word' id='word_1_533' title='bbox 1608 1528 1752 1559; x_wconf 87' lang='lat' dir='ltr'>Puderet</span> <span class='ocrx_word' id='word_1_534' title='bbox 1772 1530 1861 1559; x_wconf 90' lang='lat' dir='ltr'>enim</span> <span class='ocrx_word' id='word_1_535' title='bbox 1883 1540 1956 1566; x_wconf 79' lang='lat' dir='ltr'>vos,</span> <span class='ocrx_word' id='word_1_536' title='bbox 1977 1540 2050 1561; x_wconf 90' lang='lat' dir='ltr'>cum</span> <span class='ocrx_word' id='word_1_537' title='bbox 2069 1533 2217 1572; x_wconf 69' lang='lat' dir='ltr'>ejusdem</span> <span class='ocrx_word' id='word_1_538' title='bbox 2234 1543 2303 1564; x_wconf 77' lang='lat' dir='ltr'>cor-</span> 
     </span>
     <span class='ocr_line' id='line_1_75' title="bbox 1287 1579 2304 1626; baseline 0.01 -19"><span class='ocrx_word' id='word_1_539' title='bbox 1287 1579 1378 1617; x_wconf 86' lang='lat' dir='ltr'>poris</span> <span class='ocrx_word' id='word_1_540' title='bbox 1386 1580 1452 1608; x_wconf 86' lang='lat' dir='ltr'>tam</span> <span class='ocrx_word' id='word_1_541' title='bbox 1461 1580 1599 1618; x_wconf 77' lang='lat' dir='ltr'>grandia</span> <span class='ocrx_word' id='word_1_542' title='bbox 1611 1582 1759 1612; x_wconf 88' lang='lat' dir='ltr'>membra</span> <span class='ocrx_word' id='word_1_543' title='bbox 1769 1583 1853 1617; x_wconf 90' lang='lat' dir='ltr'>sitis,</span> <span class='ocrx_word' id='word_1_544' title='bbox 1864 1584 2132 1616; x_wconf 80' lang='lat' dir='ltr'>insensibilitatis</span> <span class='ocrx_word' id='word_1_545' title='bbox 2141 1588 2234 1625; x_wconf 72' lang='lat' dir='ltr'>argui</span> <span class='ocrx_word' id='word_1_546' title='bbox 2244 1596 2304 1626; x_wconf 88' lang='lat' dir='ltr'>per</span> 
     </span>
     <span class='ocr_line' id='line_1_76' title="bbox 1287 1632 2303 1679; baseline 0.01 -19"><span class='ocrx_word' id='word_1_547' title='bbox 1287 1632 1482 1671; x_wconf 82' lang='lat' dir='ltr'>proplietam</span> <span class='ocrx_word' id='word_1_548' title='bbox 1503 1642 1543 1662; x_wconf 81' lang='lat' dir='ltr'>ex</span> <span class='ocrx_word' id='word_1_549' title='bbox 1565 1642 1615 1669; x_wconf 78' lang='lat' dir='ltr'>eo,</span> <span class='ocrx_word' id='word_1_550' title='bbox 1633 1635 1721 1672; x_wconf 84' lang='lat' dir='ltr'>quod</span> <span class='ocrx_word' id='word_1_551' title='bbox 1738 1644 1803 1665; x_wconf 93' lang='lat' dir='ltr'>non</span> <span class='ocrx_word' id='word_1_552' title='bbox 1822 1637 1929 1666; x_wconf 88' lang='lat' dir='ltr'>solum</span> <span class='ocrx_word' id='word_1_553' title='bbox 1948 1638 1982 1667; x_wconf 95' lang='lat' dir='ltr'>in</span> <span class='ocrx_word' id='word_1_554' title='bbox 2000 1639 2147 1676; x_wconf 84' lang='lat' dir='ltr'>ejusdem</span> <span class='ocrx_word' id='word_1_555' title='bbox 2170 1640 2303 1679; x_wconf 89' lang='lat' dir='ltr'>imperii</span> 
     </span>
     <span class='ocr_line' id='line_1_77' title="bbox 1288 1685 2301 1729; baseline 0.009 -15"><span class='ocrx_word' id='word_1_556' title='bbox 1288 1685 1502 1724; x_wconf 79' lang='lat' dir='ltr'>occupatione</span> <span class='ocrx_word' id='word_1_557' title='bbox 1527 1688 1678 1725; x_wconf 86' lang='lat' dir='ltr'>percussi</span> <span class='ocrx_word' id='word_1_558' title='bbox 1704 1690 1734 1718; x_wconf 88' lang='lat' dir='ltr'>et</span> <span class='ocrx_word' id='word_1_559' title='bbox 1758 1688 1819 1719; x_wconf 89' lang='lat' dir='ltr'>lesi</span> <span class='ocrx_word' id='word_1_560' title='bbox 1836 1691 1983 1728; x_wconf 89' lang='lat' dir='ltr'>graviter</span> <span class='ocrx_word' id='word_1_561' title='bbox 2000 1701 2066 1722; x_wconf 83' lang='lat' dir='ltr'>non</span> <span class='ocrx_word' id='word_1_562' title='bbox 2085 1693 2216 1729; x_wconf 86' lang='lat' dir='ltr'>doletis,</span> <span class='ocrx_word' id='word_1_563' title='bbox 2243 1694 2301 1724; x_wconf 82' lang='lat' dir='ltr'>sed</span> 
     </span>
    </p>
   </div>
   <div class='ocr_carea' id='block_1_13' title="bbox 1257 1738 2300 1838">
    <p class='ocr_par' dir='ltr' id='par_1_14' title="bbox 1257 1738 2300 1838">
     <span class='ocr_line' id='line_1_78' title="bbox 1257 1738 2300 1783; baseline 0.009 -15"><span class='ocrx_word' id='word_1_564' title='bbox 1257 1759 1258 1768; x_wconf 48' lang='grc'>1</span> <span class='ocrx_word' id='word_1_565' title='bbox 1288 1738 1386 1768; x_wconf 86' lang='lat' dir='ltr'>etiam</span> <span class='ocrx_word' id='word_1_566' title='bbox 1400 1738 1433 1768; x_wconf 92' lang='lat' dir='ltr'>in</span> <span class='ocrx_word' id='word_1_567' title='bbox 1445 1740 1513 1769; x_wconf 85' lang='lat' dir='ltr'>tam</span> <span class='ocrx_word' id='word_1_568' title='bbox 1525 1741 1617 1778; x_wconf 82' lang='lat' dir='ltr'>gravi</span> <span class='ocrx_word' id='word_1_569' title='bbox 1630 1741 1756 1771; x_wconf 87' lang='lat' dir='ltr'>lesione</span> <span class='ocrx_word' id='word_1_570' title='bbox 1769 1743 1934 1773; x_wconf 88' lang='lat' dir='ltr'>medicum</span> <span class='ocrx_word' id='word_1_571' title='bbox 1949 1746 2120 1783; x_wconf 86' lang='lat' dir='ltr'>aspernari</span> <span class='ocrx_word' id='word_1_572' title='bbox 2138 1747 2300 1777; x_wconf 87' lang='lat' dir='ltr'>videmini</span> 
     </span>
     <span class='ocr_line' id='line_1_79' title="bbox 1257 1791 2300 1838; baseline 0.01 -18"><span class='ocrx_word' id='word_1_573' title='bbox 1257 1824 1259 1832; x_wconf 27' lang='lat' dir='ltr'>y</span> <span class='ocrx_word' id='word_1_574' title='bbox 1287 1799 1363 1821; x_wconf 87' lang='lat' dir='ltr'>cum</span> <span class='ocrx_word' id='word_1_575' title='bbox 1383 1791 1517 1822; x_wconf 78' lang='lat' dir='ltr'>lenitate</span> <span class='ocrx_word' id='word_1_576' title='bbox 1535 1793 1733 1830; x_wconf 88' lang='lat' dir='ltr'>medentem,</span> <span class='ocrx_word' id='word_1_577' title='bbox 1752 1795 1831 1825; x_wconf 89' lang='lat' dir='ltr'>dum</span> <span class='ocrx_word' id='word_1_578' title='bbox 1848 1805 1906 1835; x_wconf 90' lang='lat' dir='ltr'>pro</span> <span class='ocrx_word' id='word_1_579' title='bbox 1928 1797 2000 1836; x_wconf 84' lang='lat' dir='ltr'>ipso</span> <span class='ocrx_word' id='word_1_580' title='bbox 2024 1798 2163 1838; x_wconf 84' lang='lat' dir='ltr'>imperio</span> <span class='ocrx_word' id='word_1_581' title='bbox 2184 1800 2300 1830; x_wconf 82' lang='lat' dir='ltr'>exhor-</span> 
     </span>
    </p>
   </div>
   <div class='ocr_carea' id='block_1_14' title="bbox 1286 1845 2305 2207">
    <p class='ocr_par' dir='ltr' id='par_1_15' title="bbox 1286 1845 2305 2207">
     <span class='ocr_line' id='line_1_80' title="bbox 1287 1845 2301 1887; baseline 0.01 -14"><span class='ocrx_word' id='word_1_582' title='bbox 1287 1845 1471 1875; x_wconf 85' lang='lat' dir='ltr'>tationibus</span> <span class='ocrx_word' id='word_1_583' title='bbox 1487 1845 1629 1885; x_wconf 84' lang='lat' dir='ltr'>benigne</span> <span class='ocrx_word' id='word_1_584' title='bbox 1642 1848 1808 1878; x_wconf 89' lang='lat' dir='ltr'>monentis</span> <span class='ocrx_word' id='word_1_585' title='bbox 1819 1850 1919 1887; x_wconf 88' lang='lat' dir='ltr'>petita</span> <span class='ocrx_word' id='word_1_586' title='bbox 1938 1851 2114 1882; x_wconf 86' lang='lat' dir='ltr'>subventio</span> <span class='ocrx_word' id='word_1_587' title='bbox 2128 1861 2192 1882; x_wconf 92' lang='lat' dir='ltr'>non</span> <span class='ocrx_word' id='word_1_588' title='bbox 2209 1862 2301 1884; x_wconf 86' lang='lat' dir='ltr'>coac-</span> 
     </span>
     <span class='ocr_line' id='line_1_81' title="bbox 1287 1899 2302 1939; baseline 0.01 -12"><span class='ocrx_word' id='word_1_589' title='bbox 1287 1899 1531 1937; x_wconf 86' lang='lat' dir='ltr'>tionejubentis</span> <span class='ocrx_word' id='word_1_590' title='bbox 1540 1901 1666 1930; x_wconf 78' lang='lat' dir='ltr'>extorta</span> <span class='ocrx_word' id='word_1_591' title='bbox 1678 1902 1871 1939; x_wconf 87' lang='lat' dir='ltr'>querelandi</span> <span class='ocrx_word' id='word_1_592' title='bbox 1881 1903 1977 1933; x_wconf 79' lang='lat' dir='ltr'>vobis</span> <span class='ocrx_word' id='word_1_593' title='bbox 1988 1904 2118 1935; x_wconf 85' lang='lat' dir='ltr'>videtur</span> <span class='ocrx_word' id='word_1_594' title='bbox 2129 1907 2302 1937; x_wconf 86' lang='lat' dir='ltr'>materiam</span> 
     </span>
     <span class='ocr_line' id='line_1_82' title="bbox 1286 1952 2305 1996; baseline 0.009 -15"><span class='ocrx_word' id='word_1_595' title='bbox 1286 1952 1483 1990; x_wconf 75' lang='lat' dir='ltr'>prestitisse,</span> <span class='ocrx_word' id='word_1_596' title='bbox 1497 1961 1571 1982; x_wconf 87' lang='lat' dir='ltr'>cum</span> <span class='ocrx_word' id='word_1_597' title='bbox 1587 1954 1695 1983; x_wconf 87' lang='lat' dir='ltr'>tamen</span> <span class='ocrx_word' id='word_1_598' title='bbox 1708 1955 1902 1992; x_wconf 87' lang='lat' dir='ltr'>petitionem</span> <span class='ocrx_word' id='word_1_599' title='bbox 1918 1956 2109 1996; x_wconf 87' lang='lat' dir='ltr'>hujusmodi</span> <span class='ocrx_word' id='word_1_600' title='bbox 2126 1959 2305 1990; x_wconf 88' lang='lat' dir='ltr'>oblationis</span> 
     </span>
     <span class='ocr_line' id='line_1_83' title="bbox 1286 2005 2303 2049; baseline 0.008 -15"><span class='ocrx_word' id='word_1_601' title='bbox 1286 2005 1550 2043; x_wconf 83' lang='lat' dir='ltr'>promptitudine</span> <span class='ocrx_word' id='word_1_602' title='bbox 1562 2006 1731 2037; x_wconf 88' lang='lat' dir='ltr'>debuisset</span> <span class='ocrx_word' id='word_1_603' title='bbox 1745 2009 1855 2039; x_wconf 86' lang='lat' dir='ltr'>vestra</span> <span class='ocrx_word' id='word_1_604' title='bbox 1867 2009 1998 2040; x_wconf 89' lang='lat' dir='ltr'>devotio</span> <span class='ocrx_word' id='word_1_605' title='bbox 2013 2012 2200 2049; x_wconf 86' lang='lat' dir='ltr'>prevenire,</span> <span class='ocrx_word' id='word_1_606' title='bbox 2215 2021 2303 2042; x_wconf 89' lang='lat' dir='ltr'>nunc</span> 
     </span>
     <span class='ocr_line' id='line_1_84' title="bbox 1286 2058 2301 2104; baseline 0.009 -18"><span class='ocrx_word' id='word_1_607' title='bbox 1286 2058 1454 2096; x_wconf 86' lang='lat' dir='ltr'>precipue,</span> <span class='ocrx_word' id='word_1_608' title='bbox 1469 2058 1679 2089; x_wconf 89' lang='lat' dir='ltr'>nobilissima</span> <span class='ocrx_word' id='word_1_609' title='bbox 1698 2060 1825 2091; x_wconf 84' lang='lat' dir='ltr'>scilicet</span> <span class='ocrx_word' id='word_1_610' title='bbox 1843 2062 1974 2093; x_wconf 78' lang='lat' dir='ltr'>civitate</span> <span class='ocrx_word' id='word_1_611' title='bbox 1995 2064 2301 2104; x_wconf 81' lang='lat' dir='ltr'>Constantinopoli·</span> 
     </span>
     <span class='ocr_line' id='line_1_85' title="bbox 1286 2111 2302 2157; baseline 0.01 -18"><span class='ocrx_word' id='word_1_612' title='bbox 1286 2111 1374 2146; x_wconf 87' lang='lat' dir='ltr'>tana,</span> <span class='ocrx_word' id='word_1_613' title='bbox 1394 2119 1456 2149; x_wconf 87' lang='lat' dir='ltr'>que</span> <span class='ocrx_word' id='word_1_614' title='bbox 1475 2112 1572 2150; x_wconf 89' lang='lat' dir='ltr'>caput</span> <span class='ocrx_word' id='word_1_615' title='bbox 1588 2113 1636 2142; x_wconf 87' lang='lat' dir='ltr'>est</span> <span class='ocrx_word' id='word_1_616' title='bbox 1653 2113 1761 2151; x_wconf 81' lang='lat' dir='ltr'>ipsius</span> <span class='ocrx_word' id='word_1_617' title='bbox 1777 2114 1922 2153; x_wconf 88' lang='lat' dir='ltr'>imperii,</span> <span class='ocrx_word' id='word_1_618' title='bbox 1941 2125 1999 2154; x_wconf 91' lang='lat' dir='ltr'>per</span> <span class='ocrx_word' id='word_1_619' title='bbox 2015 2117 2221 2148; x_wconf 67' lang='lat' dir='ltr'>scismaticos</span> <span class='ocrx_word' id='word_1_620' title='bbox 2242 2127 2302 2157; x_wconf 90' lang='lat' dir='ltr'>pro</span> 
     </span>
     <span class='ocr_line' id='line_1_86' title="bbox 1286 2164 2303 2207; baseline 0.009 -14"><span class='ocrx_word' id='word_1_621' title='bbox 1286 2164 1394 2194; x_wconf 84' lang='lat' dir='ltr'>dolor!</span> <span class='ocrx_word' id='word_1_622' title='bbox 1414 2166 1583 2203; x_wconf 86' lang='lat' dir='ltr'>occupata,</span> <span class='ocrx_word' id='word_1_623' title='bbox 1599 2167 1630 2195; x_wconf 90' lang='lat' dir='ltr'>et</span> <span class='ocrx_word' id='word_1_624' title='bbox 1646 2166 1820 2197; x_wconf 87' lang='lat' dir='ltr'>carissimo</span> <span class='ocrx_word' id='word_1_625' title='bbox 1838 2168 1871 2198; x_wconf 90' lang='lat' dir='ltr'>in</span> <span class='ocrx_word' id='word_1_626' title='bbox 1891 2169 2021 2199; x_wconf 87' lang='lat' dir='ltr'>Christo</span> <span class='ocrx_word' id='word_1_627' title='bbox 2040 2170 2109 2200; x_wconf 86' lang='grc'>11110</span> <span class='ocrx_word' id='word_1_628' title='bbox 2126 2173 2238 2202; x_wconf 85' lang='grc'>1103110</span> <span class='ocrx_word' id='word_1_629' title='bbox 2250 2172 2303 2207; x_wconf 87' lang='grc' dir='ltr'>Β.,</span> 
     </span>
    </p>
   </div>
   <div class='ocr_carea' id='block_1_15' title="bbox 1257 2217 2304 2258">
    <p class='ocr_par' dir='ltr' id='par_1_16' title="bbox 1257 2217 2304 2258">
     <span class='ocr_line' id='line_1_87' title="bbox 1257 2217 2304 2258; baseline 0.009 -12"><span class='ocrx_word' id='word_1_630' title='bbox 1257 2224 1258 2255; x_wconf 68' lang='lat'>3</span> <span class='ocrx_word' id='word_1_631' title='bbox 1286 2217 1484 2256; x_wconf 82' lang='lat' dir='ltr'>imperatore</span> <span class='ocrx_word' id='word_1_632' title='bbox 1515 2218 1884 2258; x_wconf 77' lang='lat' dir='ltr'>Constantinopolitano</span> <span class='ocrx_word' id='word_1_633' title='bbox 1913 2221 2048 2258; x_wconf 86' lang='lat' dir='ltr'>illustri,</span> <span class='ocrx_word' id='word_1_634' title='bbox 2067 2225 2304 2255; x_wconf 80' lang='lat' dir='ltr'>miserabiliter</span> 
     </span>
    </p>
   </div>
   <div class='ocr_carea' id='block_1_16' title="bbox 1285 2270 2303 2734">
    <p class='ocr_par' dir='ltr' id='par_1_17' title="bbox 1285 2270 2303 2734">
     <span class='ocr_line' id='line_1_88' title="bbox 1286 2270 2302 2312; baseline 0.009 -13"><span class='ocrx_word' id='word_1_635' title='bbox 1286 2270 1421 2300; x_wconf 79' lang='lat' dir='ltr'>exulare</span> <span class='ocrx_word' id='word_1_636' title='bbox 1440 2272 1562 2301; x_wconf 87' lang='lat' dir='ltr'>coacto.</span> <span class='ocrx_word' id='word_1_637' title='bbox 1581 2271 1748 2309; x_wconf 87' lang='lat' dir='ltr'>Ceterum,</span> <span class='ocrx_word' id='word_1_638' title='bbox 1760 2274 1838 2312; x_wconf 83' lang='lat' dir='ltr'>quia</span> <span class='ocrx_word' id='word_1_639' title='bbox 1854 2275 1934 2304; x_wconf 90' lang='lat' dir='ltr'>dum</span> <span class='ocrx_word' id='word_1_640' title='bbox 1957 2277 2200 2308; x_wconf 80' lang='lat' dir='ltr'>monitionibus</span> <span class='ocrx_word' id='word_1_641' title='bbox 2215 2279 2302 2308; x_wconf 90' lang='lat' dir='ltr'>circa</span> 
     </span>
     <span class='ocr_line' id='line_1_89' title="bbox 1285 2324 2302 2365; baseline 0.007 -12"><span class='ocrx_word' id='word_1_642' title='bbox 1285 2332 1380 2353; x_wconf 89' lang='lat' dir='ltr'>caros</span> <span class='ocrx_word' id='word_1_643' title='bbox 1392 2324 1569 2360; x_wconf 81' lang='lat' dir='ltr'>insistitur,</span> <span class='ocrx_word' id='word_1_644' title='bbox 1579 2325 1654 2356; x_wconf 90' lang='lat' dir='ltr'>licet</span> <span class='ocrx_word' id='word_1_645' title='bbox 1669 2326 1733 2365; x_wconf 85' lang='lat' dir='ltr'>ipsi</span> <span class='ocrx_word' id='word_1_646' title='bbox 1743 2328 1909 2358; x_wconf 89' lang='lat' dir='ltr'>monentis</span> <span class='ocrx_word' id='word_1_647' title='bbox 1924 2329 2080 2360; x_wconf 86' lang='lat' dir='ltr'>instantie</span> <span class='ocrx_word' id='word_1_648' title='bbox 2093 2330 2302 2361; x_wconf 77' lang='lat' dir='ltr'>obstaculum</span> 
     </span>
     <span class='ocr_line' id='line_1_90' title="bbox 1287 2377 2303 2424; baseline 0.009 -18"><span class='ocrx_word' id='word_1_649' title='bbox 1287 2377 1469 2407; x_wconf 83' lang='lat' dir='ltr'>uoluntatis</span> <span class='ocrx_word' id='word_1_650' title='bbox 1488 2380 1667 2416; x_wconf 86' lang='lat' dir='ltr'>opponant,</span> <span class='ocrx_word' id='word_1_651' title='bbox 1685 2388 1751 2409; x_wconf 90' lang='lat' dir='ltr'>non</span> <span class='ocrx_word' id='word_1_652' title='bbox 1767 2381 1876 2410; x_wconf 91' lang='lat' dir='ltr'>tamen</span> <span class='ocrx_word' id='word_1_653' title='bbox 1889 2382 1937 2411; x_wconf 89' lang='lat' dir='ltr'>est</span> <span class='ocrx_word' id='word_1_654' title='bbox 1950 2382 2176 2413; x_wconf 79' lang='lat' dir='ltr'>desistendum</span> <span class='ocrx_word' id='word_1_655' title='bbox 2196 2393 2215 2413; x_wconf 86' lang='lat' dir='ltr'>a</span> <span class='ocrx_word' id='word_1_656' title='bbox 2231 2393 2303 2424; x_wconf 79' lang='lat' dir='ltr'>cep-</span> 
     </span>
     <span class='ocr_line' id='line_1_91' title="bbox 1286 2430 2302 2475; baseline 0.008 -16"><span class='ocrx_word' id='word_1_657' title='bbox 1286 2430 1340 2466; x_wconf 79' lang='lat' dir='ltr'>tis,</span> <span class='ocrx_word' id='word_1_658' title='bbox 1361 2439 1421 2460; x_wconf 90' lang='lat' dir='ltr'>nos</span> <span class='ocrx_word' id='word_1_659' title='bbox 1438 2431 1495 2469; x_wconf 89' lang='lat' dir='ltr'>qui</span> <span class='ocrx_word' id='word_1_660' title='bbox 1511 2431 1641 2461; x_wconf 87' lang='lat' dir='ltr'>sincera</span> <span class='ocrx_word' id='word_1_661' title='bbox 1660 2441 1719 2462; x_wconf 86' lang='lat' dir='ltr'>vos</span> <span class='ocrx_word' id='word_1_662' title='bbox 1740 2432 1773 2462; x_wconf 87' lang='lat' dir='ltr'>in</span> <span class='ocrx_word' id='word_1_663' title='bbox 1790 2433 1935 2464; x_wconf 90' lang='lat' dir='ltr'>Domino</span> <span class='ocrx_word' id='word_1_664' title='bbox 1957 2435 2091 2466; x_wconf 89' lang='lat' dir='ltr'>caritate</span> <span class='ocrx_word' id='word_1_665' title='bbox 2114 2437 2302 2475; x_wconf 81' lang='lat' dir='ltr'>complecti-</span> 
     </span>
     <span class='ocr_line' id='line_1_92' title="bbox 1287 2483 2300 2529; baseline 0.008 -17"><span class='ocrx_word' id='word_1_666' title='bbox 1287 2491 1374 2517; x_wconf 87' lang='lat' dir='ltr'>mur,</span> <span class='ocrx_word' id='word_1_667' title='bbox 1390 2484 1421 2513; x_wconf 91' lang='lat' dir='ltr'>et</span> <span class='ocrx_word' id='word_1_668' title='bbox 1436 2483 1545 2522; x_wconf 89' lang='lat' dir='ltr'>plenis</span> <span class='ocrx_word' id='word_1_669' title='bbox 1566 2485 1796 2516; x_wconf 83' lang='lat' dir='ltr'>desideramus</span> <span class='ocrx_word' id='word_1_670' title='bbox 1814 2487 1987 2517; x_wconf 80' lang='lat' dir='ltr'>affectibus</span> <span class='ocrx_word' id='word_1_671' title='bbox 2003 2491 2184 2519; x_wconf 85' lang='lat' dir='ltr'>memorato</span> <span class='ocrx_word' id='word_1_672' title='bbox 2200 2490 2300 2529; x_wconf 91' lang='lat' dir='ltr'>impe-</span> 
     </span>
     <span class='ocr_line' id='line_1_93' title="bbox 1288 2535 2302 2575; baseline 0.008 -10"><span class='ocrx_word' id='word_1_673' title='bbox 1288 2535 1336 2565; x_wconf 92' lang='lat' dir='ltr'>rio</span> <span class='ocrx_word' id='word_1_674' title='bbox 1354 2535 1546 2570; x_wconf 88' lang='lat' dir='ltr'>subvenire,</span> <span class='ocrx_word' id='word_1_675' title='bbox 1566 2536 1604 2565; x_wconf 85' lang='lat' dir='ltr'>de</span> <span class='ocrx_word' id='word_1_676' title='bbox 1623 2536 1772 2575; x_wconf 89' lang='lat' dir='ltr'>ipsorum</span> <span class='ocrx_word' id='word_1_677' title='bbox 1794 2537 1932 2568; x_wconf 86' lang='lat' dir='ltr'>fratrum</span> <span class='ocrx_word' id='word_1_678' title='bbox 1953 2541 2093 2570; x_wconf 78' lang='lat' dir='ltr'>consilio</span> <span class='ocrx_word' id='word_1_679' title='bbox 2109 2542 2302 2573; x_wconf 89' lang='lat' dir='ltr'>monitioni-</span> 
     </span>
     <span class='ocr_line' id='line_1_94' title="bbox 1288 2588 2302 2633; baseline 0.008 -16"><span class='ocrx_word' id='word_1_680' title='bbox 1288 2588 1351 2618; x_wconf 88' lang='lat' dir='ltr'>bus</span> <span class='ocrx_word' id='word_1_681' title='bbox 1379 2588 1568 2618; x_wconf 77' lang='lat' dir='ltr'>insistimus</span> <span class='ocrx_word' id='word_1_682' title='bbox 1587 2589 1709 2624; x_wconf 69' lang='grc'>3011113,</span> <span class='ocrx_word' id='word_1_683' title='bbox 1734 2591 1764 2620; x_wconf 89' lang='grc'>61</span> <span class='ocrx_word' id='word_1_684' title='bbox 1784 2599 1842 2620; x_wconf 89' lang='lat' dir='ltr'>vos</span> <span class='ocrx_word' id='word_1_685' title='bbox 1868 2591 2156 2623; x_wconf 70' lang='lat' dir='ltr'>exhortationibus</span> <span class='ocrx_word' id='word_1_686' title='bbox 2179 2595 2302 2633; x_wconf 83' lang='lat' dir='ltr'>quibus</span> 
     </span>
     <span class='ocr_line' id='line_1_95' title="bbox 1287 2641 2303 2688; baseline 0.009 -18"><span class='ocrx_word' id='word_1_687' title='bbox 1287 2649 1467 2680; x_wconf 86' lang='lat' dir='ltr'>possumus</span> <span class='ocrx_word' id='word_1_688' title='bbox 1486 2641 1669 2672; x_wconf 83' lang='lat' dir='ltr'>invitamus</span> <span class='ocrx_word' id='word_1_689' title='bbox 1688 2643 1721 2672; x_wconf 89' lang='lat' dir='ltr'>ut</span> <span class='ocrx_word' id='word_1_690' title='bbox 1738 2643 1771 2672; x_wconf 89' lang='lat' dir='ltr'>in</span> <span class='ocrx_word' id='word_1_691' title='bbox 1789 2644 1908 2682; x_wconf 83' lang='lat' dir='ltr'>spiritu</span> <span class='ocrx_word' id='word_1_692' title='bbox 1928 2645 2059 2683; x_wconf 67' lang='lat' dir='ltr'>metatis</span> <span class='ocrx_word' id='word_1_693' title='bbox 2076 2647 2183 2677; x_wconf 90' lang='lat' dir='ltr'>eidem</span> <span class='ocrx_word' id='word_1_694' title='bbox 2200 2649 2303 2688; x_wconf 85' lang='lat' dir='ltr'>impe-</span> 
     </span>
     <span class='ocr_line' id='line_1_96' title="bbox 1288 2693 2303 2734; baseline 0.01 -11"><span class='ocrx_word' id='word_1_695' title='bbox 1288 2693 1337 2724; x_wconf 90' lang='lat' dir='ltr'>rio</span> <span class='ocrx_word' id='word_1_696' title='bbox 1365 2694 1626 2733; x_wconf 83' lang='lat' dir='ltr'>compatiamini,</span> <span class='ocrx_word' id='word_1_697' title='bbox 1645 2695 1709 2725; x_wconf 83' lang='lat' dir='ltr'>sibi</span> <span class='ocrx_word' id='word_1_698' title='bbox 1739 2697 1838 2734; x_wconf 86' lang='lat' dir='ltr'>petite</span> <span class='ocrx_word' id='word_1_699' title='bbox 1871 2697 2105 2729; x_wconf 76' lang='lat' dir='ltr'>subventionis</span> <span class='ocrx_word' id='word_1_700' title='bbox 2131 2701 2303 2733; x_wconf 77' lang='lat' dir='ltr'>dexteram</span> 
     </span>
    </p>
   </div>
   <div class='ocr_carea' id='block_1_17' title="bbox 1259 2746 2304 2793">
    <p class='ocr_par' dir='ltr' id='par_1_18' title="bbox 1259 2746 2304 2793">
     <span class='ocr_line' id='line_1_97' title="bbox 1259 2746 2304 2793; baseline 0.011 -18"><span class='ocrx_word' id='word_1_701' title='bbox 1259 2764 1260 2787; x_wconf 79' lang='lat'>1</span> <span class='ocrx_word' id='word_1_702' title='bbox 1288 2746 1500 2785; x_wconf 82' lang='lat' dir='ltr'>porrigendo,</span> <span class='ocrx_word' id='word_1_703' title='bbox 1513 2756 1552 2777; x_wconf 90' lang='lat' dir='ltr'>ne</span> <span class='ocrx_word' id='word_1_704' title='bbox 1569 2747 1657 2778; x_wconf 89' lang='lat' dir='ltr'>idem</span> <span class='ocrx_word' id='word_1_705' title='bbox 1674 2748 1851 2787; x_wconf 85' lang='lat' dir='ltr'>imperium</span> <span class='ocrx_word' id='word_1_706' title='bbox 1872 2750 1905 2780; x_wconf 90' lang='lat' dir='ltr'>in</span> <span class='ocrx_word' id='word_1_707' title='bbox 1926 2750 2113 2783; x_wconf 78' lang='lat' dir='ltr'>Christiane</span> <span class='ocrx_word' id='word_1_708' title='bbox 2131 2754 2304 2793; x_wconf 86' lang='lat' dir='ltr'>religionis</span> 
     </span>
    </p>
   </div>
   <div class='ocr_carea' id='block_1_18' title="bbox 1258 418 1261 3024">
    <p class='ocr_par' dir='ltr' id='par_1_19' title="bbox 1258 418 1261 3024">
     <span class='ocr_line' id='line_1_98' title="bbox 1258 418 1261 3024; baseline 0 0"><span class='ocrx_word' id='word_1_709' title='bbox 1258 418 1261 3024; x_wconf 95' lang='lat' dir='ltr'> </span> 
     </span>
    </p>
   </div>
   <div class='ocr_carea' id='block_1_19' title="bbox 1259 3027 1262 3042">
    <p class='ocr_par' dir='ltr' id='par_1_20' title="bbox 1259 3027 1262 3042">
     <span class='ocr_line' id='line_1_99' title="bbox 1259 3027 1262 3042; baseline 0 0"><span class='ocrx_word' id='word_1_710' title='bbox 1259 3027 1262 3042; x_wconf 88' lang='grc'>1</span> 
     </span>
    </p>
   </div>
   <div class='ocr_carea' id='block_1_20' title="bbox 1286 2799 2304 3056">
    <p class='ocr_par' dir='ltr' id='par_1_21' title="bbox 1286 2799 2304 2998">
     <span class='ocr_line' id='line_1_100' title="bbox 1288 2799 2303 2844; baseline 0.01 -15"><span class='ocrx_word' id='word_1_711' title='bbox 1288 2799 1505 2838; x_wconf 90' lang='lat' dir='ltr'>obprobrium</span> <span class='ocrx_word' id='word_1_712' title='bbox 1529 2801 1570 2830; x_wconf 89' lang='lat' dir='ltr'>ab</span> <span class='ocrx_word' id='word_1_713' title='bbox 1586 2801 1711 2831; x_wconf 88' lang='lat' dir='ltr'>eisdem</span> <span class='ocrx_word' id='word_1_714' title='bbox 1727 2802 1927 2834; x_wconf 87' lang='lat' dir='ltr'>scismaticis</span> <span class='ocrx_word' id='word_1_715' title='bbox 1945 2807 2141 2844; x_wconf 88' lang='lat' dir='ltr'>occupatum</span> <span class='ocrx_word' id='word_1_716' title='bbox 2158 2807 2303 2839; x_wconf 85' lang='lat' dir='ltr'>detinea—</span> 
     </span>
     <span class='ocr_line' id='line_1_101' title="bbox 1286 2853 2304 2898; baseline 0.01 -16"><span class='ocrx_word' id='word_1_717' title='bbox 1286 2853 1340 2883; x_wconf 86' lang='lat' dir='ltr'>tur</span> <span class='ocrx_word' id='word_1_718' title='bbox 1357 2853 1511 2889; x_wconf 87' lang='lat' dir='ltr'>ulterius,</span> <span class='ocrx_word' id='word_1_719' title='bbox 1527 2854 1585 2884; x_wconf 89' lang='lat' dir='ltr'>sed</span> <span class='ocrx_word' id='word_1_720' title='bbox 1598 2854 1705 2893; x_wconf 88' lang='lat' dir='ltr'>ipsius</span> <span class='ocrx_word' id='word_1_721' title='bbox 1716 2855 1869 2886; x_wconf 90' lang='lat' dir='ltr'>liberatio</span> <span class='ocrx_word' id='word_1_722' title='bbox 1886 2859 1994 2888; x_wconf 85' lang='lat' dir='ltr'>vestro</span> <span class='ocrx_word' id='word_1_723' title='bbox 2010 2862 2211 2898; x_wconf 85' lang='lat' dir='ltr'>proventura</span> <span class='ocrx_word' id='word_1_724' title='bbox 2227 2861 2304 2892; x_wconf 90' lang='grc'>31111-</span> 
     </span>
     <span class='ocr_line' id='line_1_102' title="bbox 1288 2905 2304 2949; baseline 0.011 -15"><span class='ocrx_word' id='word_1_725' title='bbox 1288 2905 1374 2935; x_wconf 89' lang='lat' dir='ltr'>sidio</span> <span class='ocrx_word' id='word_1_726' title='bbox 1396 2905 1492 2935; x_wconf 89' lang='lat' dir='ltr'>vobis</span> <span class='ocrx_word' id='word_1_727' title='bbox 1515 2906 1604 2944; x_wconf 89' lang='lat' dir='ltr'>apud</span> <span class='ocrx_word' id='word_1_728' title='bbox 1629 2906 1780 2937; x_wconf 88' lang='lat' dir='ltr'>homines</span> <span class='ocrx_word' id='word_1_729' title='bbox 1806 2908 1938 2939; x_wconf 86' lang='lat' dir='ltr'>laudem</span> <span class='ocrx_word' id='word_1_730' title='bbox 1962 2911 2070 2949; x_wconf 85' lang='lat' dir='ltr'>pariat</span> <span class='ocrx_word' id='word_1_731' title='bbox 2095 2913 2125 2942; x_wconf 90' lang='lat' dir='ltr'>et</span> <span class='ocrx_word' id='word_1_732' title='bbox 2148 2914 2304 2944; x_wconf 85' lang='lat' dir='ltr'>meritum</span> 
     </span>
     <span class='ocr_line' id='line_1_103' title="bbox 1288 2959 1703 2998; baseline 0.007 -11"><span class='ocrx_word' id='word_1_733' title='bbox 1288 2959 1456 2996; x_wconf 89' lang='lat' dir='ltr'>comparet</span> <span class='ocrx_word' id='word_1_734' title='bbox 1477 2959 1564 2998; x_wconf 88' lang='lat' dir='ltr'>apud</span> <span class='ocrx_word' id='word_1_735' title='bbox 1583 2959 1703 2990; x_wconf 89' lang='lat' dir='ltr'>Deum.</span> 
     </span>
    </p>

    <p class='ocr_par' dir='ltr' id='par_1_22' title="bbox 1329 3010 2302 3056">
     <span class='ocr_line' id='line_1_104' title="bbox 1329 3010 2302 3056; baseline 0.01 -15"><span class='ocrx_word' id='word_1_736' title='bbox 1329 3010 1433 3042; x_wconf 90' lang='lat' dir='ltr'>Porro</span> <span class='ocrx_word' id='word_1_737' title='bbox 1450 3012 1537 3042; x_wconf 83' lang='lat' dir='ltr'>circa</span> <span class='ocrx_word' id='word_1_738' title='bbox 1552 3012 1653 3042; x_wconf 89' lang='lat' dir='ltr'>Terre</span> <span class='ocrx_word' id='word_1_739' title='bbox 1671 3013 1790 3044; x_wconf 87' lang='lat' dir='ltr'>Sancte</span> <span class='ocrx_word' id='word_1_740' title='bbox 1817 3014 2006 3047; x_wconf 78' lang='lat' dir='ltr'>subsidium</span> <span class='ocrx_word' id='word_1_741' title='bbox 2029 3019 2208 3056; x_wconf 78' lang='lat' dir='ltr'>prudenter</span> <span class='ocrx_word' id='word_1_742' title='bbox 2231 3029 2302 3051; x_wconf 81' lang='lat' dir='ltr'>ves-</span> 
     </span>
    </p>
   </div>
  </div>
 </body>
</html>
