2547 3289
914 582 1140 620 INCIPIT
1168 585 1510 622 REGESTRUM
1537 586 1676 622 ANNI
1706 587 1745 622 ΙΙ

583 764 930 828 DOMINI
987 766 1357 828 URBANI
1413 769 1640 831 PAPE
1690 772 2068 842 QUARTI.

1151 946 1171 952 -
1179 941 1486 960 ...ῃ-.-

352 1203 424 1234 139

664 1202 894 1234 Montetiascone,
915 1203 944 1228 ¹7
961 1203 1124 1236 septembre
1144 1202 1220 1229 1262.

340 1282 477 1309 Abbatbu
498 1290 534 1309 es.
552 1282 670 1309 Joannis
686 1282 762 1309 etde
783 1283 924 1309 Varennis
940 1283 1187 1309 monasterIOrum
1211 1289 1293 1308 man-

282 1331 331 1358 dat
355 1333 496 1365 quatenus
537 1332 709 1364 Gerardum‚
730 1331 801 1358 olim
836 1331 969 1358 abbatem
1006 1331 1178 1358 monasterii
1196 1331 1293 1358 Fontis

282 1379 640 1412 Johannis,Cisterciensis
667 1381 788 1413 ordinis,
805 1381 978 1408 Senonensis
996 1381 1129 1413 diocesis,
1141 1383 1244 1416 cogant
1265 1382 1296 1407 ut

281 1429 317 1456 ad
353 1430 563 1456 monasterium
594 1438 678 1457 suum
700 1430 809 1461 redeat,
834 1430 960 1464 alioquin
981 1430 1010 1456 in
1030 1438 1097 1456 eum
1118 1430 1293 1457 sententiam

281 1479 606 1510 excommunicationis,
625 1479 688 1513 jam
712 1486 729 1505 a
745 1479 930 1506 Cistercicnsi
952 1479 1052 1505 abbate
1074 1479 1228 1513 prolatam,
1247 1487 1296 1513 pu-

282 1527 398 1554 blicent.
416 1527 496 1561 (Bac.
511 1529 556 1560 26,
574 1527 621 1554 fol.
640 1528 685 1560 48,
701 1527 768 1554 anni
784 1527 818 1560 Il,
834 1531 865 1553 n⁰
886 1528 921 1559 l.)

328 1645 367 1664 «..
392 1633 488 1663 sancti
515 1633 642 1663 ,loannis
667 1633 851 1663 Senonensis
880 1639 930 1664 et..
962 1633 997 1663 de
1032 1633 1187 1670 Varennis,
1208 1634 1295 1664 Bitu-

284 1686 406 1715 ricensis
422 1685 852 1721 diocesium,monasteriorum
873 1686 1040 1716 abbatibus.
1052 1687 1120 1718 Sua
1136 1688 1232 1718 nobis
1248 1688 1295 1718 di-

283 1739 359 1769 lecti
380 1739 467 1770 filii..
486 1739 589 1770 abbas
605 1741 636 1770 et
655 1741 838 1770 conventus
855 1740 1049 1770 monasterii
1064 1741 1180 1771 Fontis
1197 1741 1295 1772 Joan·

285 1792 350 1827 nis,
361 1792 594 1823 cisterciensis
604 1793 743 1835 ordinis,
755 1793 959 1824 Senonensis
972 1793 1125 1829 diocesis,
1138 1794 1295 1833 petitione

283 1846 523 1881 monstrarunt,
544 1846 633 1885 quod
654 1854 729 1876 cum
746 1846 926 1882 Gerardus,
943 1846 1108 1885 quondam
1123 1847 1226 1877 abbas
1248 1848 1296 1886 ip-

283 1898 356 1928 sius
371 1899 735 1945 monasterii‚tempore
762 1908 827 1938 quo
848 1899 981 1930 tenebat
1001 1899 1150 1938 ejusdem
1166 1909 1295 1930 monas-

282 1952 357 1982 terii
375 1952 554 1988 abbatiam,
570 1961 630 1991 pro
647 1952 768 1982 debitis
784 1952 992 1991 quorundam
1008 1953 1170 1983 nobilium
1188 1953 1296 1984 diver-

283 2005 331 2035 sis
345 2004 585 2036 mercatoribus
600 2005 765 2044 prefatum
781 2006 1032 2042 monasterium,
1060 2006 1132 2036 sine
1152 2007 1205 2036 sui
1222 2015 1295 2037 con-

283 2059 403 2089 ventus
421 2058 562 2089 consilio
580 2060 611 2088 et
628 2067 783 2094 assensu,
804 2059 838 2088 in
862 2059 981 2097 viginti
1007 2059 1038 2089 et
1060 2060 1132 2089 octo
1158 2060 1297 2090 milibus

282 2111 444 2142 librarum
467 2111 716 2142 Turonensium
732 2112 763 2141 et
779 2111 924 2150 amplius
946 2112 1137 2151 obligasset,
1155 2113 1297 2152 receptis

282 2164 563 2203 promissionibus
579 2165 610 2195 et
627 2165 859 2195 instrumentis
874 2165 1095 2203 obligatoriis,
1112 2165 1153 2196 ab
1169 2166 1296 2196 eisdem

283 2217 464 2252 nobilibus,
482 2218 571 2256 quod
586 2226 686 2256 super
701 2217 763 2247 hoc
778 2217 912 2248 illesum
932 2226 969 2248 ac
987 2217 1166 2257 indempne
1185 2218 1296 2258 ipsum

282 2271 522 2301 monasterium
532 2272 781 2306 conservarent,
798 2279 834 2301 ac
845 2271 1059 2310 postmodum
1074 2271 1240 2310 prefatum
1250 2272 1295 2304 G.

283 2324 435 2355 visitator
457 2324 565 2363 ipsius
591 2333 690 2363 super
714 2324 775 2354 hoc
792 2332 937 2363 arguens
953 2325 988 2354 ut
1001 2333 1111 2355 coram
1125 2333 1159 2355 se
1173 2334 1210 2355 ac
1226 2334 1296 2355 mo-

282 2377 420 2407 nasterii
446 2377 586 2416 predicti
615 2378 794 2413 conventu,
821 2378 860 2408 de
885 2377 951 2408 hiis
977 2378 1139 2409 rationem
1160 2379 1298 2409 reddere

282 2430 494 2469 postulasset,
512 2430 598 2460 idem
615 2430 656 2460 G.
674 2430 793 2460 videns
805 2430 870 2460 sibi
886 2431 1104 2469 depositionis
1122 2431 1297 2462 imminere

278 2484 453 2522 Jacturam,
481 2484 512 2513 et
536 2483 656 2513 exinde
686 2484 846 2522 reputans
872 2492 907 2513 se
931 2483 1120 2519 confusum,
1147 2485 1299 2523 deposito

281 2536 431 2575 ejusdem
449 2536 577 2566 ordinis
589 2536 716 2571 habitu,
730 2536 865 2566 effectus
884 2537 1043 2575 apostata,
1054 2545 1113 2567 sue
1126 2537 1212 2567 fame
1227 2547 1301 2576 pro-

281 2590 378 2629 digus
388 2590 419 2619 et
434 2589 564 2625 salutis,
585 2597 603 2619 a
619 2589 821 2619 monasterio
837 2590 910 2628 ipso
924 2590 1214 2627 discessit‚secum
1228 2591 1300 2621 fur-

281 2644 347 2673 tive
363 2642 521 2681 ‚deferens
537 2642 679 2680 quedam
699 2642 786 2672 bona
804 2643 953 2681 ejusdem
969 2643 1163 2673 monasterii
1186 2645 1217 2674 et
1232 2644 1300 2674 ins-

281 2697 447 2726 trumenta
462 2695 621 2734 predicta,
638 2703 697 2734 per
715 2703 777 2733 que
794 2695 930 2725 illesum
948 2697 1075 2734 poterat
1089 2696 1210 2726 dictum
1229 2706 1300 2728 mo-

284 2748 467 2780 nasterium
482 2746 684 2777 conservari.
699 2746 808 2782 Quare
822 2746 965 2777 dilectus
983 2747 1098 2777 filius„
1114 2747 1216 2778 abbas
1229 2749 1301 2779 Cis-

282 2801 459 2833 terciensis
483 2801 513 2831 et
540 2799 692 2839 generale
710 2799 893 2838 capitulum
916 2800 995 2829 dicti
1019 2800 1146 2830 ordinis
1164 2801 1198 2831 in
1225 2810 1301 2832 eum

284 2856 418 2895 propter
445 2855 506 2885 hoc
532 2853 886 2884 excommunicationis
916 2853 1128 2889 sententiam,
1149 2854 1300 2892 exigente

284 2908 424 2948 justitia,
438 2907 701 2947 promulgarunt.
719 2907 843 2937 Verum
860 2906 938 2944 quia
955 2906 1064 2936 dictus
1082 2908 1121 2936 G.
1140 2906 1299 2937 inflictum
1324 2920 1327 2940 J

1359 1201 1425 1231 sibi
1433 1201 1788 1232 excommunicationis
1798 1203 1996 1234 medicinale
2005 1205 2299 1244 vulnus‚stupidus
2312 1214 2372 1245 per

1357 1255 1584 1293 contemptum
1600 1255 1746 1290 effectus,
1765 1264 1831 1286 non
1843 1256 1943 1287 sentit
1960 1257 1996 1287 ut
2013 1258 2117 1287 status
2134 1259 2185 1288 sui
2200 1258 2371 1290 miseriam

1356 1316 1416 1346 per
1430 1308 1647 1346 penitentiam
1663 1310 1885 1347 recognoscat,
1906 1310 1964 1340 sed
1981 1310 2014 1340 in
2031 1319 2068 1340 ea
2082 1311 2236 1342 indurato
2255 1312 2367 1342 animo

1355 1362 1526 1399 tamquam
1555 1361 1589 1391 in
1618 1361 1822 1400 profundum
1858 1362 2024 1393 malorum
2050 1364 2189 1399 venerit,
2220 1373 2370 1403 perseve-

1356 1415 1417 1449 rat,
1432 1414 1532 1444 iidem
1545 1414 1648 1445 abbas
1660 1415 1690 1445 et
1698 1416 1881 1445 conventus
1897 1416 2057 1454 sepedicti
2072 1418 2266 1448 monasterii
2277 1427 2370 1457 apos—

1355 1467 1493 1497 tolicum
1512 1476 1613 1507 super
1624 1468 1685 1498 hoc
1698 1469 1883 1498 remedium
1893 1469 2125 1508 implorarunt.
2142 1472 2186 1501 Ut
2197 1471 2296 1509 igitur
2305 1471 2371 1502 dic-

1355 1521 1410 1550 tus
1432 1520 1484 1555 G.‚
1502 1520 1669 1559 duplicata
1687 1530 1786 1560 super
1802 1530 1878 1552 eum
1895 1523 2123 1560 contrictione,
2140 1532 2239 1554 suum
2255 1524 2368 1554 forsan

1354 1573 1548 1612 penitudine
1566 1576 1779 1613 recognoscat
1792 1576 1932 1611 reatum,
1947 1577 2036 1614 petat
2051 1576 2221 1607 humiliter
2236 1577 2367 1608 veniam

1355 1627 1387 1656 et
1407 1626 1671 1657 misericordiam
1696 1629 1929 1666 consequatur,
1957 1629 2150 1659 discretioni
2179 1631 2287 1660 vestre
2309 1639 2368 1669 per

1355 1679 1535 1717 apostolica
1544 1680 1871 1718 scriptamandamus
1888 1682 2053 1719 quatenus
2064 1682 2186 1721 ipsum,
2202 1683 2311 1722 siejus
2328 1683 2366 1714 de

1355 1730 1444 1761 facili
1473 1732 1624 1770 poteritis
1648 1732 1770 1762 habere
1785 1733 1997 1772 presentiam,
2014 1734 2268 1772 presentialiter,
2287 1735 2366 1766 alio-

1354 1784 1447 1822 quin,
1460 1793 1535 1815 cum
1554 1785 1682 1815 dicatur
1698 1786 1858 1824 receptari
1872 1786 1912 1816 ab
1928 1786 2097 1825 aliquibus
2115 1788 2143 1817 et
2160 1788 2266 1818 foveri
2279 1788 2367 1827 apud

1355 1845 1438 1875 quos
1462 1837 1631 1868 interdum
1648 1838 1766 1873 latitat,
1785 1847 1845 1869 vos
1875 1839 1929 1869 vel
1956 1839 2038 1870 alter
2063 1842 2211 1870 vestrum
2233 1849 2292 1879 per
2307 1850 2368 1872 vos

1354 1890 1409 1920 vel
1432 1898 1491 1929 per
1513 1890 1597 1921 alios
1621 1891 1656 1920 in
1679 1891 1760 1921 locis
1784 1891 1843 1921 ubi
1867 1893 2022 1931 expedire
2043 1893 2207 1928 videritis,
2236 1894 2367 1933 publice

1354 1944 1529 1978 moneatis,
1546 1945 1582 1974 ut
1596 1943 1684 1974 infra
1701 1945 1941 1983 competentem
1957 1946 2137 1976 terminum
2155 1956 2173 1976 a
2184 1946 2281 1976 vobis
2295 1955 2369 1985 pre-

1353 1996 1524 2034 figendum
1541 1996 1661 2031 eidem,
1683 1997 1844 2027 restitutis
1861 1998 1956 2028 dictis
1975 1998 2072 2028 bonis
2090 2000 2120 2028 et
2136 1999 2368 2030 instrumentis

1354 2049 1402 2079 sic
1413 2049 1534 2079 ablatis
1543 2049 1595 2085 ad,
1607 2049 1774 2088 prefatum
1787 2051 2028 2081 monasterium
2038 2053 2231 2082 revertatur.
2243 2053 2279 2083 Si
2290 2060 2368 2083 vero

1354 2102 1442 2132 infra
1457 2102 1640 2132 terminum
1655 2103 1848 2142 hujusmodi
1858 2104 1979 2134 vestris
1996 2113 2061 2134 non
2073 2105 2220 2144 paruerit
2233 2106 2369 2136 monitis

1356 2155 1391 2185 in
1403 2155 1465 2185 hac
1476 2156 1579 2193 parte,
1594 2164 1665 2190 vos,
1683 2155 1749 2186 nisi
1765 2156 1852 2186 infra
1864 2157 1967 2187 alium
1984 2158 2164 2188 terminum
2182 2160 2367 2197 competen-

1355 2209 1421 2238 tem
1434 2216 1533 2246 qnem
1550 2208 1615 2238 sibi
1627 2209 1848 2248 peremptorie
1860 2210 2042 2249 prefigatis‚
2053 2211 2094 2241 ad
2110 2211 2197 2241 idem
2208 2212 2370 2242 monaste-

1357 2261 1445 2291 rium
1472 2261 1619 2296 redierit,
1641 2270 1677 2292 ac
1701 2262 1809 2293 eidem
1833 2264 2035 2294 monasterio
2066 2263 2153 2293 bona
2185 2266 2216 2294 et
2250 2264 2370 2294 instru-

1356 2315 1468 2344 menta
1496 2315 1678 2345 restituerit
1700 2315 1903 2353 supradicta,
1920 2317 2040 2346 extunc
2062 2317 2096 2346 in
2121 2325 2197 2347 eum
2216 2318 2247 2346 et
2262 2325 2368 2355 recep-

1356 2366 1490 2401 tatores,
1509 2367 1540 2396 et
1563 2366 1711 2396 fautores
1739 2375 1839 2405 super
1862 2367 1924 2397 hoc
1952 2376 2042 2403 suos,
2061 2368 2090 2397 si
2117 2368 2234 2397 moniti
2272 2377 2289 2398 a
2319 2377 2364 2399 re-

1356 2419 1540 2457 ceptatione
1567 2419 1757 2458 hujusmodi
1785 2420 1823 2450 de
1849 2421 1955 2450 cetero
1979 2421 2010 2449 et
2028 2420 2068 2450 ab
2094 2420 2298 2450 exhibitione
2324 2421 2370 2450 fa-

1356 2472 1448 2502 voris
1465 2481 1531 2502 non
1547 2472 2105 2505 destiterint,excommunicationis
2122 2482 2231 2503 coram
2246 2473 2369 2512 populo

1357 2525 1556 2555 sententiam
1573 2525 1800 2563 promulgetis,
1813 2533 1913 2563 qnam
1928 2534 2034 2564 usque
2051 2526 2092 2555 ad
2109 2526 2369 2556 satisfactionem

1358 2578 1569 2616 condignam,
1587 2578 1807 2616 appellatione
1828 2578 2023 2616 postposita,
2055 2578 2196 2614 faciatis,
2223 2579 2370 2609 candelis

1358 2631 1508 2660 accensis
1524 2631 1554 2660 et
1570 2631 1711 2669 pulsatis
1728 2631 1909 2669 campanis,
1931 2630 1989 2660 ubi
2011 2632 2041 2660 et
2063 2631 2194 2669 quando
2215 2632 2370 2670 expedire

1359 2683 1522 2720 videritis,
1541 2684 1770 2722 sollempniter
1784 2683 1958 2722 publicari.
1977 2684 2241 2714 Contradictores
2257 2686 2317 2715 etc.
2333 2701 2370 2707 —

1359 2736 1512 2767 invocato
1527 2737 1652 2772 adhoc,
1668 2737 1696 2766 si
1708 2744 1842 2766 necesse
1854 2736 1963 2772 fuerit,
1975 2736 2099 2767 auxilio
2109 2737 2235 2767 brachii
2245 2738 2370 2768 secula-

1360 2789 1419 2819 ris.
1430 2789 1505 2820 Non
1522 2789 1671 2820 obstante
1682 2806 1731 2819 -.
1744 2790 1866 2819 Datum
1878 2789 1964 2828 apud
1973 2789 2312 2826 Montemssasconem,
2328 2800 2371 2820 xv

1361 2842 1523 2873 kalendas
1540 2842 1695 2878 octobris,
1714 2850 1801 2872 anno
1818 2842 1862 2872 II.
1884 2854 1898 2869 υ
