2547 3289
222 241 262 270 36
1024 233 1249 264 Izfflius'rssss
1273 225 1394 262 CAME
1414 233 1486 263 {AL

224 323 321 354 vobis
338 322 441 352 dictas
459 320 618 350 deferenti
633 319 758 348 litteras
783 316 1145 355 assignaretisVerum
1157 316 1235 355 quia

224 376 264 406 de
280 375 366 404 dicta
381 373 520 412 pecunia
532 371 770 402 mercatoribus
786 370 869 408 ipsis
888 369 990 399 nichil
1013 370 1131 405 adbuc,
1150 369 1236 399 sicut

225 425 613 464 asser11nt‚persolvistis⁷
633 432 691 454 nec
709 423 790 452 alias
807 423 912 461 ipsam
928 423 961 452 in
976 422 1072 452 domo
1090 422 1238 460 predis-ta

226 480 408 519 depositam
424 478 624 511 inveniunm,
636 476 841 515 presentium
859 475 954 505 vobis
968 476 1239 513 auctoritatepre-

225 532 377 571 cipiendo
404 531 603 560 mandamus
634 531 798 568 quatenus
816 530 919 558 totum
942 528 1127 566 depositum
1152 529 1240 558 ante-

224 586 348 615 dictum
359 585 390 614 et
406 591 649 622 quamcumque
665 582 840 621 pecuniam
859 581 987 611 habetis
998 581 1096 611 aliam
1113 581 1153 610 ad
1170 590 1238 619 pre-

225 638 325 669 fatam
343 636 517 667 ecclesiam
542 635 594 666 vel
618 637 739 665 terram
764 636 978 673 spectantem,
997 642 1061 664 non
1079 634 1240 664 obstanti-

225 691 290 721 bus
313 689 472 728 predictis
488 689 639 727 ejusdcm
668 687 912 726 predecessoris
929 687 1032 716 nostri
1054 685 1242 719 litteris,di-

225 743 309 774 lecto
340 742 434 772 silio..
476 742 635 780 magistro
665 741 848 775 Leonam-(10,
873 740 998 770 cantori
1021 738 1241 772 Messanensi,

225 796 395 835 capellano
409 796 532 830 nostro,
559 795 611 825 vel
634 794 686 825 cui
705 795 761 824 aut
785 793 908 831 quibus
932 793 1002 831 ipse
1021 792 1239 827 mandaverit,

226 848 298 879 sine
315 848 471 878 dilatione
500 856 536 877 ac
549 847 743 876 difficultate
759 846 905 884 qualibet
922 847 1034 875 nostro
1051 846 1081 875 et
1104 845 1243 874 ecclesie

225 901 350 940 prefate
363 900 495 930 nomine
509 900 698 937 assignetis,
709 898 897 936 rescripturi
909 898 1003 927 nobis
1011 897 1090 935 quid
1101 899 1131 926 et
1140 906 1242 935 quan-

224 954 295 984 tum
305 953 411 982 eidem
428 951 589 981 duxeritis
609 951 859 989 assignandum.
876 951 998 980 Datum
1014 949 1168 984 Viterbii,
1187 959 1240 978 xvi

225 1005 386 1036 kalendas
405 1004 575 1040 februarii,
593 1013 679 1034 anno
694 1004 812 1043 primo.
833 1015 849 1030 n

745 1176 870 1208 Viterbe,
885 1177 899 1201 9
914 1176 1018 1202 sevrier
1037 1175 1114 1202 1262.

295 1179 367 1210 13¹4

262 1261 397 1295 Magistro
415 1261 560 1287 Leonardo
583 1260 701 1286 mandat
717 1262 857 1293 quatenus
878 1259 1043 1293 episcopum
1061 1259 1241 1293 (ilas-coricu-

225 1318 288 1337 scm
309 1310 460 1343 compellat
485 1309 519 1335 ad
539 1309 708 1335 solvendum
731 1308 868 1334 ecclesiae
895 1309 1040 1334 Romanae
1063 1308 1141 1334 intra
1160 1308 1241 1341 qnin-

227 1358 321 1385 decim
343 1358 401 1384 dies
423 1359 483 1392 post
506 1357 706 1389 monitionem,
729 1357 865 1383 ducentas
887 1365 999 1383 marcas
1020 1356 1239 1391 sterlingorum.

226 1407 306 1441 (11110.
325 1408 368 1440 27,
388 1406 437 1433 sol.
458 1408 492 1432 :32
509 1414 549 1439 vn,
567 1414 600 1432 no
617 1408 655 1438 2.)

267 1527 282 1542 «
300 1514 416 1544 Dilcrln
430 1513 497 1552 filio
517 1514 660 1552 uta-(sistro
678 1512 974 1547 Lconczrdo‚c(1r1lmi
988 1512 1179 1546 illcsscmenst‘,
1191 1523 1239 1542 ca-

224 1568 345 1608 pellano
368 1572 480 1601 ηιμ-111»,
504 1565 629 1596 salutem
648 1571 704 1594 etc.
725 1582 761 1586 —
781 1565 865 1595 Cum
881 1565 920 1594 de
937 1565 1135 1603 octingentis·
1152 1573 1239 1595 mar-

225 1621 274 1652 cis
294 1621 541 1658 sterlingorum,
557 1628 640 1657 quas
657 1618 736 1648 olim
760 1617 962 1647 venerabilis
983 1617 1084 1647 frater
1103 1619 1238 1648 noster..

226 1674 403 1713 episcopus
420 1672 685 1709 Glasgoviensis.
710 1671 816 1700 felicis
835 1670 1073 1701 recordationis
1097 1671 1240 1701 Alexan-

225 1727 277 1757 dri
294 1735 388 1765 pape,
403 1725 647 1764 predecessoris
665 1724 780 1759 nostri,
799 1732 928 1753 camere
946 1724 1075 1758 obtulit,
1092 1732 1156 1754 non
1175 1724 1240 1754 nisi

226 1781 380 1810 sexcente
412 1779 520 1809 eidem
545 1777 772 1817 predecessori
807 1777 930 1807 fuerint
966 1777 1145 1815 pei-solute,
1171 1786 1240 1815 pre-

224 1832 367 1863 sentium
384 1831 441 1861 tibi
452 1831 644 1861 :metor-itate
656 1830 853 1859 mandamus
866 1830 1030 1867 quatenus
1046 1830 1239 1868 episcopum

223 1886 334 1925 ipsum
351 1894 409 1924 per
426 1886 455 1914 te
481 1884 534 1915 vel
550 1884 654 1913 alium
671 1883 829 1913 attentius
852 1891 989 1912 moneas
1004 1884 1035 1912 et
1053 1883 1190 1912 inducas·
1205 1884 1241 1913 ut

224 1938 311 1969 infra
331 1937 521 1976 quindecim
549 1937 619 1966 dies
642 1937 715 1974 post
743 1935 959 1965 monitionem
980 1936 1071 1965 tuam
1088 1936 1239 1965 residuas

223 1992 381 2021 ducentas
410 1999 538 2020 marcas
568 1989 627 2019 tibi
657 1988 789 2018 nomine
816 1989 928 2018 nostro
954 1996 1029 2018 cum
1053 1988 1239 2027 integritate

225 2042 403 2081 persolvat.
430 2041 586 2079 Alioquin
615 2041 725 2078 ipsum
744 2040 1033 2069 excommunicare
1052 2048 1115 2070 non
1130 2040 1239 2070 differ-

223 2104 277 2127 ras
299 2096 330 2125 et
352 2094 674 2124 excommunicatum
698 2092 830 2132 publice
854 2101 891 2122 ac
910 2092 1140 2131 sollempniter
1159 2102 1240 2122 nun-

225 2147 482 2182 tia1·e,sa‹eiun1s
502 2146 642 2176 eundem
663 2145 788 2174 tamdiu
807 2144 950 2183 singulis
967 2144 1085 2174 diebus
1102 2145 1240 2175 domini-

222 2200 270 2231 cis
283 2201 314 2231 et
326 2199 453 2230 festivis
466 2207 523 2237 per
539 2198 650 2228 omnia
665 2198 735 2227 loca
755 2197 783 2227 in
795 2197 917 2236 quibus
931 2197 1086 2236 expedire
1103 2197 1239 2233 videris,

223 2253 379 2283 similiter
408 2252 591 2282 nuntiariet
603 2251 644 2281 ab
657 2250 811 2281 omnibus
827 2250 930 2280 artius
947 2250 1077 2285 evitari,
1089 2250 1193 2281 donec
1202 2251 1241 2281 de

222 2306 370 2344 predicta
383 2313 569 2334 marcarum
586 2303 768 2342 quantitate
782 2302 840 2332 tibi
856 2312 915 2341 pro
934 2303 1031 2333 nobis
1058 2304 1088 2333 et
1111 2312 1241 2334 camera

224 2359 337 2389 nostra
360 2356 459 2387 fuerit
482 2356 629 2395 plenarie
654 2356 875 2386 satisfactum.
901 2356 1167 2386 Contradictores
1185 2365 1242 2395 per

222 2420 396 2443 censuram
412 2410 681 2444 ecclesiasticam,
694 2409 914 2448 appellatione
937 2409 1131 2448 postposita,
1155 2418 1243 2440 com-

224 2464 401 2504 pescendo.
426 2464 501 2494 Non
527 2462 749 2497 obstantibus,
773 2462 801 2492 si
826 2462 933 2492 eidem
958 2462 1113 2501 episcopo
1136 2463 1179 2492 sit
1201 2463 1242 2493 ab

221 2517 404 2556 apostolica
415 2517 492 2546 sede
507 2516 671 2546 indultum
683 2515 771 2553 quod
786 2514 948 2548 interdici,
960 2515 1119 2553 suspendi
1129 2515 1180 2545 vel
1191 2524 1243 2545 ex-

222 2569 461 2600 communicari
484 2577 547 2598 non
564 2568 669 2607 possit
684 2576 742 2606 per
759 2567 883 2597 litteras
902 2567 987 2597 dicte
1005 2568 1105 2602 sedis,
1128 2577 1191 2606 que
1202 2569 1241 2598 de

225 2622 353 2652 indulto
372 2621 563 2661 hujusmodi
588 2621 721 2660 plenam
744 2621 776 2651 et
798 2628 988 2659 expressam
1018 2628 1083 2650 non
1106 2621 1243 2651 fecerint

222 2675 518 2710 mentionein.a11t‡
533 2673 680 2712 qualibet
706 2673 772 2704 alia
796 2673 879 2703 dicte
905 2673 994 2702 sedis
1020 2673 1238 2711 indulgentia,

224 2736 282 2766 per
300 2736 399 2766 quam
419 2728 554 2757 ell'ectus
574 2726 778 2765 presentium
804 2726 960 2765 impediri
982 2725 1090 2756 valeat
1106 2726 1158 2756 vel
1176 2727 1238 2757 dif-

222 2780 315 2811 ferri.
332 2780 570 2818 Rescripturus
588 2779 685 2809 nobis
699 2779 778 2818 quid
793 2779 869 2809 inde
884 2779 1021 2809 duxeris
1037 2778 1236 2809 faciendum.

222 2833 346 2864 Datum
355 2833 508 2869 Viterbii,
525 2842 544 2861 v
560 2832 648 2871 lidus
663 2831 835 2867 februarii,
853 2840 938 2862 anno
953 2831 1072 2870 primo.
1092 2842 1107 2859 »

1366 317 1438 347 134

1868 315 1993 347 Viterbe,
2009 315 2026 341 4
2039 314 2143 341 sevricr
2161 316 2236 341 1262.

1334 399 1426 426 Fratri
1444 399 1567 426 Jobanni
1585 400 1617 425 de
1634 399 1748 431 (juncia,
1764 398 1874 425 ordinis
1893 399 2174 431 Minorum‚mandat
2191 402 2221 425 ut
2233 399 2310 434 quic-

1297 448 1364 482 quid
1380 448 1520 482 receperit
1535 449 1568 474 de
1591 456 1676 474 censu
1691 456 1738 474 seu
1754 448 1871 474 denario
1892 447 1918 474 b.
1939 447 2014 474 l'ctri
2031 447 2059 474 iu
2081 447 2194 481 Anglia,
2212 448 2309 474 Denta-

1300 497 1369 522 viroe
1385 497 1463 523 (iuidi
1482 499 1510 523 ct
1533 497 1709 523 ltonaccurso
1731 496 1877 530 ltuyuerii,
1897 496 2105 522 mercatoribus
2127 496 2310 528 Senensibus,

1299 546 1438 580 assignet.
1457 546 1536 578 (Rae.
1554 548 1597 578 ⁶27,
1615 545 1662 572 sol,
1681 548 1725 578 323,
1743 554 1776 571 no
1794 546 1819 578 ¹3
1841 545 1976 571 l’orrnasr
1996 546 2102 575 18226.)

1344 664 1358 679 «
1378 652 1493 682 Dilecto
1507 652 1586 691 filio,
1602 651 1890 691 fratri-soltrinrzidc
1905 652 2029 685 Cancia,
2047 650 2162 680 ordinis
2176 651 2309 690 fratrum

1302 705 1465 741 Minor-um,
1493 705 1620 734 salutem
1643 711 1699 736 ele.
1728 705 1938 735 Presentium
1962 705 2022 735 tibi
2047 705 2239 735 auctoritate
2261 720 2310 733 --.

1302 759 1425 788 Datum
1442 759 1597 794 Viterbii,
1617 769 1637 788 ιι
1656 767 1759 789 nonas
1775 758 1946 792 februarii,
1963 767 2050 789 anno
2067 758 2186 797 primo.
2204 769 2218 784 υ

1375 935 1442 966 135

1871 934 1993 965 literbe,
2010 935 2024 958 7
2041 932 2144 959 sex-rim·
2165 934 2240 958 1262.

1339 1017 1439 1043 Simile
1458 1018 1628 1044 mundatum
1644 1018 1691 1044 dat
1709 1018 1865 1049 Leonardo,
1882 1017 1991 1044 cantori
2014 1016 2199 1047 ,Νὴ-3311110031,
2218 1016 2313 1050 capel-

1301 1065 1366 1091 lano
1378 1066 1545 1099 apostolico,
1558 1067 1591 1093 de
1607 1067 1733 1101 pecuniis
1747 1076 1816 1101 quus
1833 1067 1860 1093 in
1875 1075 1962 1101 regno
1975 1066 2094 1099 Angliae
2106 1073 2172 1092 cum
2187 1064 2313 1099 recipere

1301 1114 1449 1148 continget
1465 1115 1582 1142 nomine
1599 1116 1744 1143 ecclcsiae.
1763 1117 1841 1149 (itm.
1857 1117 1901 1148 27,
1918 1115 1966 1142 sol.
1986 1116 2029 1147 33,
2048 1123 2081 1140 no
2096 1116 2134 1141 ἓ.)

1341 1235 1356 1250 (ι
1373 1222 1487 1252 Dileclo
1504 1223 1570 1261 s1'l1'1)
1582 1223 1725 1261 massislro
1736 1222 1904 1257 Leonardo,
1923 1223 2041 1252 cantori
2055 1223 2250 1259 lessanensi,
2264 1234 2312 1253 ca-

1299 1275 1420 1315 pellano
1443 1275 1691 1311 yzosl7·o,s(1lulr'm
1713 1281 1766 1304 clc.
1786 1276 1869 1305 Cum
1886 1278 1916 1306 te
1934 1277 1973 1305 ad
1991 1277 2101 1315 partes
2118 1276 2246 1314 Augila}
2262 1293 2311 1307 —<

1302 1330 1424 1359 Datum
1440 1328 1595 1363 Viterbii,
1609 1339 1654 1358 vn
1672 1329 1747 1358 idus
1764 1328 1934 1364 februarii,
1952 1337 2038 1359 anno
2053 1329 2172 1368 primo.
2191 1341 2206 1356 »

1872 1510 1996 1543 Viterbe,
2010 1511 2026 1537 4
2041 1510 2146 1537 sevrier
2166 1513 2241 1539 1202.

1370 1514 1442 1544 136

1335 1596 1436 1623 Eidem
1454 1595 1582 1629 indulget
1599 1597 1629 1621 ut
1647 1594 1855 1629 quinquaginta
1873 1602 2009 1628 personas
2026 1595 2172 1622 absolvere
2188 1595 2279 1622 valeat
2297 1605 2314 1623 a

1300 1645 1444 1672 sententia
1464 1644 1775 1671 excommunicationis
1790 1651 1877 1677 quain
1895 1651 1943 1677 pro
1958 1643 2111 1678 injectione
2127 1653 2266 1671 manuum
2284 1645 2312 1672 in

1301 1694 1420 1721 clericos
1438 1694 1631 1720 incurrerunt.
1650 1693 1726 1728 (am.
1743 1694 1786 1723 27,
1804 1692 1853 1719 fol.
1872 1694 1915 1726 33,
1933 1701 1967 1719 no
1983 1694 2022 1727 3.)

1344 1801 1357 1814 «
1377 1790 1497 1820 Eidem.
1516 1790 1600 1820 Cum
1617 1790 1657 1819 de
1681 1790 1869 1820 sinceritate
1886 1790 1964 1820 fidei
1982 1799 2018 1820 ac
2034 1791 2244 1821 discretionis
2260 1792 2314 1822 tue

1301 1844 1465 1874 industria
1488 1843 1621 1882 plenius
1646 1843 1863 1878 confidentes,
1887 1845 1918 1873 te
1941 1844 1982 1873 ad
2004 1846 2114 1882 partes
2139 1845 2259 1883 Anglie
2276 1853 2314 1874 ac

1300 1897 1424 1927 XVallie
1450 1905 1509 1935 pro
1533 1896 1733 1934 quilmsdam
1749 1896 1928 1934 apostolice
1945 1897 2034 1926 sedis
2052 1897 2198 1935 negociis
2214 1897 2311 1928 desti-

1301 1958 1430 1985 nemus
1456 1958 1517 1979 nos
1537 1949 1678 1988 quedam
1703 1948 1761 1978 tibi
1786 1949 1935 1979 volentes
1957 1950 2146 1983 concedere,
2170 1958 2312 1990 perque

1301 2003 1401 2033 saluti
1426 2003 1598 2033 consulere
1624 2002 1736 2032 valeas
1768 2002 1965 2036 animarum.
1995 2002 2190 2033 absolvendi
2217 2004 2313 2042 juxta

1300 2056 1442 2086 formam
1472 2055 1610 2085 ecclesie
1635 2055 1706 2084 vice
1738 2056 1849 2085 nostra
1876 2055 2025 2089 clericos,
2049 2057 2115 2086 tam
2144 2057 2312 2087 seculares

1301 2117 1400 2148 quam
1420 2109 1593 2146 religiosos
1619 2109 1649 2137 et
1675 2108 1903 2146 laicOS,ils(1i1e
1928 2109 1968 2138 ad
1985 2109 2224 2147 quinquaginta
2243 2118 2314 2147 par-

1301 2162 1383 2192 tium
1403 2161 1607 2195 earumdem,
1626 2161 1751 2199 quipro
1765 2161 1941 2199 injectione
1953 2169 2110 2192 manuum
2127 2162 2158 2192 in
2176 2162 2314 2193 clericos

1301 2216 1333 2245 et
1348 2215 1431 2244 alias
1454 2223 1612 2253 personas
1635 2213 1876 2244 ecclesiasticas
1894 2215 2012 2244 temere
2036 2215 2083 2244 sic
2106 2215 2313 2245 violent-ain-

1301 2268 1453 2298 ciderunt
1472 2268 1505 2297 in
1531 2275 1691 2297 canonem
1718 2267 1879 2297 sententie
1900 2267 2119 2306 promulgate,
2145 2276 2180 2297 ac
2205 2268 2312 2306 injun-

1301 2321 1400 2359 gendi
1416 2320 1464 2350 eis
1479 2329 1537 2359 pro
1552 2320 1647 2358 culpe
1663 2320 1760 2349 modo
1781 2320 1996 2358 penitentiam
2009 2320 2199 2355 salutarem,
2217 2321 2313 2351 dum-

1302 2373 1399 2403 modo
1416 2382 1530 2403 eorum
1556 2373 1637 2403 adeo
1663 2381 1727 2402 11011
1744 2372 1787 2402 sit
1803 2373 1914 2410 gravis
1930 2375 1959 2403 et
1987 2374 2134 2403 enormis
2153 2382 2312 2405 excessus

1302 2427 1390 2465 quod
1404 2428 1537 2465 propter
1548 2426 1608 2456 hoc
1623 2425 1690 2455 sint
1706 2425 1822 2455 merito
1837 2426 1877 2455 ad
1889 2426 2226 2464 sedemapostolicam
2243 2428 2315 2458 des·

1301 2479 1443 2514 tinandi,
1469 2479 1608 2509 liberam
1634 2479 1694 2508 tibi
1720 2479 1914 2509 auctoritate
1941 2480 2144 2517 presentium
2166 2480 2314 2511 concedi-

1303 2541 1378 2562 mus
1401 2532 1609 2567 facultatem3
1628 2531 1762 2570 proviso
1787 2532 1874 2569 quod
1902 2531 1948 2562 hii
1976 2541 2060 2570 quos
2089 2533 2312 2564 absolvendos

1302 2586 1448 2621 duxeris,
1466 2585 1575 2624 passis
1598 2585 1754 2623 inJ'uriam
1774 2585 1979 2615 satisfaciant
1995 2587 2228 2625 competenter.
2246 2587 2311 2617 Da-

1301 2640 1372 2669 tum
1388 2638 1541 2674 Viterbii,
1561 2647 1582 2667 11
1602 2645 1706 2668 nouas
1721 2637 1892 2672 februarii.
1906 2646 1992 2669 anno
2003 2639 2122 2678 primo.
2137 2650 2152 2666 υ

1370 2829 1442 2860 137

1683 2826 1912 2861 Monteliuscoue‚
1933 2828 1964 2854 ¹0
1980 2827 2143 2862 septembre
2163 2827 2238 2853 ¹262.

1335 2912 1434 2940 Eidem
1467 2910 1627 2939 committit
1643 2911 1800 2945 quamdam
1831 2911 2047 2946 inquisitionem
2076 2911 2110 2937 de
2137 2910 2309 2945 quibusdam
