2547 3289
207 265 246 293 ⁶22
1046 250 1270 281 REGISTRE
1294 241 1507 280 CAMFJRAL

318 343 366 373 8ss
692 334 818 366 viterbo,
834 334 868 358 ‘25
888 332 1041 358 decembre
1060 331 1138 358 ¹261.

243 425 379 459 Episcopo
406 419 635 448 Cluromontcnsi
662 418 782 445 mandat
806 419 945 452 quatenns
975 415 1139 442 Durnnslum
1164 414 1215 440 no-

208 473 280 500 berti
305 472 450 498 (luidonis.
471 469 607 497 clericum
636 468 917 497 Claromontensem‚
942 464 1082 491 salsarum
1106 463 1214 489 littera-

207 529 269 549 rum
282 519 502 554 apostolicarum
520 517 735 548 fabricatorem,
750 515 811 549 capi
829 517 857 541 et
872 514 923 541 sul)
936 513 1010 540 bonu
1026 511 1154 539 custodia
1170 511 1215 537 de-

206 569 291 597 tineri
313 567 408 595 saciat.
421 568 500 600 (Rue.
514 567 559 597 Ξῖ,
571 565 619 592 sol.
638 565 682 598 20,
700 565 784 597 1101.)

248 726 261 740 α
301 710 466 742 Venerabili
493 710 617 750 fratri.
639 734 645 740 .

206 766 342 805 quidam
365 764 561 804 perditionis
584 763 675 793 filius
690 761 871 792 Durandus
889 758 1026 790 Roberti
1051 756 1216 787 Guidonis

207 821 246 850 (10
261 819 391 853 Riomo,
415 817 555 847 clericus
573 817 627 846 tue
649 814 799 850 diocesis,
824 813 879 851 qui
913 820 970 842 nec
998 810 1147 849 corporis
1163 817 1216 847 pe-

209 872 350 903 riculum
368 872 529 905 metuens,
555 877 614 898 nec
640 867 749 897 anime
777 874 835 896 sue
859 864 1095 894 detrimentum
1113 863 1215 891 atten-

209 925 302 961 dens,
321 924 352 953 in
387 922 477 952 curia
511 922 622 951 nostra
650 920 737 958 apud
755 918 942 949 Viterbium
960 916 1061 945 salsas
1081 914 1142 944 sub
1163 921 1219 943 no—

210 976 296 1005 mine
315 976 424 1005 nostro
442 975 566 1004 litteras
580 972 771 1006 fabricabat,
785 971 826 1000 ab
837 970 952 999 cadem
968 968 1059 998 curia
1073 967 1217 1006 fugiens,
1246 997 1247 1008 ¹

210 1029 250 1059 ad
288 1027 420 1066 propria
437 1036 470 1056 sc
488 1025 671 1056 contulisse
699 1024 842 1057 dicatur,
867 1020 1065 1052 fraternitati
1093 1021 1146 1049 tue
1161 1027 1218 1057 per
1246 1029 1248 1038 1

208 1080 388 1120 apostolica
416 1079 537 1118 scripta
563 1078 760 1108 mandamus
786 1076 950 1114 quatenus
977 1073 1150 1104 falsarium
1174 1072 1219 1110 ip·
1247 1088 1248 1094 1

210 1142 283 1163 sum
301 1133 373 1171 capi
386 1132 486 1163 facias
503 1132 534 1161 et
551 1131 694 1169 captum,
712 1130 816 1159 (101100
832 1137 932 1167 super
948 1127 1008 1156 hoc
1025 1125 1115 1156 aliud
1130 1134 1220 1155 man-

211 1186 322 1216 datum
340 1186 489 1215 nostrum
516 1183 691 1222 receperis,
718 1182 780 1212 sub
797 1182 861 1211 fide
876 1180 945 1219 (sic)
971 1179 1121 1209 custodia
1139 1178 1219 1207 ‹leti-

212 1239 293 1274 ncri,
321 1238 579 1269 contradictores
596 1245 654 1276 per
675 1244 849 1266 censuram
875 1233 1058 1264 ecclesiasti
1071 1241 1155 1267 rani,
1169 1240 1222 1269 ap-

212 1290 390 1330 pellatione
403 1289 596 1329 postposita,
616 1288 864 1327 compescendo,
878 1287 1033 1317 Invocato
1050 1285 1173 1320 adhoc,
1190 1283 1219 1313 si
1247 1290 1248 1301 ¹

212 1352 346 1373 necesse
369 1343 479 1377 suerit,
503 1341 628 1371 auxilio
646 1340 774 1371 brachii
796 1339 967 1370 secularis.
985 1337 1220 1375 Rescripturus
1247 1348 1248 1355 1

214 1396 309 1426 nobis
331 1396 410 1434 quid
435 1395 510 1425 inde
534 1394 669 1424 duxeris
694 1393 893 1423 faciendum.
919 1392 1042 1422 Datum
1065 1389 1218 1425 viterbii,
1248 1424 1249 1427 Ἰ

1248 1446 1249 1453 ¹
1280 1434 1333 1464 lus
1345 1434 1384 1463 de
1398 1433 1618 1471 Carsagnana,
1636 1431 1816 1461 canonicus
1828 1431 1991 1464 Lucanus,
2007 1429 2200 1468 capellanus
2213 1437 2288 1457 nos-

215 1459 274 1479 vni
289 1448 449 1478 kalendas
463 1447 622 1487 Januarii,
642 1455 728 1476 anno
743 1445 862 1485 priino.
883 1457 895 1471 »

326 1599 372 1629 87
711 1594 837 1625 Viterbc,
849 1594 882 1618 ‘225
902 1592 1056 1618 decembre
1073 1593 1149 1618 1261.

252 1681 349 1707 Eidem
369 1679 483 1706 inundat
501 1680 640 1712 quatenus
663 1677 797 1711 pecunias
821 1685 891 1710 quas
913 1684 999 1710 penes
1020 1676 1161 1702 'l‘liomam
1181 1676 1224 1702 Li-

216 1738 291 1763 gras,
310 1730 480 1763 burgensem
498 1736 521 1754 s.
542 1726 681 1757 Porciaui,
696 1726 844 1752 Durandns
864 1725 998 1751 falsarius
1012 1725 1152 1759 deposuit,
1169 1725 1226 1751 exi-

217 1786 280 1813 gere
297 1779 321 1803 ct
343 1777 439 1803 Vivolo
457 1775 622 1807 Sulvauelli,
640 1775 785 1800 Venturae
801 1774 911 1800 Cambii
927 1775 954 1799 et
971 1773 1094 1799 Corrado
1110 1773 1225 1805 Jacobo,

216 1825 422 1852 mercatoribus
448 1824 632 1855 Florentinis,
660 1823 809 1857 assignare
834 1824 978 1856 procuret.
1008 1822 1089 1857 (ltus.
1107 1823 1152 1852 27,
1175 1821 1224 1848 fol.

217 1876 259 1906 20,
273 1883 304 1900 no
321 1874 359 1909 2¹.)

258 1979 272 1993 «
293 1967 410 1996 Eidem.
435 1967 518 1996 Cum
539 1965 714 1995 Durandus
736 1964 873 1995 Roberti
897 1964 1063 1994 Guidonis
1086 1964 1125 1994 <le
1152 1964 1228 1994 Rio-

221 2029 286 2055 nio,
305 2020 444 2049 clericus
460 2020 513 2049 tue
536 2018 690 2054 diocesis,
707 2018 838 2047 centum
857 2017 960 2047 libras
981 2017 1228 2047 Turononsirnn

218 2081 319 2111 peaes
346 2073 507 2103 'l'liomam
539 2071 665 2108 Limus,
691 2071 889 2109 burgensem
919 2071 1024 2100 sancti
1061 2071 1226 2105 Porciani,

218 2125 364 2164 predicte
393 2124 546 2159 diocesis,
567 2124 698 2154 duxerit
729 2123 954 2162 deponendas,
979 2132 1063 2161 quas
1079 2123 1165 2153 idem
1189 2122 1228 2154 T.

218 2178 362 2208 Jolianni
381 2177 542 2215 Sigarello
559 2177 597 2207 de
613 2177 794 2211 Placentia,
808 2176 895 2214 ,iuris
911 2176 1022 2205 civilis
1038 2176 1230 2214 professori,

225 2442 333 2470 mento
350 2440 482 2479 publico
501 2440 574 2469 inde
597 2440 756 2475 consecto,
775 2440 862 2478 quod
885 2440 944 2470 tibi
971 2448 1045 2478 per.
1065 2463 1070 2468 .
1096 2440 1233 2470 latorem

225 2493 428 2531 presentium
447 2493 619 2528 mittimus,
643 2493 775 2531 plenius
804 2493 1004 2528 continetur,
1036 2492 1235 2522 fraternitati

226 2547 279 2575 tue
296 2553 352 2583 pcr
380 2545 561 2583 apostolica
581 2545 703 2583 scripta
726 2544 923 2574 mandamus
954 2546 1128 2583 quatenus,
1159 2553 1234 2574 cum

228 2596 393 2636 predictus
413 2598 592 2627 Durandus
610 2598 641 2627 in
660 2598 752 2627 curia
772 2598 882 2627 nostra
900 2606 1004 2636 nuper
1025 2598 1113 2636 apud
1130 2598 1235 2628 Vitor-

229 2651 319 2680 bium
336 2651 521 2680 litterarum
538 2651 698 2680 salsarum
714 2650 775 2679 sul)
803 2651 934 2680 nominc
958 2652 1070 2681 nostro
1088 2659 1234 2688 comper-

229 2705 282 2733 tus
299 2703 397 2732 fucrit
414 2703 602 2736 fabricator,
627 2711 685 2732 nec
702 2702 780 2732 dum
809 2703 848 2732 (10
864 2703 1137 2741 provenientibus
1155 2703 1237 2741 ipsis
1266 2706 1267 2716 ¹

231 2755 270 2785 ab
288 2756 401 2785 codem
419 2755 570 2785 Jolianne
586 2756 710 2794 prefato
732 2756 891 2785 harundo
910 2756 959 2785 vel
976 2764 1034 2794 pro
1052 2764 1090 2785 co
1106 2756 1162 2785 alii
1179 2755 1237 2785 ali-

231 2808 309 2846 quid
338 2808 436 2838 suerit
454 2808 670 2847 persolutum,
692 2808 777 2838 sicut
805 2817 846 2838 cx
876 2808 1080 2847 inspectione
1113 2808 1238 2838 tenoris

233 2860 442 2890 instrumenti
457 2862 590 2899 apparet
611 2861 792 2894 evidenter,
812 2861 972 2899 prefatam
990 2861 1237 2891 Turonensium

232 2913 446 2950 quantitatem
462 2922 479 2942 a
496 2913 623 2943 Thoma
654 2913 799 2951 predicto
815 2914 938 2952 exigas,
966 2921 1106 2951 eumque
1124 2913 1164 2942 ad
1188 2921 1233 2943 so·

676 709 812 749 episcopo
844 705 1094 737 Claromonlensi.
1132 704 1215 734 Cum
1243 736 1244 743 ἵ

1240 329 1243 349 ³
1272 330 1430 360 lationem
1457 328 1562 367 ipsius
1580 325 1717 365 pecunie
1734 325 1858 363 integre
1875 324 1935 354 tibi
1953 325 2064 354 nostro
2083 324 2216 354 nomine
2233 323 2278 354 sa-

1242 377 1243 401 1
1272 383 1421 413 ciendam
1438 390 1496 420 per
1518 387 1693 410 censuram
1715 377 1984 411 ecclesiasticam,
1998 377 2218 415 appellatione
2234 384 2281 406 re-

1271 437 1370 469 mota,
1395 433 1588 473 compellas,
1608 431 1866 463 contradictores
1897 438 1956 469 per
1981 438 2156 460 censuram
2175 429 2278 460 eccle-

1272 488 1452 523 siasticam,
1470 485 1690 525 appellatione
1705 483 1899 523 postposita,
1918 482 2168 521 compescendo,
2187 481 2280 512 invo-

1242 556 1243 564 1
1271 543 1343 572 cato
1361 541 1400 570 ad
1421 539 1533 575 hoc,si
1563 546 1696 568 necesse
1722 537 1832 571 suerit,
1851 535 1976 565 auxilio
2005 534 2131 564 brachii
2155 534 2282 565 secula-

1273 594 1339 629 ris;
1357 593 1562 632 pecuniaque
1580 592 1652 630 ipsa
1666 591 1805 628 recepta,
1826 596 1896 619 eam
1916 588 2046 618 dilectis
2064 587 2142 617 filiis
2159 586 2282 617 Vivolo

1243 652 1244 655 ’
1273 644 1622 678 SalvanelliNcnturc
1637 642 1765 673 Cambii
1775 642 1805 672 et
1815 640 1960 671 Corrado
1971 638 2098 674 Jacobi,
2109 638 2240 668 civibus
2252 639 2283 667 et

1266 696 1511 727 mercatoribus
1528 695 1744 728 senensibus,
1765 694 1818 723 vel
1833 701 1947 723 eorum
1958 692 2015 722 uni
2033 694 2088 721 aut
2101 692 2189 722 certo
2200 699 2280 720 nun·

1272 750 1318 780 tio
1329 749 1695 787 eorumtempresentes
1713 747 1772 778 tibi
1786 747 1911 776 litteras
1926 744 2099 781 deferenti,
2111 744 2281 782 assignare

1274 810 1442 841 procures.
1473 801 1710 840 Rescripturus
1741 799 1838 830 nobis
1861 799 1943 837 quid
1972 806 2073 837 super
2110 796 2283 836 premissis

1245 854 1246 859 ’
1275 854 1410 884 (luxeris
1435 853 1634 883 faciendum.
1652 853 1774 883 Datum
1799 851 1951 886 Viterbii,
1970 860 2030 880 vni
2058 849 2220 880 kalendas
2234 849 2284 888 ja-

1276 906 1396 942 nuarii,
1412 914 1498 936 anno
1515 905 1632 944 primo.
1653 918 1668 931 »

1387 1061 1435 1092 88
1813 1056 1936 1087 Orvieto‚
1955 1058 1990 1083 23
2004 1057 2117 1083 octobre
2134 1058 2210 1083 1262.

1313 1144 1405 1171 Priori
1421 1143 1558 1170 ccclesiae
1572 1151 1596 1170 s.
1611 1141 1737 1168 Fridiuni
1750 1141 1880 1167 Lucanae
1896 1140 2013 1166 mandat
2031 1142 2061 1166 ut
2077 1140 2149 1166 bona
2160 1139 2239 1166 Pauli
2251 1139 2284 1165 de

1277 1193 1468 1227 Cnrsagnana,
1497 1191 1638 1226 capellani
1663 1189 1823 1225 apostolici,
1849 1189 1922 1224 apud
1948 1197 1978 1215 se
2006 1188 2147 1222 deposita,
2173 1187 2283 1222 11οςουί

1278 1243 1392 1276 Spinae,
1407 1240 1561 1267 mercatori
1572 1240 1748 1271 Florentino,
1759 1239 1908 1273 assignare
1918 1239 2060 1272 procuret.
2075 1237 2160 1271 (liae.
2176 1238 2220 1269 27,
2235 1236 2284 1263 sol.

1278 1293 1322 1324 ⁶20,
1339 1295 1370 1316 n⁰
1388 1290 1426 1324 3.)

1320 1392 1333 1407 «
1354 1380 1402 1416 G„
1422 1379 1521 1419 priori
1536 1378 1657 1408 ecclesie
1677 1379 1776 1407 satzclt'
1791 1376 1932 1407 Fridt'ani
1948 1376 2079 1406 Lucane.
2105 1376 2189 1405 Cum
2200 1375 2286 1404 Pau-

1280 1489 1340 1522 ter,
1364 1487 1453 1516 viam
1475 1494 1581 1524 nuper
1600 1485 1756 1515 universe
1779 1484 1890 1514 carnis
1914 1484 2097 1522 ingressus,
2117 1482 2204 1512 bona
2225 1489 2292 1511 mo-

1250 1554 1252 1588 1
1282 1540 1362 1569 bilia
1380 1548 1442 1577 que
1472 1538 1623 1573 habebat,
1658 1538 1689 1567 in
1714 1537 1834 1567 ultima
1858 1537 2027 1566 voluntate
2050 1534 2289 1574 recognoverit,

1252 1628 1253 1631 Ἰ
1282 1593 1368 1623 sicut
1378 1592 1578 1630 accepimus,
1593 1591 1632 1621 ad
1645 1591 1831 1621 Romanam
1847 1589 2022 1619 ecclesiam
2036 1589 2213 1628 pertinere,
2225 1587 2292 1617 dis-

1283 1645 1422 1675 cretioni
1438 1646 1492 1674 tue
1511 1644 1658 1674 districte
1674 1643 1841 1682 precipien
1854 1643 1886 1673 10
1905 1642 2104 1672 mandamus
2126 1642 2290 1679 quatenus

1284 1706 1489 1737 quecumque
1514 1697 1553 1727 de
1580 1697 1677 1727 bonis
1701 1696 1859 1735 predictis
1889 1696 1978 1735 apud
2007 1697 2037 1725 te
2064 1704 2122 1724 seu
2138 1695 2172 1724 in
2198 1694 2295 1724 domo

1284 1753 1340 1781 tua
1361 1751 1523 1781 habentur
1542 1751 1702 1789 deposita,
1719 1751 1749 1780 et
1773 1749 1960 1788 specialiter
1978 1748 2167 1787 pecuniam,
2192 1755 2297 1786 equos

1285 1807 1315 1834 et
1327 1813 1379 1834 res
1393 1804 1487 1839 alias,
1506 1812 1589 1842 quas
1605 1803 1665 1833 tibi
1681 1803 1742 1832 sub
1759 1802 1869 1841 sigillo
1883 1802 1994 1831 dilecti
2011 1801 2073 1831 filii
2102 1801 2154 1835 P.,
2180 1800 2295 1830 decani

1285 1856 1502 1890 Senonensis,
1517 1855 1690 1885 camerarii
1709 1855 1823 1889 nostri,
1843 1854 2009 1884 mittimus
2028 1855 2214 1888 annotatas,
2247 1852 2295 1882 di-

1294 1910 1377 1939 lecto
1395 1909 1463 1939 filio
1490 1908 1622 1947 Hugoni
1663 1908 1776 1946 Spinc,
1805 1907 1872 1937 civi
1901 1908 1933 1937 et
1963 1906 2136 1936 mercatori
2159 1906 2297 1936 Floren-

1257 1975 1258 1998 3
1286 1963 1367 1996 tino,
1390 1964 1560 2001 presentes
1591 1961 1649 1991 tibi
1679 1961 1806 1991 litteras
1825 1959 1998 1994 deserenti,
2025 1961 2138 1989 nostro
2165 1959 2299 1989 nomine

1258 2049 1259 2062 ἶ
1285 2015 1455 2053 assignare
1487 2023 1655 2054 procurcS,
1688 2013 1909 2052 rescripturus
1948 2012 2044 2042 nobis
2072 2012 2231 2051 quicquid
2258 2012 2298 2042 de

1286 2067 1444 2106 predictis
1472 2067 1569 2097 bonis
1592 2067 1699 2097 cidem
1726 2066 1862 2096 duxeris
1894 2065 2143 2103 assignandum,
2176 2065 2299 2094 Datum

1288 2120 1375 2158 apud
1393 2120 1675 2155 Urbemreterem,
1697 2129 1715 2148 x
1737 2119 1898 2149 kalendas
1926 2118 2129 2154 novembris,
2146 2126 2233 2148 anno
2249 2126 2300 2148 se-

1259 2173 1261 2217 }
1289 2173 1409 2203 cundo.
1430 2184 1444 2199 »

220 2229 548 2268 promisitexolvere,
570 2231 744 2268 postquam
761 2230 924 2259 constaret
949 2229 1091 2258 eundem
1109 2229 1231 2258 ,10111111-

223 2291 297 2313 nem
311 2283 436 2321 presato
450 2283 609 2312 Durando
629 2291 688 2321 pro
712 2282 809 2311 dictis
830 2281 1085 2312 'l'uronensibus
1101 2282 1231 2311 centum
1262 2281 1263 2292 ¹

222 2335 324 2365 libras
347 2343 601 2374 provesinorum
626 2343 684 2364 seu
701 2335 912 2365 denariorum
937 2335 1072 2364 senatus
1096 2334 1129 2363 in
1151 2334 1232 2364 civi<
1263 2322 1264 2326 Ἰ

223 2389 286 2418 tate
305 2388 455 2418 Romana
484 2387 535 2417 vel
552 2388 622 2417 1000
641 2387 706 2417 alio
724 2387 938 2426 persolvisse,
960 2387 1089 2416 sicutin
1108 2387 1232 2417 instru-
1264 2396 1265 2404 ¹

1382 2332 1430 2362 89
1867 2328 1990 2361 Orvieto,
2015 2330 2041 2354 11
2061 2329 2132 2355 avril
2153 2330 2230 2355 tec-3.

1329 2414 1467 2448 Episcopo
1482 2413 1602 2440 Reatino
1618 2413 1735 2439 mandat
1753 2414 1781 2438 ut
1799 2411 1965 2438 beneficium
1984 2412 2171 2438 absolutionis
2189 2412 2301 2446 impen-

1293 2464 1340 2489 dat
1357 2463 1463 2489 civibus
1482 2461 1608 2488 Reatinis
1625 2461 1671 2495 qui
1687 2460 1844 2487 Olli-educit)
1860 2460 1893 2486 dc
1912 2461 2050 2493 Mis-anda,
2066 2461 2134 2487 dum
2152 2469 2203 2494 pro
2228 2461 2304 2495 ipso-

1295 2520 1359 2538 rum
1378 2512 1517 2545 potestate
1542 2518 1571 2536 se
1593 2510 1719 2544 gerebat,
1736 2509 1928 2537 adhaeserunt.
1950 2510 2030 2543 (ltso.
2059 2511 2102 2541 27,
2139 2509 2185 2536 sol.
2211 2510 2256 2539 ⁶20,
2273 2512 2302 2535 νο

1265 2570 1267 2579 1
1295 2560 1384 2589 1104.)

1337 2662 1351 2677 «
1379 2673 1397 2679 ..
1415 2649 1553 2689 episeopo
1572 2648 1710 2677 Reatino.
1729 2648 1878 2678 Dilectus
1897 2648 1987 2679 tilius
2010 2648 2132 2679 nobilis
2150 2649 2202 2678 vir
2217 2648 2300 2679 Cita-

1297 2703 1408 2737 dinus,
1433 2701 1517 2731 civis
1544 2701 1788 2736 Ui·l›ovet:11111<,
1816 2702 1960 2731 civitatis
1984 2702 2124 2732 Reatine
2148 2702 2304 2740 potestas,

1300 2764 1414 2794 nuper,
1441 2763 1515 2784 cum
1532 2756 1668 2784 vocatus
1697 2754 1758 2784 fuit
1788 2755 1828 2785 ad
1856 2755 1964 2793 ipsius
1989 2755 2135 2793 regimen
2151 2754 2305 2788 civitatis,

1299 2808 1395 2837 nobis
1425 2807 1596 2837 humiliter
1621 2807 1821 2846 supplicavit
1854 2809 1900 2842 ut,
1927 2815 2002 2837 cum
2032 2806 2183 2837 nonnulli
2211 2806 2305 2836 cives

1299 2860 1444 2890 Reatini.
1465 2869 1522 2898 pro
1540 2869 1577 2890 eo
1598 2861 1686 2898 quod
1705 2860 1929 2891 Otii-educitur]
1950 2861 1990 2890 de
2008 2859 2170 2892 Min-anda,
2195 2859 2252 2897 qui
2270 2866 2306 2888 se

1299 2921 1358 2952 pro
1376 2913 1482 2951 ipsius
1495 2913 1641 2943 civitatis
1653 2915 1813 2953 potestate
1830 2912 1972 2952 gerebat,
1985 2913 2097 2942 contra
2113 2911 2304 2941 mandatum
