2547 3289
243 193 284 225 28
978 185 1228 216 REGISTRES
1250 183 1463 215 D'URBAIN
1486 183 1544 213 IV.

244 279 277 309 et
291 276 427 308 ecclesie
444 276 550 305 vostre
568 272 773 312 professione
795 271 825 300 et
843 268 1029 299 obedientia
1047 276 1106 306 per
1119 267 1252 297 easdem

247 331 376 369 plenam
391 324 874 363 certitudinemgobtinentes,ac
883 321 1032 351 volentes
1043 320 1138 350 vobis
1153 328 1252 358 super

241 382 300 413 illo
330 389 370 410 ne
398 388 455 418 per
480 378 669 416 aliquorum
694 375 889 406 cavillosam
911 374 1072 404 malitiam
1095 372 1251 402 vacillare

241 431 564 471 valeat,providere‚
591 429 798 469 presentium
825 427 1016 457 auctoritate
1041 425 1252 456 decernimus

242 487 278 516 ut
298 485 455 515 universe
477 490 617 522 persone
641 490 705 520 que
734 481 774 511 ad
801 481 949 520 ipsorum
973 478 1251 509 monasteriorum

240 538 389 576 regimen
406 536 630 570 assumentur,
645 534 740 564 vobis
754 533 787 563 in
799 533 943 571 capitulo
956 533 1065 562 vestro
1079 540 1097 561 a
1112 539 1250 560 conven-

239 590 331 622 tibus
353 590 501 628 ipsorum
532 587 811 618 monasteriorum
838 594 897 624 per
921 585 1046 615 litteras
1069 584 1122 614 vel
1144 585 1250 613 certos

241 643 375 674 nuntios
398 641 578 672 eorundem
597 641 627 671 et
644 649 663 670 a
680 639 776 670 vobis
802 647 861 677 per
882 646 985 668 unum
1007 638 1062 667 aut
1082 636 1193 675 plures
1211 636 1250 666 de

238 696 312 735 ipso
329 695 472 734 capitulo
489 695 529 724 ad
546 702 669 724 munus
686 692 928 723 benedictionis
939 690 1153 721 Laudunensi
1165 689 1250 727 epis-

237 757 320 788 copo
342 748 585 787 presententur.
609 746 693 776 Cum
717 747 828 776 autem
845 745 957 775 eedem
976 751 1116 783 persone
1136 742 1250 781 hujus-

238 801 330 832 modi
348 809 471 831 munus
496 808 555 839 per
570 799 762 838 episcopum
785 798 896 837 ipsum
921 797 973 827 vel
996 797 1078 827 alias
1092 796 1155 829 rite
1172 795 1252 826 obti-

239 854 384 889 nuerint,
401 861 540 892 persone
556 853 628 891 ipse
643 852 738 882 vobis
754 859 855 890 super
870 850 971 881 altare
989 849 1126 880 ecclesie
1142 849 1250 879 vestre

238 907 490 946 subjectionem,
515 905 736 936 reverentiam
763 905 793 934 et
820 903 1042 934 obedientiam
1058 902 1252 941 promittant

237 968 274 990 se
296 960 453 998 perpetuo
476 958 683 989 exhibituras
707 957 821 988 ordine
852 965 912 987 suo
938 956 1042 991 salvo,
1061 964 1160 994 quam
1180 963 1251 993 pro-

237 1013 435 1044 missionem
455 1012 490 1042 in
507 1012 641 1050 scriptis
656 1011 780 1041 faciant
796 1011 826 1040 et
840 1009 974 1049 propria
990 1017 1090 1039 manu
1106 1008 1251 1038 subscri-

237 1066 328 1096 bant.
345 1065 440 1095 Nulli
458 1073 534 1104 ergo
561 1065 671 1094 nostre
691 1063 951 1097 constitutionis,
974 1063 1033 1092 etc.
1056 1062 1180 1092 Datum
1194 1061 1251 1092 Vi-

235 1117 346 1154 terbii,
365 1117 464 1147 nonis
479 1116 611 1155 aprilis,
629 1124 715 1146 anno
731 1116 848 1155 primo.
868 1127 883 1142 η

306 1348 353 1377 88
840 1343 965 1375 Yiterbe,
982 1345 995 1368 ὅ
1010 1343 1082 1369 avril
1102 1344 1177 1370 1262.

275 1430 387 1455 Decauo
403 1428 576 1455 Virduuensi
593 1428 712 1453 mandat
728 1429 869 1461 quatenus
887 1426 1050 1460 proximam
1071 1425 1249 1459 superiorem

237 1477 512 1509 constitutionem‚a
530 1475 676 1503 canonicis
696 1475 930 1502 Laudunensibus
949 1474 1251 1508 impetratammbser·

239 1526 300 1553 vari
316 1528 404 1552 curet.
426 1526 504 1560 (Rae.
522 1526 567 1557 26,
586 1524 634 1551 sol.
654 1525 684 1550 19
699 1528 739 1556 νῦ,
756 1528 787 1550 n⁰
802 1523 857 1558 86.)

282 1630 296 1645 α
324 1641 344 1648 ..
363 1617 477 1647 decano
508 1615 699 1646 Vir-dunensi.
721 1615 757 1646 Si
775 1615 817 1645 ad
840 1614 1100 1645 sollicitudinem
1123 1632 1171 1643 -.
1190 1614 1251 1643 Da-

242 1672 313 1702 tum
329 1672 363 1701 ut
378 1679 490 1709 supra.

311 1860 359 1890 89
840 1856 965 1888 Viterbe‚
982 1857 996 1882 5
1013 1855 1085 1882 avril
1103 1856 1179 1882 4262.

278 1937 390 1964 Decano
399 1937 557 1964 Senonensi
573 1936 694 1963 mandat
705 1938 844 1971 quatenus
859 1935 975 1962 abbates
986 1936 1254 1962 Praemonstraten-

243 1985 283 2012 sis
295 1985 415 2019 ordinis,
425 1985 621 2012 Laudunensis
634 1985 768 2017 diocesis,
779 1984 826 2018 qui
839 1984 965 2018 capitulo
980 1983 1161 2010 Laudunensi
1178 1992 1253 2011 reve-

243 2033 369 2060 rentiam
391 2036 419 2060 et
437 2033 630 2060 obedientiam
653 2041 739 2067 super
761 2033 850 2059 altare
871 2040 927 2058 non
949 2032 1148 2066 promiserint,
1169 2033 1202 2059 ad
1225 2031 1252 2059 id

243 2082 408 2117 compellat.
426 2083 504 2115 (nso.
522 2082 566 2115 26,
584 2081 631 2109 sol.
651 2083 682 2108 ¹9
698 2085 740 2112 νο,
758 2085 790 2107 n⁰
807 2082 864 2113 87.)

283 2195 298 2210 «
320 2206 339 2212 ..
358 2182 470 2212 decano
487 2182 658 2212 Senonensi.
677 2182 711 2212 Si
729 2181 768 2211 ad
788 2181 1106 2212 sollicitudinem-.
1128 2180 1251 2211 Datum

242 2236 279 2265 ut
298 2236 330 2266 in
347 2236 442 2267 tertia
460 2235 636 2274 superiori.

307 2435 356 2466 90
837 2431 963 2464 Viterbe,
979 2433 994 2457 5
1009 2431 1081 2457 avril
1102 2433 1176 2459 1262.

274 2518 385 2544 Decano
401 2518 429 2543 et
445 2515 569 2550 capitulo
589 2514 825 2542 laudunensibus
844 2514 987 2549 significat
1003 2522 1032 2540 se
1049 2514 1202 2542 decernere
1219 2517 1249 2542 ut

237 2574 338 2593 omnes
356 2572 493 2600 personae
508 2564 621 2599 quaein
639 2562 821 2590 Lauduneusi
838 2563 943 2590 diocesi
960 2563 987 2589 in
1003 2563 1118 2590 abbates
1133 2572 1249 2591 monas—

239 2615 378 2641 teriorum
397 2612 633 2640 Cisterciensinm
649 2611 804 2647 eligantur,
824 2611 893 2646 ipsis
912 2611 1121 2647 subjectionem
1140 2614 1168 2639 et
1183 2613 1248 2639 obe—

237 2663 377 2690 dientiam
401 2662 510 2689 debitas
534 2668 620 2696 super
646 2660 737 2687 altare
762 2659 948 2694 promittant.
970 2659 1048 2694 (Rsc.
1069 2661 1114 2693 26,
1136 2660 1184 2687 sol.
1204 2662 1247 2693 ΞΟ,

236 2715 270 2738 n⁰
288 2710 344 2746 88.)

275 2815 290 2831 «
311 2827 330 2834 ..
359 2805 468 2833 decano
490 2806 516 2831 ee
535 2800 668 2842 capitulo
685 2799 948 2830 Laudunensibus.
978 2801 1013 2832 Si
1030 2801 1070 2831 ad
1089 2802 1247 2833 sollicitu-

235 2856 349 2887 dinem
366 2872 414 2886 -—.
433 2855 556 2885 Datum
572 2853 726 2891 Viterbii,
741 2853 839 2884 nonis
854 2853 981 2893 aprilis,
999 2863 1086 2886 anno
1099 2855 1248 2894 primo.»

1379 267 1424 298 91
1908 263 2034 295 Viterbe,
2049 265 2064 289 5
2080 263 2152 289 avril
2172 265 2249 290 ¹262.

1348 350 1459 376 Decano
1476 349 1652 376 Virdunensi
1670 348 1790 375 mandat
1807 350 1946 382 quatenus
1963 347 2127 381 proximam
2144 347 2321 381 superiorem

1311 398 1587 431 constitutionem‚a
1603 397 1750 424 canonicis
1772 396 2007 423 laudunensibus
2025 396 2324 430 impetratam‚obser·

1311 446 1373 472 vari
1389 448 1480 472 curet.
1499 446 1580 480 (itm.
1596 446 1640 477 26,
1657 444 1704 472 sol.
1721 445 1765 478 20,
1782 452 1815 471 no
1832 445 1888 479 89.)

1354 549 1368 565 «
1389 561 1410 568 ..
1428 542 1539 567 decano
1556 536 1750 566 Virdurzensi.
1765 536 1800 567 Si
1815 536 1853 566 ad
1871 536 2187 567 sollicitudinem—.
2199 537 2322 567 Datum

1312 590 1469 626 Viterbii,
1488 589 1585 620 nonis
1605 589 1734 628 aprilis,
1752 597 1838 619 anno
1855 589 1972 627 primo.
1993 602 2007 617 n

1378 751 1427 782 92
1909 748 2034 780 viterbe,
2051 749 2065 773 5
2081 748 2154 774 avril
2174 749 2250 775 1262.

1348 834 1460 860 Decano
1484 832 1642 859 senonensi
1666 831 1786 858 mandat
1810 833 1950 865 quatenus
1969 831 2084 857 abbates
2107 831 2320 863 Cistercieuses‚

1312 881 1509 909 Laudunensis
1525 881 1657 913 diocesis,
1678 880 1726 914 qui
1743 880 1868 914 capitulo
1889 879 2069 906 Laudunensi
2085 879 2276 906 reverentiam
2293 882 2321 906 et

1311 931 1487 958 obdientiam
1512 937 1596 964 super
1621 929 1711 955 altare
1735 936 1791 955 non
1816 928 2016 962 promiserint,
2041 927 2077 954 ad
2103 928 2132 954 id
2157 927 2321 962 compellat.

1313 979 1391 1014 (Bac.
1409 978 1514 1011 26,f01.
1533 979 1576 1011 20,
1594 986 1626 1004 no
1643 977 1699 1013 90.)

1354 1082 1367 1097 «
1384 1092 1404 1100 ..
1426 1073 1535 1099 decano
1548 1068 1726 1098 Senonensi.
1746 1068 1781 1099 Si
1799 1067 1840 1097 ad
1857 1067 2117 1097 sollicitudinem
2133 1084 2181 1096 ——.
2199 1067 2321 1097 Datum

1311 1122 1466 1158 Viterbii,
1485 1122 1582 1152 nonis
1597 1121 1724 1160 aprilis,
1744 1129 1831 1151 anno
1846 1120 1964 1159 primo.
1987 1132 1999 1147 n

1379 1284 1427 1314 93
1891 1281 2016 1313 Viterbe,
2035 1282 2064 1307 ¹7
2080 1281 2152 1307 avril
2173 1282 2249 1307 {io-2.

1346 1365 1472 1398 Alronso,
1487 1364 1547 1398 regi
1560 1363 1700 1391 Castellae
1721 1365 1749 1389 et
1765 1362 1906 1396 Legionis,
1925 1370 1975 1396 per
1992 1362 2166 1396 magistrum
2186 1363 2230 1394 R„
2241 1365 2321 1389 nota-

1311 1414 1388 1441 rium
1405 1421 1502 1445 suum,
1514 1412 1679 1446 exposcenti
1692 1413 1721 1437 ut
1732 1411 1767 1437 ad
1779 1410 1894 1444 imperii
1913 1410 2033 1437 Rotnani
2050 1410 2198 1445 fastigium
2215 1419 2231 1437 a
2248 1418 2322 1445 papa

1312 1464 1456 1494 evocetur,
1464 1461 1651 1496 ejusdemque
1661 1467 1798 1486 coronam
1814 1467 1847 1485 ex
1863 1458 1946 1485 istius
1959 1459 2091 1485 manibus
2107 1459 2321 1494 suscipiat,res-

1312 1511 1397 1537 cribit
1409 1509 1575 1544 perplexam
1588 1508 1746 1535 admodum
1757 1516 1818 1534 esse
1827 1509 1912 1541 atque
1926 1507 2084 1534 involutam
2097 1515 2201 1534 causae
2214 1508 2323 1542 equita-

1312 1562 1456 1592 tem,cum
1464 1566 1498 1585 ex
1506 1558 1626 1585 adverso
1640 1556 1790 1589 Ricardus,
1812 1564 1908 1582 comes
1920 1555 2254 1590 Coruubiae‚imperium
2266 1555 2321 1583 sibi

1313 1607 1409 1634 deberi
1424 1606 1585 1634 contendat.
1598 1605 1711 1632 Dictum
1723 1604 1845 1639 denique
1856 1604 2031 1639 magistrum
2043 1604 2078 1631 ad
2093 1612 2191 1639 regem
2204 1604 2324 1631 redeun-

1314 1658 1372 1683 tem
1391 1655 1415 1682 ei
1434 1654 1631 1682 commendat.
1651 1654 1727 1688 (Rae.
1743 1655 1788 1686 26,
1804 1653 1854 1680 sol.
1872 1654 1916 1686 20,
1935 1661 1968 1679 no
1986 1654 2034 1687 913
2055 1653 2196 1680 Porrflssr
2215 1653 2322 1686 ¹8272.)

1355 1759 1370 1773 «
1395 1771 1414 1778 ..
1435 1746 1547 1776 illustri
1563 1747 1626 1786 reyi
1651 1744 1780 1776 Castelle
1803 1755 1838 1774 ac
1855 1744 2006 1784 Leqionis.
2028 1744 2207 1775 Cesserunt
2226 1743 2323 1775 nobis

1314 1801 1356 1830 ad
1372 1800 1485 1840 gaudii
1502 1801 1533 1830 et
1549 1798 1763 1830 exultationis
1780 1798 1883 1828 multe
1901 1797 2073 1828 materiam
2091 1806 2128 1828 ea
2143 1806 2206 1836 que
2224 1797 2323 1827 dilec-

1313 1853 1481 1893 tuslfilius,
1492 1852 1648 1890 magister
1661 1851 1760 1887 Rod.‚
1771 1851 1918 1881 notarius
1936 1852 2025 1887 tuus,
2037 1859 2056 1881 a
2070 1852 2101 1880 te
2113 1859 2174 1889 pro
2193 1850 2323 1889 imperii

1313 1906 1458 1937 Romani
1476 1907 1604 1944 negotio
1627 1905 1667 1935 ad
1690 1904 1802 1935 sedem
1825 1903 2040 1943 apostolicam
2058 1903 2255 1937 destinatus,
2271 1903 2324 1933 vir

1313 1959 1428 1998 utique
1450 1958 1635 1988 industrius
1651 1958 1683 1988 et
1698 1957 1836 1987 sedulus
1852 1957 1899 1986 tui
1915 1957 2038 1987 zelator
2053 1956 2200 1992 honoris,
2218 1955 2259 1986 ad
2274 1955 2323 1985 tui

1313 2011 1548 2042 exaltationem
1563 2011 1708 2040 nominis
1725 2012 1754 2040 et
1773 2010 2013 2048 magnitudinis
2031 2011 2085 2039 tue
2102 2009 2235 2039 laudem
2251 2016 2325 2047 pro-

1312 2064 1422 2102 posuit
1437 2064 1470 2094 in
1484 2064 1595 2093 nostra
1611 2064 1642 2093 et
1657 2063 1796 2092 fratrum
1813 2063 2002 2092 nostrorum
2019 2062 2187 2100 presentia
2203 2061 2323 2092 consti-

1312 2117 1414 2146 tutus.
1444 2116 1533 2146 Inter
1553 2115 1617 2145 alia
1643 2123 1784 2152 namque
1808 2114 1922 2144 inclita
1947 2114 2156 2144 celsitudinis
2179 2114 2267 2152 regie
2284 2122 2321 2144 ac

1311 2169 1445 2199 tuorum
1466 2168 1715 2207 progenitorum
1738 2167 1856 2197 merita
1886 2167 2026 2197 facunde
2042 2166 2206 2196 recensuit
2228 2168 2260 2197 et
2276 2166 2321 2197 fe-

1312 2222 1430 2255 cunde.
1443 2221 1622 2260 prudenter
1646 2220 1809 2259 exposuit,
1829 2221 1860 2249 te
1877 2219 2088 2249 devotionem
2105 2219 2268 2250 sinceram
2290 2221 2322 2250 et

1311 2275 1528 2305 intentionem
1542 2282 1660 2312 puram
1674 2280 1752 2311 erga
1767 2272 1876 2302 Deum
1890 2275 1919 2302 et
1935 2272 2123 2302 Romanam
2133 2272 2318 2307 ecclesiam,

1310 2328 1449 2357 matrem
1458 2328 1560 2362 tuam,
1571 2326 1775 2356 incessanter
1786 2325 1943 2355 habuisse
1959 2325 2119 2355 hactenus
2130 2326 2160 2355 et
2168 2326 2321 2355 coustan-

1309 2381 1359 2410 ter
1376 2379 1496 2410 habere
1513 2379 1598 2409 velle
1620 2378 1784 2408 indefesso
1803 2378 1971 2416 proposito
1988 2378 2022 2407 in
2041 2377 2202 2413 futurum,
2219 2377 2322 2416 quod-

1310 2441 1373 2471 que
1398 2432 1534 2463 intentis
1561 2431 1681 2462 studiis
1707 2431 1813 2469 ipsius
1841 2431 1978 2461 ecclesie
2001 2431 2139 2461 comoda
2164 2430 2320 2469 prosequi

1310 2486 1421 2516 votive
1438 2484 1762 2523 desideras,ejusque
1781 2483 1952 2514 humiliter
1969 2492 2083 2523 parere
2104 2483 2321 2522 beneplacitis

1309 2539 1341 2568 et
1349 2538 1500 2569 consiliis
1515 2537 1655 2568 firmiter
1670 2537 1826 2567 adherere
1842 2537 2014 2575 proponis,
2027 2536 2112 2567 circa
2124 2536 2213 2575 quod
2227 2537 2320 2566 tuum

1309 2591 1478 2622 laudabile
1500 2590 1707 2629 propositum
1723 2591 1753 2619 et
1776 2589 1901 2628 regiam
1926 2589 2138 2628 prudentiam
2159 2588 2270 2628 dignis
2285 2589 2319 2618 in

1308 2643 1620 2674 Dominolaudibus
1636 2642 1846 2677 extollentes,
1857 2642 2007 2672 divinam
2025 2641 2243 2681 imploramus
2255 2641 2319 2671 cle-

1308 2697 1470 2728 mentiam
1487 2698 1522 2726 ut
1537 2696 1592 2726 ille
1608 2696 1642 2725 in
1659 2695 1754 2734 cujus
1764 2703 1863 2725 manu
1876 2703 1990 2734 regum
2005 2695 2104 2725 corda
2119 2695 2318 2728 consistunt.

1309 2752 1341 2781 et
1357 2749 1415 2780 ubi
1436 2749 1578 2779 voluerit
1594 2757 1633 2779 ea
1647 2756 1706 2787 pro
1729 2747 1936 2787 beneplacito
1954 2756 2013 2778 sue
2030 2747 2210 2778 voluntatis
2226 2745 2321 2777 incli—

1308 2804 1376 2837 nat,
1395 2802 1606 2833 serenitatem
1621 2803 1711 2831 tuam
1725 2801 1758 2830 in
1779 2800 1840 2831 hoc
1857 2800 1974 2831 ardore
1992 2800 2080 2836 fidei,
2098 2800 2132 2830 in
2144 2799 2205 2830 hac
2221 2799 2319 2829 devo-

1306 2855 1396 2886 tione
1406 2855 1538 2890 mentis,
1552 2854 1585 2884 in
1598 2854 1658 2884 hoc
1676 2853 1799 2892 integre
1816 2853 1989 2893 religionis
2006 2852 2114 2882 studio
2126 2852 2160 2882 in
2172 2853 2319 2890 tempora
