2547 3289
224 207 279 234 ⁶254
977 198 1223 229 REGISTRES
1247 197 1458 228 D‘L'RBAIN
1482 198 1540 227 IV.

222 288 273 317 sui
304 286 440 325 capituli
474 285 649 315 incinerati
681 284 844 322 condigne
877 283 1109 321 castigationis
1136 282 1229 321 virga

223 350 286 370 non
311 340 408 373 desit,
440 341 505 368 tam
536 338 645 376 ipsum
677 337 862 375 capitulum
881 344 981 374 quam
1004 337 1228 365 memoratum

220 393 430 426 Gualterum,
452 400 578 420 necnon
598 393 626 420 et
648 391 792 428 quatuor
813 389 852 418 de
869 388 1040 418 canonicis
1054 387 1230 419 ltemensi-

219 446 293 476 bus.
314 454 398 484 quos
418 445 524 481 magis
548 444 579 472 in
597 442 776 481 premissis
792 441 1003 472 intellexeris
1021 450 1095 471 esse
1115 441 1229 480 culpa-

219 498 318 531 biles,
336 497 525 536 perentorie
542 505 602 534 pel·
618 498 648 526 te
666 496 717 525 vel
734 504 793 534 per
811 495 914 525 alium
934 495 1038 524 citare
1056 502 1228 533 procures,

220 553 256 581 ut
273 552 358 581 infra
372 559 430 580 sex
445 549 673 579 hebdomadas
689 550 766 587 post
779 549 970 578 citationem
986 549 1092 583 tuam,
1103 548 1230 578 dictum

219 604 403 642 capitulum
432 612 490 642 per
513 602 738 632 sufficientem
775 603 805 631 et
844 601 1013 640 ydoneum
1038 603 1230 639 procurato-

220 666 300 692 rem,
320 657 455 695 plenum
472 656 666 685 mandatum
686 657 716 685 et
732 654 924 693 specialiter
943 655 982 684 de
994 654 1142 694 parendo
1155 663 1230 684 nos-

218 710 281 739 tris
299 709 521 747 beneplacitis
539 717 642 747 super
665 708 844 746 premissis
862 707 1052 742 habentem,
1075 707 1132 736 alii
1152 716 1230 737 vero

218 762 443 801 personaliter
473 763 689 800 compareant
714 769 826 790 coram
848 760 956 796 nobis,
984 760 1151 798 recepturi
1170 768 1230 798 pro

219 815 362 851 meritis
384 816 414 845 et
433 814 602 844 mandatis
619 813 818 852 apostolicis
836 813 991 852 parituri.
1006 813 1104 843 Diem
1118 814 1231 842 autem

219 868 390 899 citationis
413 869 443 897 et
464 868 607 897 formam
628 869 659 897 et
686 867 847 906 quicquid
874 867 951 896 inde
980 866 1112 903 feceris,
1132 865 1231 895 nobis

219 931 278 960 per
307 923 382 951 tuas
401 921 532 951 litteras
558 920 677 950 haruin
696 920 821 950 seriem
841 921 1064 956 continentes,
1085 919 1232 950 fideliter

219 974 376 1004 intimare
394 983 565 1012 procures.
586 974 710 1003 Datum
727 973 815 1012 apud
827 973 1116 1009 Urbemveterem,
1135 982 1157 1002 11
1175 973 1231 1002 ka-

219 1027 336 1057 lendas
355 1027 480 1063 martii,
498 1036 585 1057 anno
602 1027 677 1057 1110.
699 1038 713 1054 »

309 1209 382 1239 516

809 1206 934 1240 Orvieto,
951 1208 967 1232 5
984 1214 1062 1233 mars
1080 1206 1157 1233 1254.

257 1292 444 1318 Bertrandum
457 1291 490 1317 dc
504 1290 694 1326 Forojuliensi
708 1290 829 1317 ecclesia
843 1291 876 1316 ad
895 1289 1125 1317 Avenionensem
1139 1293 1231 1317 trans-

221 1340 283 1367 fert.
303 1340 381 1375 (Rieu.
398 1342 442 1372 28,
460 1340 508 1366 soli
526 1341 571 1372 35,
591 1348 665 1365 anno
684 1339 729 1369 ΠΙ,
751 1345 779 1365 n⁰
796 1339 868 1373 iio.)

261 1458 275 1473 «
294 1446 476 1483 Berlrwulo,
492 1447 630 1485 episcopo
644 1445 852 1475 Auinionenszss.
871 1445 1121 1475 sollicitudinis
1137 1453 1232 1484 apos-

220 1501 319 1530 tolice
344 1500 493 1529 studium
517 1518 565 1530 —.
587 1500 672 1529 Sane
692 1499 819 1528 dudum
841 1498 1065 1529 Avinionensi
1089 1499 1231 1529 ecclesia

219 1553 367 1593 pastoris
391 1553 517 1583 solacio
548 1552 720 1589 destituta,
743 1551 883 1590 contigit
912 1552 945 1581 in
972 1560 1011 1581 ea
1034 1552 1118 1581 duas
1148 1553 1232 1582 elec-

220 1607 342 1642 tiones,
361 1615 462 1636 unam
484 1606 641 1636 videlicet
663 1606 702 1635 de
721 1605 843 1635 dilecto
863 1605 933 1635 filio
954 1605 1139 1644 Rostagno,
1159 1615 1231 1644 pre-

220 1660 330 1698 posito
367 1659 475 1698 ipsius
505 1659 657 1695 ecclesie,
692 1659 858 1697 reliquam
891 1667 969 1688 vero
998 1658 1038 1688 de
1069 1659 1231 1697 magistro

219 1713 379 1748 Johanne,
392 1712 557 1742 Meldcnsi
570 1712 705 1748 decano,
723 1713 756 1741 in
770 1711 938 1742 discordia
952 1711 1125 1742 celebrari.
1140 1712 1233 1743 Licet

221 1768 332 1796 autem
354 1766 524 1804 predictus
545 1766 690 1795 decanus
716 1765 874 1795 electioni
891 1765 931 1794 de
955 1773 991 1794 se
1009 1765 1123 1795 taliter
1148 1766 1232 1796 cele-

221 1819 326 1855 lirate,
340 1819 487 1849 noluerit
501 1819 703 1855 consentire,
718 1821 830 1849 tamen
846 1817 1049 1848 electoribus
1070 1818 1180 1857 ipsius
1196 1828 1232 1850 se

222 1872 470 1911 <imponentibus
490 1872 662 1910 preposito
682 1873 880 1905 memorato,
901 1873 931 1901 et
949 1872 1232 1910 prosequentibus

223 1925 335 1964 ipsum
351 1925 520 1963 negotium
541 1927 655 1954 contra
674 1934 749 1954 eum
764 1925 851 1962 apud
868 1925 982 1954 sedem
997 1925 1230 1963 apostolicam,

223 1979 263 2009 ad
283 1979 378 2017 cujus
396 1987 537 2008 examen
552 1978 639 2007 idem
653 1978 824 2017 negotium
842 1978 1000 2007 extiterat
1012 1987 1070 2016 per
1083 1979 1233 2017 appella-

222 2032 347 2062 tionem
367 2031 516 2069 lcgitime
539 2031 747 2066 devolutum⁷
766 2031 900 2061 tandem
919 2031 1007 2060 idem
1024 2032 1230 2070 prepositus,

223 2085 342 2115 devota
350 2084 591 2114 ‹lelilwratione
602 2084 820 2114 considerans
832 2083 1067 2122 irreparabilia
1075 2085 1231 2123 dampna,

223 2147 286 2176 que
302 2138 534 2168 verisimiliter
551 2147 591 2167 ex
607 2137 667 2167 hoc
686 2137 748 2176 ipsi
770 2137 912 2167 ecclesie
934 2137 1127 2176 contingere
1146 2140 1233 2176 pote-

223 2193 308 2227 rant,
324 2193 353 2222 et
370 2192 487 2221 nolens
504 2191 590 2230 quod
606 2191 721 2220 cadem
739 2191 881 2220 ecclesia
896 2190 1132 2227 collaberetur,
1144 2200 1234 2221 occa-

222 2245 317 2275 sione
331 2245 396 2281 sui,
407 2244 457 2274 vel
469 2245 587 2283 quevis
602 2244 790 2274 incurreret
802 2244 1015 2278 detrimenta,
1030 2244 1092 2282 jus,
1105 2245 1233 2283 siquod

223 2298 288 2327 sibi
306 2307 346 2328 ex
373 2298 537 2328 electione
566 2297 760 2336 hujusmodi
789 2297 1011 2336 competebat,
1030 2297 1175 2327 libenter
1199 2298 1233 2328 in

223 2352 349 2382 nostris
378 2351 534 2381 manibus
556 2351 751 2389 resignavit.
780 2351 851 2381 Nos
879 2351 993 2389 igitur,
1014 2354 1154 2389 paterna
1179 2361 1232 2381 vo-

223 2405 331 2435 lentes
348 2404 577 2434 sollicitudine
596 2413 787 2443 precavere,
805 2413 844 2434 ne
859 2404 989 2442 prefata
1004 2404 1146 2434 ecclesia
1163 2413 1232 2443 pro-

223 2457 358 2488 lixioris
377 2458 554 2496 dispendia
570 2457 757 2487 vacationis
774 2458 933 2494 incurrat,
953 2459 985 2487 et
1006 2457 1180 2496 cupientes
1197 2460 1233 2488 ut

224 2511 299 2549 ipsa
328 2511 481 2544 ecclesia,
513 2510 609 2540 utilis
640 2510 788 2549 presidio
819 2510 950 2540 munita
976 2511 1135 2548 pastoris,
1165 2511 1233 2541 Deo

224 2564 382 2603 propitio,
411 2564 578 2593 relevetur
604 2572 622 2593 a
647 2563 772 2599 noxiis,
799 2564 830 2593 et
857 2564 980 2601 optatis
1006 2564 1159 2602 proficiat
1185 2564 1232 2594 in-

225 2617 414 2653 crementis,
435 2617 474 2646 ad
494 2625 671 2655 personam
697 2618 802 2652 tuam,
822 2625 921 2655 quam
946 2616 1130 2647 virtutibus
1153 2617 1233 2647 insi-

225 2670 363 2709 gnitam,
396 2670 525 2699 sincera
556 2670 588 2699 in
622 2670 766 2700 Domino
797 2670 934 2700 caritate
965 2670 1231 2709 complectimur,

226 2723 408 2761 apostolic<¹
426 2723 612 2753 direximus
633 2723 915 2753 considerationis
932 2723 1103 2760 intuitum,
1124 2724 1233 2762 ipsam

226 2777 297 2806 t'ore
309 2775 486 2814 perutilem
502 2776 541 2805 ad
559 2777 741 2813 gerendum
756 2777 907 2815 ejusdem
926 2777 1066 2807 ecclesie
1083 2777 1233 2815 regimen

226 2829 442 2859 arbitrantes.
463 2830 512 2859 Ad
533 2829 592 2859 hoc
613 2830 782 2868 siquidem
801 2830 940 2869 gratiosi
963 2830 1091 2860 tructus
1110 2839 1150 2860 ex
1165 2830 1234 2860 tuis
1263 2824 1265 2849 ἶ

227 2883 463 2921 provenientes
490 2882 658 2920 epm-ibus,
689 2883 835 2913 maxime
859 2883 938 2922 quia
963 2883 1233 2922 Foroiuliensem

1292 281 1468 311 ecclesiam
1485 282 1517 310 in
1531 281 1770 320 spiritualibus
1782 283 1813 311 et
1829 281 2074 320 temporalibus
2089 284 2224 314 tuarum
2239 284 2305 314 vir-

1292 335 1401 364 tutum
1420 334 1581 364 exercitio
1599 333 1817 364 laudabiliter
1834 333 2043 373 gubernasti,
2063 343 2126 365 nos
2142 337 2307 375 multipli-

1294 387 1376 417 citer
1393 387 1610 422 induxerunt,
1622 396 1697 416 cum
1713 387 1955 425 preteritorum
1968 387 2194 418 consideratio
2207 389 2307 419 ratio-

1293 449 1370 470 nem
1388 440 1598 479 probabilem
1616 440 1723 470 soleat
1740 440 1888 470 indicere
1905 441 1944 470 de
1963 440 2098 471 futuris.
2117 441 2187 471 Hoc
2204 442 2307 472 etiam

1294 493 1459 530 sincerus,
1486 502 1552 532 quo
1573 495 1603 523 te
1622 493 1873 532 prosequimur,
1902 494 2073 533 suggessit
2093 494 2233 524 affectus
2257 497 2304 532 ut,

1293 547 1383 585 quod
1408 547 1442 576 in
1474 547 1560 576 votis
1590 547 1629 576 de
1659 547 1707 577 tui
1736 546 1875 576 honoris
1904 546 2117 585 promotione
2143 547 2306 585 gerimus,

1292 608 1352 639 per
1372 600 1486 639 operis
1503 599 1707 630 evidentiam
1727 599 1957 630 ostendamus.
1978 599 2056 630 Hiis
2075 599 2189 639 itaque
2207 600 2309 638 digna

1294 653 1515 683 meditatione
1542 652 1704 691 pensatis,
1724 655 1768 687 te,
1788 653 1870 682 olim
1892 652 2163 691 Forojuliensem
2179 652 2308 691 episco-

1294 715 1388 744 pum,
1413 714 1431 735 a
1452 705 1599 740 vinculo,
1623 714 1688 744 quo
1711 705 1853 735 ecclesie
1875 705 2103 744 Forojuliensi
2125 705 2308 742 tenebaris,

1295 759 1519 795 absolvimus,
1537 760 1637 797 teque
1656 759 1695 789 ad
1712 759 1897 797 predictam
1918 758 2184 789 Avinionensem
2206 758 2309 788 eccle-

1294 813 1380 842 siam
1410 813 1686 848 transt'errentes,
1714 812 1764 842 illi
1792 812 1832 842 de
1859 812 2002 842 fratrum
2019 814 2211 842 nostrorum
2235 820 2311 842 con-

1294 865 1373 896 silio
1389 867 1420 896 et
1436 866 1620 904 apostolice
1634 865 1846 904 plenitudine
1857 865 2050 904 potestatis,
2064 867 2095 895 te
2113 865 2309 904 preficimus

1294 920 1329 949 in
1347 919 1543 958 episcopum
1560 921 1592 949 et
1610 921 1792 958 pastorem.
1812 919 1959 958 Ideoque
1984 918 2189 949 fraternitati
2203 920 2259 948 tue
2274 919 2310 948 in

1294 973 1419 1003 virtute
1433 972 1624 1003 obedientie
1636 981 1695 1011 per
1713 972 1898 1011 apostolica
1910 972 2035 1011 scripta
2052 972 2194 1002 firmiter
2203 971 2309 1010 preci-

1293 1026 1416 1065 piendo
1427 1026 1628 1056 mandamus
1639 1027 1817 1065 quatenus,
1828 1026 1968 1064 provide
1977 1034 2124 1064 pensans
2135 1025 2223 1064 quod
2236 1033 2308 1055 rem

1293 1080 1434 1118 maioris
1464 1080 1591 1109 laboris
1625 1079 1974 1118 aggrediens,potiora
2004 1078 2065 1108 tibi
2089 1079 2177 1117 apud
2198 1078 2308 1108 Deum

1293 1133 1425 1172 premia
1447 1132 1659 1171 comparabis
1682 1134 1714 1162 et
1737 1131 1865 1171 patebit
1887 1132 1988 1162 latius
2012 1134 2147 1161 tuoruni
2171 1131 2309 1161 claritas

1293 1186 1506 1220 meritorum,
1528 1186 1655 1224 absque
1677 1185 1890 1215 difficultatis
1909 1184 2095 1221 obstaculo,
2116 1184 2309 1215 translatio-

1294 1248 1371 1270 nem
1386 1239 1578 1277 hujusmodi
1589 1239 1629 1269 de
1646 1241 1677 1269 te
1693 1239 1827 1274 factam,
1838 1240 2003 1276 acceptes,
2017 1238 2132 1276 sicque
2149 1246 2265 1267 curam
2277 1238 2310 1267 et

1294 1292 1628 1323 administrationem
1647 1291 1796 1330 predicte
1812 1291 2057 1322 Avinionensis
2075 1290 2215 1321 ecclesie
2232 1299 2310 1329 pru-

1295 1346 1412 1376 denter
1435 1348 1467 1375 et
1495 1346 1626 1376 utiliter
1652 1345 1846 1384 exequaris,
1875 1345 1963 1384 quod
1994 1345 2068 1383 ipsa
2095 1346 2153 1374 tuo
2180 1343 2310 1374 salubri

1293 1400 1486 1430 ministerio
1517 1408 1678 1438 prospere
1706 1399 1871 1438 dirigatur
1897 1400 1929 1428 et
1953 1398 1986 1428 in
2011 1397 2250 1436 spiritualibus
2277 1399 2310 1428 et

1293 1452 1541 1492 temporalibus
1559 1453 1932 1491 augmentetur‚tuque‚
1944 1451 2034 1482 velut
2051 1453 2168 1490 pastor
2185 1450 2312 1481 sollici-

1293 1506 1410 1537 tudine
1438 1506 1594 1545 pervigil,
1621 1506 1842 1536 commissum
1869 1504 1932 1536 tibi
1958 1513 2092 1544 gregem
2119 1503 2309 1543 gubernare

1294 1560 1447 1591 studioso
1469 1560 1633 1599 regimine
1655 1559 1886 1598 comproberis
1905 1568 1941 1589 ac
1960 1559 2081 1589 exinde
2103 1560 2255 1588 nostram
2275 1558 2308 1588 et

1293 1613 1423 1652 prefate
1443 1613 1534 1643 sedis
1558 1613 1701 1652 gratiam
1725 1612 1865 1643 uberius
1884 1612 2060 1642 merearis.
2076 1612 2202 1642 Datum
2221 1610 2311 1650 apud

1294 1666 1586 1702 Urbemveterem,
1602 1677 1637 1696 ιιι
1656 1675 1762 1697 nonas
1777 1666 1904 1703 martii,
1925 1674 2011 1696 anno
2026 1665 2097 1696 1110.
2115 1675 2130 1694 »

1334 1780 1372 1810 In
1390 1789 1418 1810 e.
1439 1789 1483 1810 m.
1503 1780 1653 1818 capitulo
1671 1778 1907 1810 Avinionensi.
1928 1779 2053 1808 Datum
2066 1779 2102 1807 ut
2121 1786 2235 1816 supra.

1335 1834 1373 1863 In
1389 1842 1417 1863 e.
1439 1843 1482 1864 m.
1503 1833 1592 1863 clero
1610 1833 1760 1863 civitatis
1778 1835 1810 1863 et
1828 1833 1972 1862 diocesis
1990 1831 2287 1862 Avinionensium.

1333 1887 1370 1917 In
1389 1896 1416 1917 e.
1436 1896 1479 1917 m.
1498 1887 1623 1926 populo
1642 1886 1876 1916 Avinionensi.

1334 1941 1372 1970 In
1390 1950 1418 1970 e.
1438 1950 1482 1970 m.
1501 1941 1661 1970 vassallis
1679 1940 1820 1970 ecclesie
1838 1939 2093 1970 Avinionensis.

1837 2117 1963 2150 Orvieto,
1982 2118 2015 2144 20
2033 2116 2138 2143 i'evrier
2156 2117 2232 2144 iaci.

1383 2120 1454 2150 517

1332 2202 1468 2229 Eltincnsi
1485 2205 1511 2228 et
1527 2201 1736 2228 tjloaul'ertensi
1749 2200 1890 2235 episeopis
1905 2204 1933 2228 et
1947 2200 2148 2228 archidiacono
2163 2201 2309 2228 Cloanser-

1297 2252 1373 2279 tensi
1396 2252 1514 2278 mandat
1536 2254 1565 2277 ut
1589 2250 1762 2284 ¹Iohannem,
1782 2250 1953 2276 Aladensem
1971 2250 2149 2285 episcopum,
2167 2251 2226 2285 qui,
2243 2259 2310 2278 cum

1297 2302 1441 2328 defectum
1461 2300 1602 2327 natalium
1623 2300 1740 2334 patitur,
1756 2308 1772 2326 a
1790 2299 1855 2325 sede
1872 2299 2029 2334 apostolica
2050 2299 2204 2326 obtinuerit
2225 2299 2313 2327 licen-

1296 2351 1368 2377 tiam
1395 2348 1513 2376 cedendi
1531 2348 1666 2383 regimini
1684 2348 1821 2383 pastorali
1843 2349 1892 2374 sed
1912 2348 2002 2374 adhuc
2023 2349 2121 2375 cedere
2142 2348 2312 2383 praetermi-

1297 2399 1378 2431 serit,
1404 2400 1439 2425 ud
1465 2398 1624 2425 cedendum
1653 2400 1791 2424 moneant
1807 2399 1834 2424 et
1853 2398 1999 2424 inducant.
2027 2397 2105 2432 (Rae.
2125 2399 2168 2430 28,
2191 2397 2240 2425 fol.
2263 2399 2310 2432 36,

1296 2456 1371 2475 anno
1386 2448 1433 2478 lll.
1450 2451 1481 2474 n‘·
1500 2449 1566 2478 mo:
1590 2448 1736 2473 PoTrnAs‘r
1756 2448 1863 2479 i8soo.)

1335 2568 1351 2584 «
1372 2581 1398 2587 ..
1421 2555 1572 2596 Elfinensi
1587 2561 1613 2585 ee
1641 2579 1666 2586 ..
1692 2555 1918 2594 Cloanfertensi
1940 2554 2089 2594 episcopis
2107 2560 2135 2584 et
2160 2578 2186 2586 ..
2207 2554 2310 2584 archi-

1295 2609 1423 2639 diacono
1446 2609 1681 2649 Cloanfertensi.
1707 2609 1898 2639 Insinuavit
1915 2608 2012 2638 nobis
2031 2607 2238 2638 venerabilis
2256 2625 2305 2637 —-.

1294 2664 1418 2694 Datum
1441 2664 1528 2701 apud
1546 2662 1836 2694 Urbemveterem,
1854 2671 1873 2690 x
1891 2662 2054 2692 kalendas
2072 2661 2198 2691 martii.
2220 2669 2307 2691 anno

1263 2715 1264 2727 ³
1294 2717 1368 2748 111⁰.
1390 2727 1404 2745 a
