2547 3289
961 233 1200 272 TRorsOEME
1231 235 1393 272 ANNEE.

139 328 301 359 dunensis
318 327 474 362 diocesis,
486 328 699 357 executorem
714 325 777 356 tibi
793 333 895 364 super
907 325 969 356 hoc
987 324 1148 354 duximus

139 381 379 420 deputandum.
412 381 529 416 Porro,
550 380 712 418 magistro
729 379 878 409 Gerardo
901 379 940 408 de
965 378 1061 413 Pace,
1087 377 1150 407 cle-

139 435 208 465 rico
228 435 445 474 procuratore
465 458 484 464 ..
510 433 627 463 decani
646 434 678 462 et
696 431 835 470 capituli
861 431 989 469 prefate
1008 430 1148 460 ecclesie

138 487 327 523 Lobiensis,
356 496 392 517 se
411 486 473 516 tibi
497 494 599 524 super
623 486 712 515 dicta
736 483 917 523 prebenda,
939 492 999 513 suo
1023 484 1054 513 et
1074 491 1148 521 pro-

138 540 306 571 curatorio
324 539 490 570 dictorum
510 538 639 574 decani,
667 539 697 568 et
719 537 859 575 capituli
879 536 1028 572 nomine,
1047 544 1148 574 oppo-

138 595 248 630 nente,
273 601 374 630 super
404 592 463 622 hoc
488 591 620 630 negotio
644 599 704 629 per
728 589 837 628 ipsius
867 589 1007 619 Gerardi
1037 588 1148 627 appel-

139 646 299 676 lationem
326 645 366 674 ad
393 645 507 674 sedem
540 642 761 682 apostolicam
791 642 942 680 legitime
975 641 1146 675 devoluto,

138 698 283 729 dilectus
308 698 400 727 filius
420 698 536 727 noster
554 696 734 731 Jordanus,
761 696 954 725 sanctornm
977 695 1098 725 Cosme
1117 696 1147 724 et

136 752 293 782 Damiani
314 752 474 781 diaconus
500 749 694 786 cardinalis,
713 749 765 779 0111
791 749 875 778 illud
895 748 1099 778 audiendum
1117 750 1148 778 et

136 804 202 835 fine
219 804 378 834 canonico
400 803 650 834 terminandum
666 802 913 837 commisimus,
939 801 1082 840 cognitis
1100 802 1147 840 ip-

137 857 209 887 sius
225 857 356 887 meritis
373 858 402 886 et
416 856 503 895 juris
520 856 636 886 ordine
650 855 839 889 observato,
854 855 1071 884 diffinitivam
1086 863 1147 893 pro

135 912 168 941 te
187 910 388 940 sententiam
404 909 642 948 promulgavit,
662 908 769 938 dictos
787 909 950 938 decanum
970 910 1001 938 et
1021 909 1147 947 capitu-

134 963 206 993 lum
230 962 411 993 Lobiensis
440 961 581 992 ecclesie
611 970 647 991 ac
681 961 868 991 Gerardnm
903 961 936 991 in
969 963 1059 991 certa
1084 961 1146 991 tibi

135 1024 269 1046 summa
284 1015 436 1054 pecunie,
452 1015 624 1045 taxatione
641 1015 751 1053 ipsius
772 1014 956 1044 cardinalis
972 1014 1148 1053 prehabita

133 1070 167 1099 et
183 1069 414 1108 procuratoris
436 1068 485 1098 tui
503 1068 695 1107 juramento
716 1068 933 1107 postmodum
952 1067 1145 1104 subsecuto,

134 1130 360 1160 expensarum
379 1122 527 1158 nomine,
547 1121 818 1160 condempnavit,
838 1123 938 1160 prout
958 1121 990 1150 in
1013 1121 1147 1159 publico

135 1176 360 1205 instrumento
390 1175 539 1205 consecto
566 1175 699 1209 exinde,
723 1175 906 1205 cardinalis
931 1175 1081 1213 ejusdem
1106 1175 1150 1204 si-

135 1228 216 1267 gillo
233 1228 375 1262 munito,
387 1228 522 1266 plenius
541 1228 743 1258 continetur.
758 1228 830 1258 Nos
851 1228 977 1267 itaque,
993 1228 1148 1266 111151110-

135 1281 230 1312 cibus
255 1281 420 1314 inclinati,
437 1281 527 1319 quod
551 1280 592 1310 ab
618 1281 734 1311 eodem
765 1281 935 1311 cardinale
959 1289 1061 1319 super
1088 1281 1149 1311 hoc

135 1334 261 1365 factum
278 1335 340 1370 est,
362 1335 472 1363 ratum
495 1336 527 1364 et
543 1334 678 1363 firmum
698 1333 872 1367 babentes,
900 1333 933 1363 id
950 1334 1149 1364 auctoritate

136 1387 323 1427 apostolica
361 1388 602 1417 contirmamus
638 1388 699 1417 etc.
741 1395 849 1426 usque
886 1387 1148 1420 communimus,

134 1440 353 1471 instrumenti
375 1440 496 1478 prefati
512 1442 663 1470 tenorem
682 1440 721 1470 de
737 1439 838 1470 verbo
858 1440 899 1469 ad
921 1439 1061 1469 verbum
1077 1448 1150 1478 pre-

135 1493 291 1524 sentibus
310 1493 413 1523 inseri
432 1493 603 1528 facientes,
622 1493 679 1532 qui
695 1493 775 1523 talis
795 1494 843 1523 est
860 1502 865 1521 z

174 1556 191 1577 «
208 1547 246 1576 In
263 1547 399 1576 nomine
416 1547 528 1576 Patris
546 1547 577 1576 et
595 1546 675 1576 Filii
693 1547 725 1576 01
741 1546 889 1584 Spiritus
905 1546 1018 1576 Sancti
1039 1555 1147 1576 amen.

134 1600 332 1630 Presidente
359 1600 502 1629 rationis
529 1599 672 1638 imperio
689 1616 738 1628 —.
763 1599 850 1629 Sane
870 1599 980 1630 felicis
998 1599 1149 1630 recorda-

135 1653 239 1684 tionis
265 1653 422 1683 (10111111115
449 1653 642 1683 Alexander
659 1661 745 1691 papa
768 1652 845 1688 1111,
872 1653 1043 1683 intellecto
1061 1653 1149 1692 quod

137 1706 171 1736 in
201 1706 343 1737 ecclesia
371 1706 478 1736 sancti
507 1706 644 1736 Usmari
670 1705 863 1740 minensis,
894 1706 1149 1736 Cameracensis

137 1759 293 1793 diocesis,
312 1759 486 1789 occasione
502 1758 749 1797 prebendarum
765 1767 828 1798 (1110
846 1759 930 1789 inibi
945 1761 1149 1790 vacaverunt

134 1814 211 1851 post
229 1812 505 1842 constitutionem
531 1820 631 1851 quam
649 1812 739 1842 idem
759 1812 917 1842 dominus
940 1821 1025 1851 papa
1044 1813 1148 1843 edidit

134 1874 237 1904 super
252 1865 491 1895 exoneratione
511 1864 731 1895 ecclesiarum
749 1865 931 1903 superfluis
948 1865 1148 1895 clericorum

136 1917 389 1957 receptionibus
416 1919 643 1957 gravatarum,
675 1918 908 1948 dissensiones
937 1919 968 1948 et
992 1919 1150 1949 scandala

132 1971 220 2001 inter
248 1973 400 2010 receptos
423 1971 549 2001 ibidem
573 1971 688 2009 sepius
709 1970 936 2009 emergebant,
961 1971 1149 2002 venerabili

132 2024 168 2054 in
195 2024 329 2055 Christo
347 2025 436 2063 patri
464 2024 601 2054 domino
629 2024 681 2059 0.,
712 2023 820 2054 sancti
847 2024 989 2054 Adriani
1009 2025 1148 2055 diacono

137 2077 312 2112 cardinali,
342 2077 513 2108 commisit
536 2079 571 2107 ut
590 2077 629 2107 de
646 2076 829 2116 prebendis
852 2077 938 2116 ipsis
967 2077 1091 2116 quibus
1109 2078 1149 2108 de

134 2131 183 2161 sic
201 2131 346 2169 receptis
374 2130 577 2161 deberentur
596 2131 629 2161 et
647 2130 733 2161 alias
759 2131 836 2170 quis
854 2131 894 2161 de
922 2131 1067 2169 receptis
1088 2131 1150 2162 eis—

134 2184 222 2219 dem,
240 2192 342 2222 quam
359 2192 419 2214 seu
434 2185 571 2223 quotam
594 2183 731 2214 deberet
747 2186 924 2223 expectare
943 2184 1149 2223 prebendam

134 2237 299 2267 diffiniret
327 2245 363 2266 ac
385 2237 634 2267 sententialiter
659 2237 856 2268 declararet.
884 2238 1036 2276 Cumque
1061 2239 1150 2277 post-

135 2290 273 2320 modum
291 2290 381 2320 idem
398 2289 556 2319 dominus
575 2298 662 2329 papa
681 2299 740 2328 per
758 2299 838 2321 suas
856 2290 988 2321 litteras
1006 2291 1150 2330 proponi

136 2342 347 2373 mandaverit
367 2342 401 2372 in
422 2343 539 2372 eadem
557 2342 700 2373 ecclesia
716 2343 851 2381 publice
871 2344 1043 2374 citationis
1063 2344 1150 2374 edic-

134 2396 208 2425 tum
218 2397 255 2425 ut
272 2404 383 2426 coram
398 2399 469 2434 ipso
484 2395 620 2426 domino
634 2396 809 2431 cardinali,
821 2398 910 2427 certo
923 2397 1150 2436 peremptorio

138 2457 176 2478 ac
194 2449 398 2487 competenti
430 2449 589 2484 termino,
613 2457 649 2479 ac
676 2449 793 2479 eodem
822 2449 959 2480 domino
988 2450 1150 2480 cardinali

138 2503 256 2540 postea
281 2502 314 2531 in
342 2501 537 2540 hujusmodi
561 2502 693 2541 negotio
720 2502 918 2541 aliquandiu
951 2503 1151 2541 procedente

139 2556 172 2585 et
210 2563 247 2585 se
283 2555 324 2585 ad
361 2557 474 2593 partes
515 2554 600 2585 alias
637 2556 877 2591 transferente,
916 2556 1152 2587 sanctissimus

138 2609 233 2646 pater
271 2608 430 2638 dominus
465 2607 621 2639 Urbanus
655 2617 741 2647 papa
777 2609 853 2644 llll,
889 2609 1051 2648 magistro
1085 2610 1153 2640 Ma-

137 2661 215 2692 theo
241 2661 280 2691 de
303 2661 455 2697 Salernz‘i,
483 2661 655 2699 capellano
679 2670 752 2695 suo,
773 2662 962 2700 predictum
981 2663 1152 2701 negotium

140 2714 203 2745 sub
233 2716 322 2744 certa
350 2714 458 2744 fornia
490 2715 623 2744 duxerit
655 2715 951 2752 committendum,
984 2716 1073 2746 idem
1104 2725 1155 2747 ca-

139 2768 308 2806 pellamus,
330 2767 474 2797 Heanco
506 2768 546 2797 de
576 2768 699 2806 brayo,
729 2770 848 2807 nepote
881 2768 1087 2799 venerabilis
1120 2769 1154 2799 in

141 2820 276 2851 Christo
304 2821 411 2859 patris
444 2821 573 2850 domini
600 2823 652 2857 G„
678 2821 769 2851 tituli
795 2821 903 2851 sancti
929 2821 1034 2852 Marci
1061 2830 1153 2860 pres-

140 2873 239 2905 biteri
274 2874 473 2908 cardinalis,
511 2874 542 2904 et
581 2874 785 2913 quibusdam
820 2875 898 2905 aliis
931 2883 972 2905 ex
1009 2876 1155 2914 receptis

140 2927 303 2966 predictis
337 2936 396 2966 per
428 2928 666 2966 procuratores
701 2927 850 2966 ydoneos
886 2930 918 2959 et
951 2928 1155 2967 quibusdam

2160 254 2222 284 483

1209 326 1433 363 personaliter
1459 330 1729 366 con‘iparentibus
1762 340 1871 362 coram
1906 342 1955 369 00,
1984 335 2119 372 juribus
2153 338 2220 367 sin-

1209 378 1366 415 gulorum
1398 381 1602 411 examinatis
1634 383 1779 413 sollicite
1812 394 1848 415 ac
1879 386 2076 425 diligentius
2110 398 2221 419 recen—

1210 430 1297 466 sitis,
1319 432 1406 462 inter
1431 433 1497 462 alia
1520 435 1686 466 ordinavit
1709 439 1740 466 et
1766 440 2013 470 sententialiter
2037 441 2220 473 declaravit

1210 486 1244 514 ut
1263 485 1435 522 predictus
1460 487 1627 517 Henricus
1653 489 1858 527 prebendam
1887 502 1950 530 11110
1979 495 2124 525 secundo
2148 496 2220 526 1000

1178 556 1180 562 ,
1208 539 1285 575 post
1302 538 1424 568 dictam
1444 541 1720 572 constitutionem
1739 545 1867 574 vacavit
1889 546 1918 574 111
1938 547 2079 576 ecclesia
2096 557 2220 578 11101110-

1209 591 1293 625 rata,
1313 590 1462 621 obtinere
1493 592 1611 623 debeat
1638 596 1667 624 et
1688 595 1820 631 habere,
1841 598 1998 628 oninibns
2018 599 2095 629 aliis
2119 609 2220 638 super

1209 642 1283 680 ipsa
1299 646 1499 682 perpetuum
1521 646 1694 677 silentium
1714 648 1931 687 imponendo:
1952 661 1986 680 ac·
2007 652 2093 682 idem
2112 654 2218 683 (101111-

1209 705 1272 726 11115
1289 705 1375 736 papa
1393 699 1479 736 quod
1497 708 1555 737 per
1576 700 1718 730 eundem
1741 703 1975 741 cappellanum
1996 705 2027 734 in
2051 705 2108 735 liae
2126 708 2219 745 parte

1210 748 1333 779 factum
1351 751 1474 785 extitit,
1493 755 1600 782 ratum
1619 753 1744 784 liabens
1763 757 1791 785 et
1810 758 1955 793 gratum,
1973 758 2003 787 id
2022 760 2219 790 amaritate

1209 803 1394 840 apostolica
1409 804 1631 841 confirmavit,
1647 807 1770 837 decano
1782 809 1921 839 ecclesie
1941 811 2140 841 I’wsetensis
2154 812 2219 842 sibi

1209 856 1383 894 511110111Οο
1401 860 1578 889 executore
1597 868 1767 890 concesso.
1786 862 1965 893 Mandanle
1981 865 2084 902 igitur
2101 874 2220 895 execu—

1207 910 1280 939 tore
1296 910 1446 948 predicto
1468 913 1630 950 magistro
1650 913 1797 944 Roberto
1816 915 1855 944 de
1874 916 2040 953 Tabliees,
2061 919 2220 948 canonico

1208 962 1349 993 ecclesie
1378 965 1484 994 sancti
1519 965 1611 995 Petri
1642 966 1674 996 in
1706 968 2037 1005 Foro-Laudunensi‚
2069 973 2102 1001 ut
2132 971 2220 1010 apud

1208 1015 1333 1046 Lobias
1349 1017 1574 1054 personaliter
1591 1019 1763 1053 accedens,
1783 1020 1957 1051 dominum
1980 1023 2161 1060 Syinffliem
2181 1024 2220 1054 de

1209 1068 1368 1104 Palliaco,
1388 1070 1601 1108 capellanum
1625 1071 1657 1101 in
1678 1072 1818 1102 ecclesia
1839 1073 1932 1104 beate
1959 1075 2063 1105 Mnrie
2090 1077 2223 1106 Laudu-

1210 1122 1337 1158 nensis,
1360 1125 1611 1161 procuratorem
1627 1125 1707 1155 dicti
1726 1126 1876 1162 Henrici,
1902 1137 1963 1166 pro
1983 1129 2056 1167 ipso
2076 1130 2222 1160 Henrico

1210 1176 1241 1205 et
1265 1176 1400 1205 nomine
1418 1176 1540 1214 ipsius,
1561 1177 1592 1206 in
1610 1179 1863 1216 possessionem
1883 1181 1968 1211 dicte
1987 1181 2155 1220 prebende
2174 1184 2222 1213 in-

1210 1226 1345 1258 duceret
1364 1230 1395 1258 et
1411 1229 1585 1259 inductum
1603 1230 1810 1267 defenderet,
1828 1235 1939 1263 amoto
1959 1234 1999 1263 ab
2016 1244 2054 1264 ea
2072 1236 2224 1274 quolibet

1211 1280 1394 1317 detentore,
1420 1284 1519 1320 prout
1538 1291 1579 1313 ex
1609 1283 1772 1315 beneficio
1801 1285 1993 1317 litterarum
2022 1289 2223 1326 apwtolica-

1210 1343 1285 1364 rum
1301 1336 1572 1366 executoriarum
1590 1337 1630 1366 ad
1647 1346 1723 1367 eum
1737 1338 1953 1375 directarum,
1967 1341 2075 1371 facere
2093 1344 2225 1380 poterat

1210 1389 1240 1418 et
1259 1387 1412 1421 debebat,
1432 1388 1520 1418 idem
1541 1390 1702 1428 magister
1716 1391 1886 1422 Robertus
1906 1394 1994 1432 apud
2011 1394 2135 1425 Lobias
2150 1404 2224 1434 per-

1210 1441 1370 1471 sonaliter
1382 1442 1544 1472 accedens
1554 1444 1596 1479 et,
1607 1443 1754 1482 capitulo
1767 1445 1908 1476 ecclesie
1921 1446 2099 1477 Lobiensis
2111 1457 2223 1479 corani

1210 1493 1285 1532 ipso
1310 1496 1438 1528 vocato,
1461 1495 1658 1526 mandatum
1685 1498 1909 1535 apostolicum
1929 1502 1959 1530 et
1984 1501 2127 1538 predicti
2146 1510 2221 1533 exe-

1211 1547 1337 1577 cutoris
1357 1547 1420 1586 legi
1448 1547 1628 1587 diligenter
1649 1549 1776 1580 faciens
1801 1553 1831 1581 et
1853 1552 1987 1590 exponi,
2014 1554 2092 1592 quia
2113 1555 2223 1593 ipsius

1211 1600 1352 1630 ecclesie
1371 1600 1552 1631 Lobiensis
1571 1603 1722 1633 canonici
1742 1603 1775 1634 in
1790 1604 1871 1634 villa
1888 1606 2076 1637 residentes
2093 1608 2221 1644 eadem,

1210 1653 1393 1684 cumidem
1417 1654 1578 1693 magister
1596 1655 1766 1687 Robertus
1790 1657 1830 1687 ab
1858 1659 1986 1688 eisdem
2015 1661 2188 1699 tamquam
2205 1671 2224 1692 a

1210 1706 1357 1745 capitulo
1377 1709 1533 1746 quereret
1556 1717 1620 1747 (1110
1641 1709 1810 1748 prebenda
1837 1713 1982 1743 secundo
2008 1713 2080 1744 loco
2099 1714 2133 1744 in
2151 1723 2223 1753 pre-

1210 1760 1298 1790 dicta
1311 1762 1487 1791 vacaverat
1501 1762 1738 1801 ecclesia,post
1754 1765 2029 1796 constitutionem
2044 1767 2220 1805 prefatam,

1210 1815 1241 1843 et
1260 1813 1317 1852 qui
1335 1814 1505 1844 detinebat
1530 1815 1682 1851 eandem,
1701 1817 1836 1854 petierit
1860 1818 2014 1849 inducias
2040 1829 2142 1859 super
2162 1821 2223 1852 hoc

1210 1867 1448 1905 respondendi,
1478 1867 1603 1898 dictum
1633 1869 1819 1907 capitulum
1851 1871 1965 1902 citavit
1996 1875 2223 1912 peremptorie

1210 1919 1251 1948 ad
1274 1921 1403 1950 certum
1420 1920 1508 1950 diem
1530 1929 1642 1951 coram
1661 1924 1840 1952 executore
1858 1924 2020 1962 predicto,
2039 1935 2141 1965 super
2156 1927 2224 1957 hiis

1210 1973 1446 2003 certitudinem
1467 1982 1723 2011 responsurum.
1738 1976 1961 2014 Comparente
1980 1980 2091 2008 autem
2110 1989 2223 2011 coram

1209 2026 1372 2065 magistro
1396 2026 1561 2061 ι1011311110,
1584 2028 1742 2057 canonico
1765 2029 1796 2058 et
1823 2029 1962 2060 officiali
1991 2031 2223 2067 Laudunensi,

1210 2080 1263 2110 cui
1296 2080 1442 2110 decanus
1476 2080 1677 2111 Rosetensis
1713 2082 1886 2120 predictus
1921 2092 2022 2123 super
2048 2085 2109 2116 1100
2143 2088 2226 2118 tota-

1209 2133 1287 2163 liter
1321 2133 1539 2163 commiserat
1570 2136 1659 2164 vices
1690 2143 1781 2170 suas,
1814 2137 1977 2175 magistro
2009 2138 2159 2170 Gerardo
2185 2140 2225 2171 de

1210 2187 1308 2223 Pace,
1338 2186 1461 2216 clerico
1487 2189 1704 2225 procuratore
1734 2188 1813 2218 dicti
1845 2190 1996 2228 capituli,
2014 2194 2225 2230 proponente

1210 2239 1346 2270 nomine
1374 2239 1484 2278 ipsius
1509 2240 1649 2278 capituli
1678 2243 1910 2279 procuratorio
1941 2252 1977 2273 ac
2002 2253 2062 2274 5110
2089 2246 2226 2276 1101111110

1211 2301 1324 2323 coram
1349 2292 1423 2331 ipso
1442 2293 1606 2331 quasdam
1625 2294 1842 2332 exceptiones
1862 2297 1931 2325 sive
1955 2297 2103 2327 rationes
2126 2300 2156 2329 et
2179 2299 2226 2329 in-

1210 2347 1261 2377 ter
1279 2346 1357 2382 alia,
1377 2346 1465 2384 quod
1481 2345 1687 2384 prebendam
1703 2347 1886 2385 predictam
1906 2358 1969 2387 (1110
1986 2350 2058 2380 1000
2078 2353 2225 2383 5001111ᾶο

1211 2400 1287 2438 post
1306 2399 1584 2429 constitutionem
1602 2400 1788 2438 predictam
1810 2400 1843 2430 in
1864 2401 2006 2433 ecclesia
2023 2404 2154 2442 prefata
2170 2414 2226 2436 va-

1212 2452 1311 2487 cavit,
1332 2453 1512 2490 antequam
1544 2452 1653 2482 dictus
1681 2453 1850 2483 Heancus
1874 2457 2029 2494 receptus
2049 2457 2171 2488 fuisset
2191 2459 2225 2488 in

1214 2506 1411 2536 canonicum
1429 2506 1462 2536 in
1480 2505 1597 2535 eadem
1618 2506 1759 2544 adeptus
1780 2506 1900 2538 fuisset
1917 2510 1947 2538 et
1968 2509 2001 2539 in
2019 2510 2129 2548 ipsius
2151 2520 2227 2550 pos-

1213 2559 1401 2589 sessionem
1420 2559 1589 2595 indnctuS,
1611 2559 1691 2598 quia
1707 2560 1817 2590 dictus
1836 2561 1993 2592 officialis
2010 2565 2228 2603 exceptiones

1213 2620 1273 2642 seu
1293 2612 1442 2642 rationes
1467 2611 1663 2650 hujusmodi
1690 2614 1863 2651 tamquam
1883 2614 2023 2645 frivolas
2047 2617 2227 2649 admittere

1215 2664 1396 2699 recusavit,
1424 2664 1512 2694 idem
1530 2664 1702 2694 Gerardus
1725 2665 1834 2702 primo
1855 2666 1897 2696 ad
1914 2667 2041 2698 dictum
2063 2669 2227 2700 decanum

1213 2718 1451 2753 Rosetensem,
1468 2726 1505 2747 ac
1526 2717 1646 2747 deinde
1670 2717 1708 2746 ad
1734 2726 1904 2749 summum
1923 2722 2131 2759 pontificem,
2152 2731 2227 2761 pro-

1215 2770 1384 2801 curatorio
1414 2770 1548 2800 nomine
1570 2769 1648 2800 dicti
1677 2771 1817 2808 capituli
1842 2781 1877 2802 ac
1900 2781 1972 2810 suo,
1990 2775 2172 2814 appellavit
2193 2777 2228 2806 in

1215 2823 1363 2862 scriptis.
1387 2824 1503 2859 Porro,
1524 2823 1657 2861 negotio
1676 2822 1870 2862 hujusmodi
1887 2835 1946 2865 per
1965 2828 2229 2866 appellationem

1217 2876 1257 2906 ad
1288 2876 1403 2906 sedem
1427 2876 1649 2915 apostolicam
1678 2875 1846 2913 devoluto,
1876 2879 2048 2917 predictus
2071 2881 2230 2913 dominus

1220 2929 1376 2960 Urbanus
1389 2938 1477 2968 papa
1496 2929 1561 2959 1111
1577 2929 1859 2967 nos,Jordanuin‚
1878 2932 2096 2965 miseratione
2114 2935 2229 2967 divina
