2547 3289
282 270 342 300 456

283 361 364 383 neos
383 361 418 382 se
447 351 489 380 ad
514 348 788 388 prosequendum
808 354 945 376 causam
965 345 1074 383 ipsam
1095 342 1291 381 conspectui

284 404 468 443 apostolico
490 402 735 440 presentarent.
754 399 795 429 Et
816 398 894 428 licet
914 398 1110 436 procurator
1125 395 1292 426 dictorum

281 456 406 497 prioris
423 458 454 486 et
472 455 613 484 fratrum
633 453 667 483 in
686 451 880 491 hujusmodi
899 450 1043 480 termino
1065 448 1293 488 comparuerit

283 519 395 541 coram
421 507 530 541 nobis,
548 515 677 545 nosque
703 505 864 535 dilectum
889 503 996 533 filium
1016 503 1169 532 nostrum
1186 501 1233 536 S„
1252 501 1290 531 ti-

284 563 346 593 tuli
362 561 470 592 sancti
490 559 626 590 Martini
646 558 885 598 presbyterum
900 555 1118 591 cardinalem,
1136 555 1170 584 in
1191 562 1293 584 causa

283 616 357 654 ipsa
378 613 573 644 dederimus
598 612 799 647 auditorem,
825 620 863 640 ac
888 610 961 648 ipse
981 609 1108 639 dictum
1128 608 1293 638 rectorem

281 668 403 707 primo,
423 666 569 696 secundo
586 666 618 695 et
635 664 772 695 tandem
789 662 1017 702 peremptorie
1033 661 1129 692 citari
1142 660 1293 699 legitime

284 721 397 751 fecerit
417 720 451 750 in
471 718 643 749 audientia
658 716 805 756 publica,
825 717 861 746 ut
875 717 925 746 est
941 715 1057 751 moris,
1074 714 1164 744 idem
1181 715 1294 743 tamen

282 775 390 804 rector
405 773 439 802 in
454 772 583 811 pretixo
596 771 742 802 termino
761 771 792 800 et
805 770 883 808 post
900 767 1095 807 hujusmodi
1116 767 1294 797 citationes

282 826 410 856 diutius
424 825 632 864 expectatus,
653 831 848 861 comparere
867 830 979 852 coram
995 821 1070 860 ipso
1088 819 1293 850 contumaci-

282 881 332 909 ter
359 887 425 908 non
454 877 596 908 curavit.
626 875 850 906 Postmodum
877 876 1002 911 autem,
1021 882 1101 913 pars
1127 873 1294 903 dictorum

281 932 406 971 prioris
424 934 453 962 et
473 931 616 961 fratrum
634 929 675 960 ab
694 929 812 960 eodem
830 927 1008 962 cardinali,
1022 927 1057 957 in
1070 928 1224 966 porrecto
1241 934 1294 955 su·

282 994 340 1024 per
359 985 419 1015 hoc
439 983 568 1020 libello,
589 983 755 1013 instanter
773 981 870 1021 petiit
884 980 1139 1020 possessionem
1151 980 1296 1009 decima-

283 1047 358 1068 rum
389 1040 420 1068 et
439 1037 569 1076 Jurium
592 1035 788 1076 hujusmodi
814 1035 914 1065 dictis
934 1034 1040 1074 priori
1063 1034 1094 1064 et
1118 1032 1294 1067 fratribus,

283 1091 418 1122 nomine
436 1091 546 1129 ipsius
563 1089 764 1128 Hospitalis,
783 1087 918 1118 restitui
937 1096 972 1118 ac
988 1087 1116 1117 dictum
1130 1087 1296 1117 rectorem

283 1144 324 1174 ad
347 1143 597 1174 restitutionem
620 1141 825 1181 hujusmodi,
847 1149 923 1171 cum
941 1139 1108 1170 fructibus
1127 1139 1296 1178 perceptis

283 1207 325 1228 ex
335 1197 384 1228 eis
400 1198 431 1228 et
448 1196 506 1235 qui
524 1196 652 1235 percipi
667 1196 850 1234 potuerunt
859 1203 918 1233 per
930 1202 990 1224 sex
1002 1202 1121 1230 annos,
1138 1201 1197 1232 per
1211 1201 1296 1231 quos

284 1250 433 1281 decimas
449 1251 482 1280 et
498 1250 572 1288 ,iura
593 1249 743 1287 predicta
761 1247 869 1279 tenuit
885 1247 1056 1286 occupata,
1076 1255 1161 1285 quos
1179 1246 1296 1285 singu-

283 1304 327 1334 lis
344 1303 440 1333 annis
456 1302 666 1333 existimavit
682 1301 803 1340 viginti
822 1309 952 1331 marcas
970 1300 1120 1339 ejusdem
1136 1299 1296 1338 ponderis

284 1358 316 1387 et
332 1356 472 1395 argenti,
502 1364 561 1394 per
588 1354 795 1385 cardinalem
812 1354 924 1392 ipsum
950 1352 1198 1383 sententialiter
1223 1361 1299 1382 con-

284 1409 472 1448 dempnari,
497 1417 534 1438 ac
556 1408 657 1438 etiam
684 1407 724 1437 ad
742 1407 947 1437 solutionem
971 1406 1198 1444 predictarum
1217 1405 1296 1435 duo-

284 1463 393 1493 decim
409 1470 599 1491 marcarum
614 1460 782 1499 compelli.
801 1459 894 1489 Idem
911 1467 990 1489 vero
1005 1458 1201 1494 cardinalis,
1212 1458 1297 1488 visis

284 1517 313 1545 et
335 1515 513 1554 diligenter
538 1513 701 1552 inspectis
729 1511 946 1551 processibus
963 1511 1088 1541 habitis
1112 1520 1225 1541 coram
1242 1511 1297 1541 ab·

284 1568 359 1598 bate
369 1570 400 1598 et
417 1566 650 1605 conjudicibus
667 1565 883 1604 supradictis,
896 1565 935 1595 de
954 1564 1097 1595 consilio
1110 1565 1298 1603 peritorum

284 1623 315 1652 et
334 1630 447 1651 secum
464 1621 563 1659 plena
581 1618 824 1650 deliberatione
845 1617 1032 1656 prehabita,
1055 1617 1190 1648 eosdem
1209 1617 1297 1656 prio-

285 1683 355 1705 rem
374 1676 404 1704 et
424 1674 546 1703 fratres
574 1673 608 1702 in
625 1671 880 1711 possessionem
896 1670 948 1701 vel
965 1670 1063 1709 quasi
1088 1670 1297 1701 decimarum

285 1730 316 1758 et
330 1727 460 1765 jurium
478 1726 719 1765 predictorum,
734 1724 906 1763 injudicio
921 1724 1120 1763 peritorum,
1133 1732 1234 1754 causa
1248 1725 1296 1755 rei

285 1780 459 1815 servande,
481 1779 641 1814 decrevit,
661 1778 795 1817 justitia
821 1777 989 1816 exigente,
1010 1777 1080 1807 fore
1100 1777 1295 1814 mittendos

286 1834 445 1872 ipsosque
471 1832 679 1863 decimarum
701 1833 731 1862 et
757 1830 886 1870 jurium
904 1830 1100 1861 eorumdem
1121 1839 1296 1869 possesso-

284 1895 336 1916 res
363 1886 415 1916 vel
441 1885 552 1924 quasi,
571 1894 673 1915 causa
696 1884 745 1914 rei
768 1883 946 1919 servande,
963 1883 1140 1914 constituit
1159 1885 1296 1922 propter

285 1939 478 1977 hujusmodi
500 1939 691 1968 evidentem
710 1937 957 1967 contumaciam
971 1937 1112 1967 rectoris
1131 1936 1294 1975 ejusdem.

284 1993 378 2023 Dixit
398 1992 499 2022 etiam
516 1992 604 2021 idem
621 1990 804 2020 cardinalis
824 1992 854 2020 et
872 1990 1130 2028 interloquendo
1149 1998 1296 2028 pronun-

285 2046 380 2075 tiavit
401 2045 508 2075 dictos
522 2044 669 2082 priorem
688 2045 717 2073 et
737 2043 858 2073 fratres
875 2051 950 2072 esse
965 2043 1147 2072 mittendos
1166 2043 1199 2072 in
1219 2051 1294 2081 pos-

286 2098 488 2132 sessionem,
500 2106 600 2127 causa
618 2097 665 2126 rei
686 2096 862 2131 servande,
874 2095 1038 2125 bonorum
1052 2095 1230 2125 mobilium
1244 2096 1296 2125 vel

288 2150 515 2181 immobilium
539 2150 579 2180 ad
607 2149 775 2188 prefatum
795 2150 970 2185 rectorem,
992 2149 1122 2178 ratione
1142 2157 1295 2187 persone,

287 2204 523 2242 spectantium,
541 2203 570 2232 si
587 2202 674 2232 bona
690 2202 830 2232 mobilia
847 2210 911 2232 non
928 2202 1082 2231 extarent
1097 2201 1137 2231 ad
1148 2201 1296 2231 valorem

286 2257 463 2286 duodecim
492 2264 682 2286 marcarum
710 2255 961 2285 Brunnensium
986 2254 1147 2293 ponderis
1166 2256 1198 2284 et
1221 2255 1297 2293 puri

286 2309 426 2348 argenti,
448 2309 481 2338 in
500 2308 624 2347 quibus
650 2308 721 2346 ipse
739 2308 937 2338 memoratis
954 2307 1059 2346 priori
1081 2308 1111 2337 ct
1135 2307 1298 2337 fratribus

286 2371 343 2401 per
374 2362 529 2392 abbatem
557 2363 589 2392 et
623 2361 813 2400 conjudices
843 2361 1056 2400 supradictos
1085 2361 1199 2391 extitit
1222 2370 1296 2391 con-

286 2416 502 2453 dempnatus,
530 2423 659 2445 necnon
691 2416 721 2445 et
754 2423 813 2452 pro
844 2413 1011 2444 fructibus
1040 2414 1210 2452 perceptis
1238 2423 1298 2453 per

287 2469 413 2498 dictum
444 2469 607 2498 rectorem
626 2478 644 2497 a
668 2476 728 2497 sex
745 2467 918 2505 preteritis
933 2467 1031 2497 annis
1050 2467 1090 2497 de
1109 2467 1250 2497 decimis
1267 2469 1297 2498 et

283 2521 417 2558 juribus
437 2520 726 2559 parroccliialibus
743 2520 962 2559 supradictis,
982 2520 1015 2549 in
1029 2520 1296 2558 possessionem,

286 2574 444 2604 causarei
458 2574 633 2608 servande,
647 2573 812 2604 bonorum
831 2572 1008 2603 mobilium
1025 2573 1065 2602 ad
1085 2573 1212 2603 dictum
1230 2582 1298 2604 rec-

287 2629 397 2657 torum
422 2627 551 2657 ratione
576 2635 718 2665 persone
737 2627 963 2665 spectantium
984 2626 1036 2656 vel
1055 2626 1295 2664 immobilium,

288 2680 315 2709 si
343 2679 428 2709 bona
460 2679 589 2710 nobilia
607 2688 672 2710 non
698 2679 870 2715 extabant,
890 2688 997 2718 usquc
1013 2679 1052 2709 ad
1076 2679 1225 2709 valorem
1241 2688 1297 2710 an-

289 2742 392 2763 nuum
421 2733 535 2763 decem
559 2742 750 2763 marcarum
777 2732 903 2763 similis
932 2733 1062 2772 argenti
1080 2734 1110 2762 et
1138 2733 1298 2771 ponderis

289 2795 349 2825 pro
371 2785 522 2824 quolibet
541 2786 707 2816 dictorum
724 2795 784 2817 sex
803 2795 978 2821 annorum,
999 2795 1059 2824 pro
1077 2786 1176 2816 modo
1194 2786 1299 2817 debiti

289 2848 347 2878 per
366 2839 492 2869 dictum
517 2839 735 2875 cardinalem,
750 2839 942 2878 juramento
958 2849 975 2869 a
995 2841 1213 2878 procuratore
1231 2840 1297 2870 dic-

290 2894 399 2922 torum
424 2892 549 2930 prioris
578 2894 610 2922 et
637 2892 778 2923 fratrum
808 2892 962 2931 prestito,
995 2894 1026 2922 et
1055 2892 1299 2924 deliberatione

289 2944 463 2983 preli-abita
477 2945 650 2981 declarati,
667 2947 765 2984 prout
782 2945 816 2976 in
833 2945 967 2985 publico
985 2945 1210 2977 instrumento
1225 2955 1299 2977 con-

1028 258 1272 307 REGtSTRES
1306 258 1522 290 D'URBAIN
1555 259 1613 289 IV.

1355 341 1441 372 fecto
1458 342 1580 372 exinde
1599 351 1636 372 ac
1654 341 1769 381 sigillo
1782 342 1966 373 cardinalis
1982 343 2124 382 predicti
2142 344 2285 382 signato,
2296 345 2366 384 ple-

1354 394 1431 424 nius
1458 394 1660 425 continetur.
1684 395 1755 425 Nos
1781 395 1907 434 itaque,
1927 395 2080 433 ipsorum
2098 396 2223 434 prioris
2246 399 2278 427 et
2301 397 2368 427 fra·

1354 448 1443 478 trum
1468 447 1777 486 supplicationibus
1802 448 1967 485 inclinati,
1988 448 2185 478 discretioni
2205 449 2286 488 [tuej
2308 457 2369 488 per

1354 500 1540 539 apostolica
1557 501 1682 539 scripta
1702 501 1903 531 mandamus
1924 501 2084 540 quatinus
2105 510 2162 532 eos
2181 502 2233 532 vel
2251 511 2369 540 procu-

1353 554 1500 583 ratorem
1520 561 1648 587 eorum,
1664 553 1800 584 nomine
1818 554 1982 592 ipsorum,
1998 554 2030 583 in
2047 555 2302 593 possessionem
2313 555 2368 586 vel

1354 606 1452 645 quasi
1476 606 1681 636 decimarum
1698 608 1730 637 et
1743 607 1872 646 jurium
1889 607 2131 646 predictorum,
2156 616 2285 638 necnon
2314 607 2369 638 bo-

1354 667 1475 689 norum
1494 659 1604 698 ipsius
1630 660 1783 696 rectoris,
1806 660 1905 699 juxta
1920 659 2114 698 hujusmodi
2137 660 2309 690 decretum
2337 662 2369 691 et

1354 712 1666 751 pronuntiationem
1692 713 1875 743 cardinalis
1902 713 2065 751 ejusdem,
2085 721 2144 752 per
2170 715 2201 743 te
2228 713 2280 743 vel
2311 722 2370 752 per

1355 765 1461 795 alium
1480 765 1680 796 auctoritate
1698 767 1814 796 nostra
1830 766 1971 796 inducas
1980 768 2012 796 et
2029 765 2190 796 defendas
2200 766 2368 802 inductos,

1355 818 1620 849 contradictores
1637 820 1699 850 etc.
1719 827 1827 858 usque
1851 819 2108 858 compescendo,
2127 827 2193 849 non
2214 818 2370 850 obstante

1356 872 1386 902 si
1401 871 1574 911 aliquibus
1593 881 1611 902 a
1638 872 1716 903 sede
1734 872 1921 911 apostolica
1937 872 1981 902 sit
1998 872 2167 902 indultum
2191 872 2281 911 quod
2299 881 2373 902 sus-

1356 925 1457 964 pendi
1478 926 1531 956 vel
1557 925 1714 956 interdici
1734 927 1792 956 aut
1810 925 2100 956 excommunicari
2122 934 2183 956 seu
2200 927 2297 955 extra
2316 924 2371 956 vel

1356 978 1447 1009 ultra
1474 980 1564 1009 certa
1589 978 1663 1009 loca
1696 979 1869 1009 conveniri
1896 987 1963 1009 non
1990 979 2123 1018 possint
2150 987 2210 1017 per
2236 978 2371 1009 litteras

1357 1031 1563 1071 apostolicas
1590 1032 1629 1062 de
1656 1031 1782 1070 quibus
1808 1032 1839 1062 in
1862 1031 1989 1063 nostris
2007 1032 2080 1062 fieri
2099 1031 2217 1062 debeat
2243 1031 2371 1062 mentio

1357 1085 1528 1124 specialis,
1546 1085 1702 1116 invocato
1720 1085 1761 1115 ad
1777 1085 1849 1121 hoc,
1868 1085 1897 1114 si
1916 1093 2001 1123 opus
2017 1084 2130 1118 fuerit,
2149 1084 2280 1114 auxilio
2298 1083 2374 1114 bra-

1357 1138 1424 1169 chii
1438 1138 1615 1169 secularis.

1398 1192 1564 1223 Tenorem
1583 1193 1696 1221 autem
1712 1191 1823 1229 ipsius
1838 1191 2059 1221 instrumenti
2075 1191 2115 1220 de
2132 1189 2235 1220 verbo
2253 1190 2295 1221 ad
2303 1199 2375 1221 ver-

1357 1245 1437 1275 bum
1455 1244 1671 1283 presentibus
1688 1243 1830 1274 fecimus
1847 1243 2014 1279 annotari,
2032 1243 2089 1282 qui
2105 1243 2185 1274 talis
2203 1245 2252 1274 est
2272 1253 2278 1273 z

1399 1309 1414 1325 «
1431 1298 1469 1328 In
1479 1297 1615 1328 nomine
1628 1297 1767 1327 Domini
1784 1305 1893 1327 amen.
1908 1297 1992 1328 Orta
2007 1296 2134 1326 dudum
2143 1296 2231 1327 inter
2249 1319 2268 1326 ..
2287 1296 2377 1335 prio-

1358 1359 1430 1381 rem
1447 1351 1480 1381 et
1497 1350 1620 1380 fratres
1631 1349 1823 1389 Hospitalis
1840 1349 2111 1381 Jerosolimitani
2126 1349 2159 1379 in
2173 1349 2325 1380 Moravia
2342 1350 2375 1379 et

1358 1403 1513 1440 Polonia‚
1539 1412 1581 1433 ex
1607 1405 1702 1442 parte
1730 1412 1807 1440 una,
1825 1405 1857 1434 et
1877 1426 1896 1433 ..
1917 1404 2082 1434 rectorem
2107 1402 2248 1433 ecclesie
2267 1401 2376 1433 sancti

1357 1455 1474 1487 Jacobi
1500 1456 1536 1486 in
1559 1457 1708 1491 Brunna,
1737 1456 1975 1487 Olomucensis
1999 1456 2157 1493 diocesis,
2187 1464 2227 1486 ex
2255 1455 2374 1492 altera,

1359 1518 1472 1540 coram
1493 1534 1512 1540 ..
1538 1509 1658 1539 abbate
1672 1509 1917 1548 Montis-Sym,
1940 1508 2273 1540 Premonstratensis
2288 1508 2376 1538 ordi-

1358 1563 1424 1597 nis,
1445 1562 1630 1602 pragensis
1654 1562 1812 1597 diocesis,
1838 1586 1858 1592 ..
1884 1562 2062 1593 scolastico
2083 1561 2374 1601 Wissegradensi‚

1359 1617 1391 1646 et
1416 1640 1436 1646 ..
1465 1616 1701 1646 archidiacono
1725 1616 1936 1652 Gradicensi,
1953 1615 2127 1654 judicibus
2145 1624 2164 1645 a
2182 1614 2262 1645 sede
2281 1622 2378 1653 apos-

1359 1669 1460 1699 tolica
1488 1669 1673 1708 deputatis,
1688 1678 1790 1708 super
1811 1668 2017 1708 quibusdam
2036 1668 2178 1699 decimis
2193 1670 2225 1698 et
2239 1667 2376 1707 juribus

1358 1722 1649 1761 parrocchialibus
1673 1722 1738 1753 loci
1761 1722 1801 1752 de
1823 1721 2047 1761 Simigelvelt,
2067 1721 2217 1760 predicte
2240 1721 2377 1752 olomu-

1359 1776 1470 1806 censis
1497 1775 1656 1812 diocesis,
1685 1784 1727 1806 ex
1751 1775 1868 1811 altera,
1893 1775 2035 1806 materia
2067 1775 2269 1814 questionis,
2294 1774 2376 1804 dicti

1355 1829 1487 1868 judices
1503 1830 1668 1859 rectorem
1682 1829 1808 1868 ipsum,
1822 1829 1895 1868 ejus
1907 1828 2129 1859 contumaciis
2144 1826 2373 1867 exigentibus,

1359 1882 1393 1912 in
1428 1882 1605 1912 duodecim
1629 1882 1754 1912 marcis
1779 1880 2038 1912 Brunnensibus
2060 1881 2221 1920 ponderis
2250 1882 2281 1911 et
2298 1880 2375 1919 puri

1359 1935 1489 1974 argenti
1519 1935 1620 1965 dictis
1644 1935 1750 1973 priori
1778 1936 1809 1965 et
1833 1934 1999 1965 fratribus
2029 1933 2277 1965 sententialiter
2298 1942 2376 1964 con-

1358 1989 1597 2027 dempnarunt,
1615 1990 1647 2018 et
1665 1996 1802 2018 causam
1819 1988 1861 2018 ad
1886 1988 2001 2018 sedem
2019 1987 2252 2026 apostolicam,
2274 1988 2375 2025 prout

1359 2050 1400 2071 ex
1422 2041 1585 2071 beneficio
1612 2041 1804 2071 litterarum
1825 2041 1917 2071 sedis
1938 2041 2089 2080 ejusdem
2106 2042 2273 2079 poterant,
2292 2041 2376 2070 tem·

1359 2103 1440 2133 pore
1470 2094 1583 2124 debito
1611 2094 1828 2124 remiserunt.
1848 2094 1957 2129 Quam
1974 2102 2112 2123 causam
2135 2093 2375 2123 sanctissimus

1359 2150 1455 2186 pater
1497 2149 1529 2178 et
1562 2147 1732 2181 dominus,
1771 2147 1929 2177 dominus
1964 2146 2134 2181 Urbanus,
2170 2147 2233 2177 Dei
2263 2146 2375 2186 gratia

1359 2209 1446 2240 papa
1472 2200 1549 2235 IIII,
1585 2199 1694 2236 nobis,
1724 2200 1878 2239 Symoni,
1903 2200 2123 2230 miseratione
2144 2199 2259 2230 divina
2283 2198 2374 2230 tituli

1360 2254 1467 2284 sancti
1490 2254 1627 2284 Martini
1654 2253 1854 2292 presbytero
1877 2253 2053 2287 cardinali,
2071 2252 2269 2283 audiendam
2287 2261 2377 2283 com-

1360 2307 1454 2337 misii
1472 2309 1503 2338 et
1522 2308 1586 2337 tine
1603 2306 1717 2337 debito
1741 2306 2002 2337 terlniiiandam.
2022 2307 2093 2337 Nos
2116 2306 2229 2345 itaque
2247 2305 2374 2336 dictum

1360 2362 1524 2391 rectorem
1543 2361 1666 2399 primo,
1686 2360 1832 2390 secundo
1847 2362 1879 2390 et
1893 2360 1992 2391 tertio
2007 2360 2247 2398 peremptorie,
2266 2359 2301 2389 in
2320 2367 2375 2389 au-

1359 2414 1487 2444 dientia
1509 2413 1643 2452 publica
1663 2414 1761 2444 citari
1781 2413 1936 2448 fecimus,
1955 2414 1989 2443 ut
2004 2415 2055 2443 est
2073 2412 2190 2446 moris,
2208 2414 2243 2443 ut
2261 2420 2374 2443 coram

1360 2467 1457 2498 nobis
1485 2476 1544 2506 per
1570 2476 1604 2497 se
1631 2467 1684 2497 vel
1704 2475 1763 2506 per
1783 2468 2038 2505 procuratorem
2056 2466 2225 2505 ydoneum
2241 2474 2374 2505 compa-

1360 2522 1447 2551 reret
1474 2520 1509 2550 in
1539 2528 1641 2550 causa
1664 2519 1829 2558 predicta,
1860 2521 1960 2558 prout
1991 2519 2072 2550 ordo
2095 2519 2183 2558 juris
2210 2519 2372 2558 exigeret,

1359 2582 1594 2613 processurus.
1618 2573 1758 2608 Verum,
1779 2581 1854 2603 cum
1878 2580 1937 2603 nec
1955 2572 2044 2602 idem
2066 2575 2174 2602 rector
2192 2580 2300 2611 neque
2315 2571 2375 2602 ali-

1360 2627 1437 2667 quis
1464 2626 1553 2657 alius
1579 2634 1639 2664 pro
1665 2626 1782 2656 eodem
1812 2634 1925 2655 coram
1956 2625 2118 2656 nobis.i11
2150 2625 2278 2664 pretixo
2309 2624 2376 2655 sibi

1359 2680 1737 2718 termino,compareret
1758 2678 1908 2717 legitime
1927 2679 1985 2708 sed
2005 2678 2118 2717 potius
2132 2677 2376 2708 contumaciter

1360 2741 1555 2772 comparere
1582 2733 1847 2771 contempneret,
1872 2732 1947 2770 post
1977 2731 2166 2770 predictum
2191 2731 2375 2761 terminum

1360 2786 1490 2817 diutius
1515 2786 1726 2824 expectatus,
1753 2784 1889 2815 tandem
1914 2792 1973 2822 pro
2001 2787 2095 2823 parte
2121 2784 2247 2822 prioris
2264 2787 2293 2815 et
2311 2784 2373 2814 fra-

1359 2842 1451 2870 trum
1470 2839 1624 2878 ipsorum
1640 2838 1778 2868 libellus
1799 2845 1913 2868 coram
1930 2836 2028 2867 nobis
2044 2837 2076 2867 in
2097 2837 2224 2876 judicio
2240 2836 2376 2868 oblatus

1360 2892 1473 2924 extitit
1491 2893 1526 2922 in
1542 2891 1629 2922 hunc
1648 2891 1786 2921 modum
1803 2900 1809 2919 ;

1402 2957 1416 2975 «
1442 2946 1563 2976 Coram
1584 2944 1694 2979 vobis,
1712 2943 1903 2974 venerando
1931 2946 2038 2982 patre,
2057 2944 2195 2975 domino
2215 2943 2374 2983 Symone,
