2547 3289
1057 219 1296 269 ‘rnoisiEME
1316 219 1480 256 ΑΝΝΕΕ.

222 309 358 345 negotii,
379 309 412 339 in
431 319 496 348 quo
517 319 582 340 non
608 311 719 340 solum
738 311 888 341 Romane
910 312 942 340 et
965 310 1168 339 universalis
1185 319 1233 339 ec—

220 362 321 391 clesie
359 363 531 397 relevatio,
562 372 677 393 verum
697 363 797 393 etiam
816 364 976 393 exaltatio
1014 364 1045 393 et
1066 364 1231 401 promotio

222 415 310 445 tidei.
337 415 430 445 salus
457 416 659 450 animarum,
687 416 915 446 corroboratio
932 417 1039 447 status
1069 416 1231 449 fidelium,

223 468 409 498 iutidelinm
446 469 635 499 debilitatio
669 470 699 499 et
732 469 836 499 divini
876 470 985 499 cultus
1018 471 1232 508 angmentum

220 522 341 559 agitur,
369 521 563 552 efficacibus
593 524 623 552 et
654 522 821 560 promptis
839 522 1121 552 subventionibus
1143 521 1234 558 adju-

222 575 318 609 vetis,
343 574 451 604 eidem
481 575 594 605 comiti
616 576 781 605 decimam
799 575 949 604 omnium
970 577 1159 605 vestrorum
1185 583 1234 603 ec—

222 627 489 658 clesiasticorum
531 630 754 666 proventuum
790 637 848 666 per
883 629 1083 663 triennium,
1121 628 1234 657 divine

224 680 391 716 majestati
420 681 557 717 intuitu,
577 681 618 710 ob
634 681 858 710 reverentiam
889 690 1022 719 quoque
1051 680 1234 719 apostolice

223 733 313 762 sedis
343 735 375 762 et.
399 735 549 763 nostram
577 736 608 763 et.
634 734 712 763 dicti
745 734 834 771 regis
866 733 1015 769 obtentu,
1039 742 1099 771 pro
1126 733 1236 770 ipsius

223 785 433 823 promotione
463 795 500 815 ac
523 786 760 823 prosecutione
786 787 924 825 negotii,
944 786 1088 815 libenter
1107 788 1136 815 et
1157 786 1237 815 libe-

224 838 340 868 raliter
363 839 597 873 concedentes,
623 839 670 868 ita
697 839 785 877 quod
814 839 935 869 exinde
968 841 1079 869 vestra
1103 839 1236 869 devotio

225 891 360 920 celestis
380 891 627 921 benedictionis
651 892 793 929 gratiam
817 891 977 929 consequi
1006 893 1175 921 mereatur
1207 893 1236 920 et

225 944 373 982 predicta
398 944 540 974 ecclesia
564 944 597 973 id
616 945 650 974 in
671 945 784 974 eterne
804 945 965 974 memorie
983 944 1069 974 libro
1093 945 1236 974 conscri-

224 996 318 1031 bens,
341 996 438 1026 vobis
462 998 492 1026 et
514 997 668 1027 ecclesiis
686 997 809 1027 vestris
829 999 1001 1027 remaneat
1019 997 1060 1027 ob
1088 997 1148 1026 hoc
1169 1005 1241 1035 per-

224 1049 337 1088 petuis
366 1049 578 1088 temporibus
598 1049 756 1089 obligata,
779 1050 936 1089 idemque
957 1059 1068 1080 comes
1085 1059 1121 1080 ac
1138 1051 1239 1080 etiam

190 1140 194 1143 ὴ
225 1102 398 1140 predictus
425 1111 497 1139 rex,
519 1103 576 1141 qui
600 1104 853 1142 progenitorum
881 1112 1021 1133 suorum
1057 1103 1239 1133 inherendo

226 1156 390 1193 vestigiis,
421 1164 555 1194 semper
582 1156 643 1186 fuit
671 1157 704 1186 in
736 1157 991 1186 conservatione
1008 1156 1176 1186 libertatis
1191 1164 1240 1185 ec-

228 1209 417 1239 clesiastice
443 1210 586 1248 pervigil
612 1211 643 1240 et
670 1212 830 1245 attentus,
855 1211 888 1239 in
914 1210 1132 1240 ecclesiarum
1160 1209 1240 1239 alio-

228 1271 370 1300 rumque
395 1262 528 1300 piorum
555 1263 704 1293 locorum
724 1264 974 1293 constructione
996 1263 1186 1298 benivolus,
1208 1263 1241 1292 in

227 1324 342 1343 eorum
367 1315 536 1345 dotatione
567 1324 603 1345 ac
629 1315 789 1345 dilatione
817 1315 1004 1354 largifluus,
1024 1316 1054 1345 et
1073 1316 1107 1345 in
1122 1316 1241 1354 gratiis

227 1376 262 1396 ai·
290 1367 463 1397 beneficiis
489 1377 565 1406 erga
595 1377 758 1406 personas
780 1369 1040 1403 ecclesiasticas,
1071 1369 1242 1398 seculares

227 1423 257 1449 et
293 1421 477 1459 regulares,
506 1421 602 1451 valde
629 1421 820 1457 munificus,
850 1423 1029 1451 teneantur
1059 1431 1119 1460 pro
1150 1424 1241 1452 tanto

228 1474 366 1511 pietatis
395 1483 505 1512 opere,
532 1476 599 1504 tam
629 1474 724 1504 vobis
742 1484 841 1513 quam
866 1475 1027 1513 predictis
1050 1476 1174 1505 vestris
1193 1484 1241 1505 ec-

230 1526 345 1556 clesiis
358 1529 462 1565 grata,
477 1536 537 1566 pro
552 1527 625 1557 loco
638 1529 670 1557 et
682 1530 832 1566 tempore
843 1529 1090 1564 vicissitudine,
1105 1537 1242 1567 respon*

230 1580 319 1610 dere.

269 1635 438 1669 Ceterum,
468 1634 549 1671 quia
575 1634 735 1664 dilectum
764 1635 870 1664 tilium
901 1637 1053 1665 nostrum
1078 1635 1124 1671 S.‚
1150 1636 1241 1665 tituli

229 1688 343 1716 sancte
379 1686 503 1717 Uecilie
542 1686 781 1725 presbyterum
813 1688 1031 1724 cardinalem,
1063 1697 1161 1726 quem
1195 1689 1242 1718 in-

230 1742 278 1769 ter
310 1739 396 1769 alios
420 1740 543 1769 fratres
572 1742 717 1775 nostros,
742 1741 893 1771 Itomane
924 1741 1079 1771 videlicet
1102 1741 1242 1771 ecclesie

229 1793 431 1827 cardinales,
450 1792 679 1823 benivolentia
695 1793 799 1823 multa
813 1795 1115 1832 p1·0sequi1m1r‚ad
1132 1797 1243 1832 partes

230 1845 319 1881 illas,
343 1846 524 1875 commisso
554 1847 583 1876 ei
607 1855 667 1885 pro
697 1846 847 1885 ejusdem
879 1848 1004 1885 negotii
1034 1849 1243 1886 promotiOue

230 1899 328 1937 plene
342 1899 522 1937 legationis
537 1899 660 1933 officio,
677 1900 716 1930 de
737 1900 877 1930 fratrum
896 1902 1088 1931 nostrorum
1101 1902 1243 1931 consilio

229 1952 452 1985 destinemus,
481 1953 617 1983 omnino
643 1953 801 1983 volumus
826 1955 861 1983 ut
884 1954 993 1984 eidem
1023 1954 1185 1984 cardinali
1210 1955 1242 1984 in

230 2005 325 2043 cujus
352 2005 453 2035 labiis
481 2005 595 2036 infusa
616 2007 666 2036 est
693 2006 813 2036 celitus
834 2007 952 2045 gratia,
972 2008 1007 2037 nt
1025 2007 1107 2037 sciat
1130 2016 1243 2037 neces-

230 2059 358 2088 sarium
382 2059 532 2097 proferre
560 2067 750 2089 sermonem
775 2062 925 2098 tempore
947 2062 1123 2098 oportuno,
1145 2061 1243 2091 tidem

233 2111 453 2141 indubitatam
468 2112 500 2141 in
515 2111 582 2141 hiis
597 2121 660 2150 que
673 2112 769 2142 vobis
785 2121 886 2151 super
901 2114 1078 2151 premissis
1094 2123 1134 2143 ex
1153 2117 1244 2151 parte

233 2166 347 2194 nostra
363 2164 498 2199 dixerit,
518 2164 688 2198 adhibere.
712 2165 837 2204 illaque
861 2166 1043 2196 efficaciter
1058 2167 1243 2206 adimplere

228 2217 364 2247 curetis.
395 2218 519 2247 Datum
547 2218 634 2256 apud
663 2218 953 2255 Urbemveterem,
976 2230 991 2247 v
1017 2229 1121 2250 nonas
1150 2221 1242 2256 maii,

231 2279 318 2300 anno
337 2271 407 2300 111⁰.
430 2283 443 2297 υ

322 2470 394 2500 805

851 2469 975 2501 Orvieto‚
989 2471 1005 2497 3
1020 2470 1077 2497 mai
1096 2471 1173 2498 1264.

266 2552 451 2586 infrascripto
470 2553 609 2579 cardinali
637 2554 756 2580 mandat
783 2553 947 2581 exhortetur
973 2555 1203 2590 archiepiscopos
1219 2559 1246 2583 et

232 2601 381 2635 episcopos
407 2600 535 2635 aliosque
556 2602 592 2628 ud
614 2602 765 2629 solvendas
790 2611 838 2637 per
854 2603 1011 2630 triennium
1027 2605 1138 2635 Carolo,
1158 2606 1245 2631 Ande-

234 2649 333 2683 gariae
351 2658 383 2676 ac
412 2650 577 2677 Provinciae
604 2651 715 2682 comiti.
745 2652 882 2678 decimas.
907 2653 985 2684 (lli-tu.
1011 2653 1054 2680 28,
1073 2653 1120 2679 sul.
1144 2654 1192 2680 loo
1208 2660 1248 2685 νο,

231 2707 289 2725 cur.
312 2706 379 2725 uun.
395 2698 440 2729 ΙΙΙ,
459 2704 486 2724 n⁰
501 2699 554 2731 913
574 2699 720 2726 l’oTruAsr
746 2700 852 2732 18882.)

274 2820 288 2838 u
307 2811 356 2846 S„
376 2809 458 2839 tituli
473 2815 574 2838 sancte
593 2808 706 2839 Cecilie
718 2810 890 2849 presbitero
909 2811 1070 2846 cardinali,
1087 2811 1251 2851 apostolice

235 2863 311 2892 sedis
336 2862 444 2902 leqato.
473 2864 556 2893 Cum
576 2871 637 2893 nos
667 2863 878 2894 venerabiles
906 2864 1027 2894 fratres
1043 2866 1178 2895 nostros
1200 2874 1249 2895 ar-

238 2916 471 2954 chiepiscopos
500 2918 531 2946 et
559 2917 746 2955 episcopos,
773 2918 804 2947 et
823 2917 963 2947 dilectos
982 2917 1071 2947 tilios
1098 2917 1248 2953 abbates,

368 2983 505 3010 URBA1N
528 2983 582 3016 IV,
604 2985 625 3010 t.
645 2983 685 3015 II,
708 2984 772 3017 Ray.
793 2984 852 3011 ord.

2246 231 2304 260 393

1294 310 1436 348 priores,
1463 311 1618 347 decanosy
1651 311 1914 347 arcliidiawnos,
1941 313 2131 351 prepositos
2159 314 2190 343 ct
2218 313 2303 342 alios

1294 363 1512 393 ecclesiarum
1543 364 1700 402 prelatos.
1733 373 1789 393 nec
1817 373 1881 394 non
1914 366 2071 403 capitula,
2101 366 2239 402 collenia
2273 369 2301 395 ct

1294 418 1476 446 ‹·‚‹)1ivent11s
1495 418 1690 455 ceterasque
1715 426 1876 455 personas
1898 418 2156 453 ecclesiastiffls,
2180 419 2306 448 secula-

1295 478 1348 498 res
1367 472 1396 498 et
1425 469 1607 507 regulares.
1626 471 1800 508 exemptas
1828 473 1857 500 ct
1883 480 1946 500 non
1966 474 2151 510 exemptas,
2181 480 2239 509 per
2257 482 2304 501 ri·-

1294 530 1395 560 gnum
1415 522 1554 552 Francie
1575 531 1611 552 ac
1630 524 1737 552 terras
1757 524 1795 553 ad
1820 523 1974 553 dilectam
1996 525 2028 553 in
2047 525 2181 554 (Ibristo
2200 524 2303 554 tiliam

1295 573 1441 604 nobilem
1467 574 1668 604 mulierem..
1690 576 1899 605 comitissam
1919 577 2085 608 Flandrie.
2105 578 2232 607 ratione
2252 579 2306 607 ‹lo-

1264 663 1265 667 ,
1296 627 1391 656 minii
1412 627 1461 657 vel
1479 628 1653 657 feudorum
1671 638 1808 658 suorum
1829 630 1859 658 in
1877 631 2111 660 (elaineraccnsi
2135 632 2163 660 ct
2183 632 2307 661 Torna-

1296 680 1387 709 censi
1421 680 1612 710 ‹liocesibus
1641 682 1859 718 pertinentes,
1888 692 1946 720 per
1974 684 2169 713 comitatum
2206 685 2306 714 ctiam

1299 733 1474 762 Provincie
1492 735 1523 762 et
1548 734 1632 763 alias
1655 734 1767 764 dilecti
1794 735 1853 764 tilii
1877 735 2002 765 nobilis
2021 736 2083 765 viri
2103 737 2226 766 tlaroli.
2245 738 2308 767 ,tn-

1297 785 1435 823 degavie
1457 794 1493 815 ac
1512 786 1687 815 Provinrie
1707 788 1851 819 comitis,
1876 790 1904 817 et
1926 789 2150 818 vassallorum
2171 799 2306 819 suorum

1297 840 1415 873 terras,
1428 847 1464 867 ac
1474 847 1532 876 per
1543 839 1816 877 Lugdunensium,
1830 841 2052 871 Viennensem
2062 843 2310 877 [tarantasien-

1298 899 1380 923 sem,
1407 890 1682 921 Ebredunensem
1712 894 1740 921 et
1774 893 1982 923 bisuntinam
2005 895 2195 932 provincias
2218 904 2312 925 cons-

1298 944 1430 976 titutos,
1459 952 1517 981 per
1546 946 1679 973 nostras
1700 945 1762 974 sub
1784 948 1871 975 certa
1892 946 1996 975 torma
2013 947 2155 978 litteras,
2178 949 2312 985 exposi-

1299 996 1343 1025 tis
1361 996 1410 1025 eis
1426 997 1612 1032 doloribus,
1632 998 1923 1033 tribulationibus,
1945 1000 2112 1037 angustiis
2132 1003 2162 1029 et
2179 1009 2313 1038 pressu-

1301 1049 1347 1078 ris
1366 1049 1489 1087 quibus
1514 1051 1666 1080 Romana
1685 1052 1790 1081 mater
1805 1052 1959 1087 ecclesia,
1977 1052 2095 1082 durius
2111 1055 2139 1082 et
2159 1054 2313 1091 asperius

1302 1102 1402 1131 solito
1429 1102 1495 1131 biis
1517 1102 1636 1132 diebus
1663 1104 1836 1142 affligitur,
1863 1104 2064 1135 fiducialiter
2087 1107 2313 1144 requiramus,

1303 1156 1338 1184 ut
1355 1156 1598 1193 compatientes
1617 1156 1724 1186 eidem
1744 1157 1884 1187 ecclesie
1898 1158 2116 1196 passionibus
2134 1159 2188 1197 pio
2204 1160 2313 1190 corde.

1303 1207 1469 1237 decimam
1496 1209 1648 1238 omnium
1674 1218 1813 1239 suorum
1841 1210 2149 1241 ecclesiastio‹r›1·11111
2179 1221 2316 1250 proven-

1303 1262 1398 1290 tuum
1427 1261 1514 1292 dicto
1545 1262 1672 1297 comiti,
1704 1271 1764 1301 pro
1798 1264 2033 1301 prosecutione
2064 1265 2188 1303 negotii
2224 1266 2314 1304 regni

1303 1314 1429 1351 Sicilie,
1448 1316 1536 1353 quod
1556 1315 1589 1344 in
1616 1324 1795 1354 personam
1821 1317 1929 1354 ipsius
1954 1318 2099 1351 comitis,
2119 1327 2177 1357 pro
2197 1319 2316 1349 libera-

1302 1367 1393 1398 tione
1411 1368 1497 1398 dicte
1514 1368 1656 1399 ecclesie
1673 1369 1713 1398 ab
1734 1370 1992 1401 imminentibus
2007 1372 2035 1401 ei
2051 1372 2223 1410 periculis,
2245 1381 2317 1410 pro-

1305 1430 1450 1453 movere,
1462 1422 1607 1451 Domino
1620 1422 1763 1452 favente.
1775 1424 2008 1462 proponimus,
2021 1428 2175 1463 prompta
2187 1434 2245 1464 per
2261 1426 2317 1455 tri-

1303 1473 1440 1503 ennium
1457 1474 1661 1505 liberalitate
1682 1477 1875 1512 concedant,
1894 1477 2091 1508 discretioni
2108 1480 2174 1514 tue,
2195 1479 2235 1509 de
2253 1488 2317 1518 qua

1304 1527 1437 1565 plenam
1454 1528 1487 1557 in
1504 1528 1649 1558 Domino
1662 1530 1819 1559 liduciam
1836 1529 2039 1566 obtinemus,
2057 1540 2115 1569 per
2130 1532 2315 1570 apostolica

1304 1581 1431 1618 scripta
1452 1582 1652 1611 mandamus
1681 1583 1840 1620 quatinus
1870 1584 2142 1622 arcliiepisccqios
2164 1585 2316 1623 aliosque

1304 1633 1473 1672 predictos
1500 1635 1702 1672 generaliter
1721 1637 1750 1665 et
1778 1636 2007 1674 singulariter,
2034 1639 2130 1675 prout
2157 1638 2316 1676 expedire

1304 1687 1441 1722 videris,
1474 1688 1612 1718 attentis
1628 1690 1658 1718 et
1677 1688 1872 1718 efficacibus
1895 1690 2147 1720 inductionibus
2164 1691 2316 1721 exhorte-

1305 1740 1364 1776 ris,
1384 1742 1419 1769 ut
1443 1749 1477 1770 se
1500 1741 1531 1770 in
1556 1741 1615 1771 hoc
1642 1741 1769 1777 faciles,
1788 1742 1951 1781 benignos
1975 1744 2005 1773 et
2031 1743 2206 1773 benivobvs
2225 1745 2316 1774 exhi-

1305 1793 1434 1828 bentes,
1462 1802 1579 1832 preces
1610 1796 1641 1824 et
1674 1795 1831 1825 mandata
1854 1797 2039 1834 apostolica
2070 1797 2103 1826 in
2127 1797 2186 1826 hac
2222 1800 2316 1836 parte

1305 1846 1461 1876 studeant
1487 1847 1654 1885 promptis
1681 1848 1805 1877 animis
1830 1848 2026 1887 adimplere,
2056 1850 2148 1888 ipsos
2165 1850 2204 1880 ad
2224 1851 2267 1885 id,
2288 1851 2316 1880 si

1305 1908 1442 1930 necesse
1467 1900 1578 1934 suerit,
1606 1901 1805 1931 auctoritate
1832 1904 1957 1939 nostra,
1978 1902 2110 1933 sublato
2138 1903 2316 1941 cuiuslibet

1305 1952 1545 1991 appellationis
1576 1953 1760 1989 obstaculo,
1787 1955 2036 1992 00111pe11endo;
2070 1964 2134 1986 non
2163 1956 2317 1986 obstante

1306 2006 1334 2034 si
1353 2005 1402 2035 eis
1425 2006 1476 2035 vel
1505 2006 1656 2044 ipsorum
1678 2007 1849 2045 aliquibus
1865 2017 1881 2037 a
1899 2009 1978 2038 sede
1997 2009 2183 2046 apostolica
2206 2010 2247 2039 sit
2270 2010 2316 2039 in-

1306 2059 1553 2097 dultum,‹1uod
1572 2060 1738 2095 interdici,
1760 2062 1921 2099 suspendi
1945 2062 1994 2092 vel
2017 2063 2315 2096 excommunicari,

1306 2112 1461 2151 quodque
1478 2113 1518 2142 ad
1535 2113 1760 2143 exhibendum
1775 2114 1876 2144 alicui
1889 2115 2078 2145 subsidium
2099 2117 2316 2154 pecuniarum

1306 2166 1463 2204 compelli
1482 2175 1544 2196 non
1571 2167 1703 2204 possint
1721 2176 1779 2205 per
1798 2168 1927 2197 litteras
1947 2169 2161 2206 apostolicas,
2182 2169 2316 2207 plenam

1306 2221 1337 2248 et,
1355 2228 1553 2258 expressam
1572 2230 1608 2249 ac
1628 2220 1667 2250 de
1687 2220 1788 2250 verbo
1806 2222 1846 2250 ad
1867 2221 2003 2251 verbum
2023 2231 2086 2251 non
2108 2223 2268 2252 facientes
2278 2223 2318 2252 de

1307 2272 1436 2302 indulto
1461 2272 1655 2311 hujusmodi
1687 2274 1904 2305 mentionem.
1937 2277 1967 2304 et
2001 2275 2207 2313 quibuslibet
2240 2275 2318 2305 aliis

1307 2326 1435 2364 prefate
1458 2327 1550 2356 sedis
1570 2326 1801 2365 indulgentiis,
1824 2328 2064 2366 cujiiscumque
2086 2329 2212 2358 tenoris
2231 2329 2319 2358 exis-

1307 2380 1389 2414 tant,
1422 2387 1480 2417 per
1510 2388 1574 2417 que
1605 2379 1797 2418 hujusmodi
1827 2380 1998 2418 negotium
2026 2381 2182 2419 impediri
2211 2382 2318 2411 valeat

1308 2431 1360 2461 vel
1388 2431 1516 2461 differri
1544 2434 1576 2461 et
1606 2432 1645 2461 de
1674 2431 1797 2470 quibus
1827 2433 1859 2462 in
1888 2433 2013 2462 nostris
2044 2434 2167 2464 litteris
2194 2434 2320 2464 mentio

1309 2484 1382 2514 tieri
1413 2484 1530 2514 debeat
1558 2484 1727 2523 specialis.
1757 2486 1878 2515 Datum
1914 2486 2000 2523 apud
2032 2487 2319 2521 Urbemveterem,

1310 2547 1328 2566 v
1346 2546 1449 2567 nonas
1469 2538 1561 2573 maii,
1583 2546 1669 2568 anno
1689 2538 1762 2568 1110.
1786 2550 1798 2564 υ

1400 2788 1473 2817 806

1917 2787 2041 2818 Ori-icto,
2060 2788 2076 2814 3
2098 2788 2154 2813 mai
2175 2788 2250 2814 1204.

1348 2873 1454 2899 Eadem
1472 2872 1646 2898 mandantur
1669 2872 1820 2904 Ludorieo,
1835 2872 1894 2906 regi
1913 2873 2097 2900 [·'ran‹·oi·um.
2117 2874 2194 2904 (luza.
2214 2879 2257 2901 228.
2274 2876 2324 2902 t'ol.

1317 2923 1376 2953 107,
1394 2930 1453 2948 cur.
1471 2929 1537 2947 ann.
1557 2920 1604 2953 ΙΙΙ,
1622 2925 1652 2946 u⁰
1665 2922 1713 2952 {³23
1732 2922 1877 2947 l‘or'ruAsT
1898 2922 2005 2949 Ιὸδδὲω

2170 2987 2203 3013 ΓΜ
