2547 3289
237 261 296 290 326

234 346 412 382 antequam
430 341 470 371 ab
491 341 604 370 eadem
628 338 770 368 ecclesia
790 337 830 366 ad
849 336 1078 366 Albanensem
1104 333 1244 364 transla-
1276 347 1279 380 k

1276 383 1278 391 '
1308 394 1366 424 pro
1382 385 1550 416 defunctis
1578 386 1612 416 in
1629 386 1728 416 altari
1751 385 1904 425 ejusdem
1925 386 2020 416 beate
2050 386 2213 425 Virginis,
2231 389 2321 426 quod

232 398 288 426 tus
310 396 444 429 fuisses,
461 393 580 431 primo,
599 393 629 421 et
663 392 737 428 post
765 388 1024 419 translationem
1052 386 1244 425 hujusmodi

232 449 294 479 tibi
315 447 448 478 oraculo
469 445 542 474 vive
561 444 664 479 vocis,
683 443 842 481 episcopo
870 442 943 479 ipso
968 441 1137 479 presente,
1169 447 1243 469 con-

233 500 409 536 cessimus,
443 496 594 535 diligenti
628 503 760 534 quoque
785 493 1028 524 deliberatione
1059 491 1244 530 preliabita,

233 552 395 583 ordinasti
417 550 515 589 quod,
536 549 567 578 in
592 548 709 579 eadem
733 546 933 577 Ebroicensi
950 545 1106 580 ecclesia,
1124 553 1183 583 per
1200 546 1244 579 te,

233 606 290 635 hac
309 605 390 639 vice,
409 613 445 633 ac
464 602 621 640 deinceps
639 610 696 639 per
715 600 959 630 Ebroicensem
976 599 1172 637 episcopum
1188 597 1245 636 qui

233 666 292 697 pro
311 659 460 694 tempore
490 654 602 689 fuerit,
629 654 696 683 duo
728 653 950 683 instituantur
980 651 1161 690 presbiteri
1187 650 1245 688 qui

232 711 388 740 continue
406 708 489 738 inibi
515 707 662 737 residere
688 708 719 737 et
745 706 838 736 horis
868 706 1031 736 interesse
1061 703 1244 739 canonicis,

233 764 318 793 acin
338 762 435 792 altari
453 761 600 800 gloriose
616 759 721 789 Marie
732 758 896 797 Virginis
912 757 1001 796 quod
1020 757 1053 787 in
1073 757 1182 795 capite
1199 757 1247 795 ip-

233 816 305 845 sius
327 814 479 847 ecclesie,
505 814 577 851 post
602 812 740 842 chorum
761 811 916 841 videlicet
940 810 1024 849 ejus,
1052 811 1155 840 situm
1182 810 1244 845 est,

233 868 317 898 alter
338 867 503 897 dictorum
521 865 798 904 presbyterorum
817 865 850 893 in
868 864 1029 893 honorem
1048 863 1158 901 ipsius
1173 863 1246 893 Yir-

232 920 321 960 ginis
349 920 507 958 gloriose,
527 928 563 948 ac
581 918 668 948 alius
700 926 760 956 pro
792 917 960 947 defunctis
977 916 1159 951 celebrare,
1178 915 1245 946 die-

232 973 296 1003 bus
317 972 473 1011 singulis,
500 972 687 1007 teneantur,
705 971 796 1000 certo
823 969 958 1000 redditu
979 977 1089 999 annuo
1115 969 1247 1007 utrique

233 1025 500 1065 presbiterorum
534 1025 686 1063 ipsorum
720 1023 754 1053 in
784 1023 924 1052 decimis
954 1022 1139 1058 novalium,
1163 1030 1247 1060 quas

233 1088 292 1118 per
311 1078 576 1109 munificentiam
594 1076 762 1107 carissimi
790 1076 821 1105 in
839 1076 972 1106 Christo
990 1075 1049 1105 lilii
1070 1075 1177 1105 nostri
1195 1075 1246 1111 L.,

233 1132 323 1171 regis
340 1132 546 1162 Francorum
571 1130 730 1165 illustris,
754 1138 791 1159 ac
814 1129 915 1159 etiam
943 1137 1002 1167 per
1025 1131 1117 1159 tuam
1134 1129 1248 1159 indus-

233 1186 345 1220 triam,
365 1185 444 1214 dum
466 1184 571 1214 adhuc
598 1182 755 1221 regimini
784 1182 934 1220 ejusdem
965 1181 1182 1212 Ebroicensis
1200 1190 1250 1212 ec-

235 1238 336 1268 clesie
354 1237 559 1276 presideres,
573 1237 606 1266 in
626 1235 823 1266 nemoribus
840 1235 939 1265 vallis
957 1234 1102 1271 Redolii,
1134 1235 1250 1265 Ebroi-

235 1291 347 1321 censis
383 1290 528 1321 diocesis
565 1289 789 1328 acquisivisse
832 1290 862 1319 te
896 1291 1037 1323 asseris,
1070 1288 1248 1326 deputate,

235 1343 375 1382 adjectis
399 1351 500 1382 super
518 1342 579 1372 hoc
603 1342 704 1372 certis
721 1341 972 1371 conditionibus
989 1342 1018 1370 et
1042 1341 1179 1371 statutis
1200 1350 1250 1371 sa-

236 1397 391 1426 lubribus
409 1405 445 1426 ac
465 1396 628 1432 honestis,
646 1396 743 1433 prout
765 1394 797 1423 in
825 1394 1018 1432 patentibus
1036 1394 1159 1424 litteris
1181 1395 1249 1424 tuis

236 1449 397 1479 confectis
423 1448 543 1479 exinde
566 1450 689 1485 tuoque
710 1447 823 1485 sigillo
851 1446 1003 1482 munitis,
1025 1446 1158 1484 plenius
1175 1456 1249 1477 con-

235 1503 373 1532 tinetur.
396 1502 466 1532 Nos
498 1501 622 1539 itaque,
643 1500 711 1530 tuis
744 1499 1052 1538 Δε·111111111·;111011111115
1081 1500 1247 1537 inclinati,

237 1554 326 1593 quod
344 1563 361 1583 a
378 1556 408 1583 te
427 1562 526 1591 snper
548 1552 727 1591 premissis
758 1552 880 1582 tactum
914 1553 975 1587 est,
998 1554 1108 1582 ratum
1138 1554 1169 1583 et
1196 1554 1250 1583 lir-

240 1616 332 1637 mum
360 1606 533 1642 habentes,
569 1606 603 1635 id
633 1606 831 1635 auctoritate
856 1605 1040 1643 apostolica
1077 1607 1250 1636 contirma-

239 1669 315 1690 mus
334 1661 394 1690 etc.
415 1661 518 1698 utque
536 1658 796 1688 communimus.

279 1713 443 1743 'l‘enorem
456 1714 567 1742 autem
584 1712 772 1742 litterarum
787 1711 938 1750 ipsarum
951 1712 990 1741 de
1008 1711 1108 1742 verbo
1126 1713 1166 1742 ad
1181 1721 1248 1743 ver-

239 1766 318 1796 bum
336 1765 552 1804 presentibus
571 1765 713 1795 fecimus
731 1765 897 1800 annotari,
914 1765 970 1803 qui
989 1765 1068 1795 talis
1084 1768 1134 1795 est
1154 1777 1159 1795 ;

279 1829 294 1848 «
316 1819 492 1849 Universis
513 1820 688 1857 presentes
710 1818 841 1848 litteras
864 1818 1079 1856 inspecturis,
1105 1819 1158 1854 R„
1189 1820 1249 1849 mi—

240 1873 408 1902 seratione
420 1872 533 1901 divina
546 1871 750 1901 Albanensis
764 1871 954 1909 episcopus,
971 1871 1115 1901 salutem
1134 1873 1168 1902 in
1185 1873 1249 1903 Do-

241 1926 332 1955 mino
358 1926 609 1963 sempiternam.
635 1925 749 1954 Effusa
768 1924 855 1954 circa
880 1933 940 1954 nos
961 1933 1063 1963 supra
1090 1926 1247 1956 meritum

242 1978 353 2008 divine
377 1978 535 2008 beneficia
561 1977 697 2015 pietatis
716 1977 813 2007 corde
839 1977 958 2007 humili
980 1978 1193 2014 meditantes,
1213 1988 1250 2009 ac

241 2031 358 2061 sedulo
377 2031 629 2060 considerantes
647 2030 765 2059 atl‘ectu
790 2030 927 2059 honoris
946 2031 1197 2061 multitudinem
1219 2034 1250 2062 et

241 2084 424 2122 gratiarum
441 2083 705 2113 diversimodam
716 2082 906 2120 largitatem
921 2083 1043 2121 quibus
1061 2085 1250 2114 veneranda

241 2137 457 2167 Ebroivensis
476 2136 618 2166 ecclesia
637 2144 815 2174 personam
839 2137 1002 2170 nostram,
1023 2137 1100 2166 dum
1126 2146 1187 2167 suo
1204 2146 1251 2166 re-

241 2188 359 2226 gimini
379 2189 581 2226 pret'uimus,
606 2189 793 2224 honoravit,
814 2189 989 2219 studemus
1020 2189 1078 2219 illa
1105 2191 1250 2229 cogitare

242 2243 352 2271 mente
372 2242 465 2280 vigili
492 2251 529 2271 ac
556 2243 735 2280 exquirere
760 2242 873 2271 animo
896 2242 1089 2280 gratulanti,
1115 2243 1154 2273 de
1180 2243 1250 2281 qui-

241 2294 315 2331 bus,
334 2295 373 2324 ad
386 2295 527 2333 gloriam
552 2295 658 2325 divini
677 2295 824 2324 nominis
842 2297 873 2325 et
895 2296 1005 2325 anime
1024 2298 1137 2326 nostre
1164 2296 1252 2326 salu-

242 2349 320 2382 tem,
335 2348 441 2386 possit
458 2348 566 2378 eidem
584 2348 725 2378 ecclesie
742 2348 847 2378 honor
864 2350 895 2378 et
914 2348 1045 2378 utilitas
1060 2350 1249 2387 provenire.

241 2401 327 2430 Hinc
351 2402 400 2430 est
419 2400 508 2439 quod
528 2409 599 2435 nos,
626 2401 826 2431 auctoritate
846 2401 1055 2431 sanctissimi
1072 2403 1180 2440 patris
1198 2403 1253 2433 do-

242 2454 325 2483 mini
354 2453 481 2484 Urbani
512 2462 597 2492 pape
618 2448 705 2490 lIlli,
727 2462 828 2492 quam
853 2454 925 2493 ipse
950 2454 1135 2485 venerabili
1164 2456 1251 2494 patri

242 2507 377 2537 domino
397 2530 416 2536 ..
438 2507 596 2545 episcopo
620 2507 825 2544 Tusculano,
846 2510 1026 2546 antequam
1047 2508 1088 2538 ab
1109 2509 1253 2540 ecclesia

242 2560 391 2599 predicta
410 2560 565 2590 translati
583 2569 737 2591 essemus
755 2561 795 2590 ad
817 2561 996 2592 ecclesiam
1010 2561 1250 2600 Albanensem,

243 2615 376 2643 nomine
396 2614 523 2645 nostro.
550 2613 698 2649 tradidit,
718 2614 749 2644 et
775 2613 874 2644 nobis
895 2615 1031 2645 oraculo
1058 2615 1130 2646 vice
1147 2615 1252 2649 vocis,

243 2669 317 2705 post
333 2666 588 2696 translationem
600 2666 805 2705 hujusmodi,
817 2667 890 2706 ipso
909 2667 1042 2698 domino
1061 2668 1254 2700 Tusculano

243 2721 409 2758 presente,
440 2719 594 2758 diligenti
624 2728 756 2758 quoque
789 2719 1032 2751 deliberatione
1066 2721 1251 2760 prehabsta,

245 2772 439 2802 ordinamus
456 2773 544 2811 quod
564 2773 596 2802 in
622 2773 694 2811 ipsa
724 2773 922 2804 Ebroieensi
941 2774 1083 2805 ecclesia
1101 2783 1159 2813 per
1180 2783 1254 2813 nos,

245 2824 303 2854 hac
322 2825 404 2860 vice,
421 2834 456 2855 ac
473 2825 630 2864 deinceps
649 2834 706 2864 per
726 2825 964 2857 Ebroicensem
980 2827 1176 2866 episcopum
1196 2829 1254 2867 qui

247 2886 305 2916 pro
329 2879 478 2916 tempore
503 2878 613 2914 tuerit,
635 2879 700 2908 duo
724 2879 945 2910 instituantur
970 2879 1172 2919 presbyteri,
1197 2881 1254 2920 qui

246 2930 402 2960 continue
421 2930 504 2960 inibi
533 2931 680 2961 residere
697 2934 726 2961 et
755 2931 846 2962 horis
873 2932 1037 2963 interesse
1069 2933 1252 2968 canonicis,

994 250 1238 281 REGISTRES
1262 249 1473 280 D'URBAIN
1497 250 1554 279 Iv.

1308 340 1345 363 ac
1362 341 1478 363 eorum
1494 333 1578 363 alter
1597 334 1631 363 in
1649 333 1811 363 honorem
1833 333 1985 372 Virginis
2002 333 2160 372 gloriose,
2179 336 2209 364 et
2231 336 2320 366 alius

1307 439 1342 468 in
1359 439 1466 477 capite
1490 439 1632 469 ecclesie
1651 441 1834 470 memorate
1855 442 1944 470 retro
1965 439 2103 470 chorum
2122 440 2227 470 situm
2245 448 2321 471 esse

1276 505 1278 521 1
1307 491 1506 528 dinoscitur,
1525 491 1695 522 celebrare
1715 491 1835 522 diebus
1854 492 2000 531 singulis
2024 494 2212 523 teneantur.
2228 493 2323 523 Uter-

1307 552 1372 582 que
1389 553 1467 574 vero
1485 544 1763 583 presbyterorum
1778 545 1932 583 ipsorum
1950 545 2128 575 duodecim
2146 545 2252 575 libras
2272 548 2322 575 tu-

1307 597 1503 628 ronensium
1521 598 1694 628 annuatim
1711 597 1858 634 habebit,
1876 597 1942 628 sibi
1957 606 2016 636 per
2033 598 2177 628 eundem
2196 598 2324 637 episco-

1307 658 1388 688 pum
1417 650 1456 680 de
1491 649 1658 681 fructibus
1703 651 1910 681 decimarum
1946 650 2119 681 novalium
2152 659 2236 689 quas
2263 659 2323 689 per

1307 703 1574 733 munificentiam
1597 704 1811 734 serenissimi
1831 703 1959 734 domini
1990 704 2041 740 L.,
2062 704 2152 743 regis
2178 704 2323 734 Franco-

1307 764 1383 786 rum
1414 755 1573 790 illustris‚
1600 758 1632 787 et
1664 759 1816 787 nostram
1844 756 2047 787 industriam
2066 757 2320 796 acquisivimus,

1308 809 1442 847 quando
1457 809 1606 848 predicte
1621 817 1736 840 curam
1747 810 1889 840 ecclesie
1906 809 2119 848 gerebamus,
2135 809 2168 839 in
2180 809 2325 839 nemori-

1278 884 1279 887 *
1308 861 1371 892 bus
1387 862 1426 892 de
1446 862 1543 893 Valle
1568 862 1715 898 Redolii,
1734 862 1952 894 Ebroicensis
1972 862 2129 899 diocesis,
2147 871 2165 892 a
2182 862 2325 901 quadra-

1308 915 1402 953 ginta
1419 915 1516 945 annis
1533 917 1564 945 et
1581 916 1665 946 citra
1684 915 1829 946 redactis
1844 917 1876 946 et
1890 916 2083 954 redigendis
2099 915 2133 945 in
2149 917 2324 954 posterum

1309 968 1351 998 ad
1362 968 1542 1004 culturam,
1559 969 1658 1000 annis
1671 969 1830 1008 singulis,
1846 969 1879 999 in
1893 969 2048 999 terminis
2061 969 2118 1008 qui
2131 969 2173 999 ad
2184 968 2246 999 hoc
2257 970 2324 999 sta-

1308 1021 1374 1052 tut-i
1401 1021 1540 1059 fuerint,
1567 1022 1821 1061 persolvendos.
1848 1023 2006 1053 Preterea
2035 1045 2059 1052 ..
2090 1024 2253 1061 perpetuo
2278 1021 2325 1051 vi-

1309 1075 1400 1105 cario
1416 1074 1640 1114 parrochialis
1659 1075 1800 1106 ecclesie
1821 1075 1860 1106 de
1878 1075 2110 1106 Monte—aureo
2133 1083 2195 1105 sex
2217 1073 2324 1105 libras

1309 1128 1560 1165 turonensium,
1587 1129 1619 1159 et
1642 1152 1660 1157 ..
1686 1129 1812 1159 vicario
1834 1130 1997 1167 perpetuo
2022 1128 2247 1167 parrochialis
2273 1136 2324 1158 ec—

1310 1181 1412 1212 clesie
1443 1182 1482 1212 de
1516 1182 1612 1220 Haya
1636 1181 1840 1211 Male-herbe
1870 1184 2014 1220 quatuor
2041 1180 2146 1211 libras
2172 1180 2325 1219 eJusdem

1310 1236 1443 1265 monete
1474 1235 1514 1264 de
1540 1234 1707 1264 fructibus
1741 1234 1908 1264 dictorum
1935 1234 2119 1267 novalium,
2138 1234 2167 1264 si
2192 1235 2325 1264 tantum

1310 1287 1400 1317 ultra
1413 1287 1583 1326 predictas
1606 1287 1727 1326 viginti
1744 1289 1889 1326 quatuor
1912 1286 2019 1317 libras
2049 1287 2178 1317 fructus
2202 1286 2269 1325 ipsi
2289 1294 2325 1317 se

1310 1340 1443 1378 possint
1459 1340 1652 1374 extendere,
1674 1339 1826 1378 alioquin
1851 1339 1890 1370 de
1911 1342 2026 1369 nostro
2048 1340 2196 1378 proprio,
2224 1347 2326 1378 quan-

1310 1393 1367 1423 diu
1398 1393 1599 1429 vixerimus,
1632 1393 1721 1431 quod
1755 1393 1875 1423 exinde
1909 1393 2065 1428 defuerit,
2102 1401 2161 1431 per
2192 1394 2325 1422 tantum

1309 1446 1474 1485 temporis
1499 1446 1651 1485 suppleri
1668 1446 1839 1481 volumus,
1866 1446 1970 1476 donec
1992 1446 2095 1476 iidem
2122 1445 2252 1476 fructus
2271 1454 2326 1475 us-

1310 1508 1374 1538 que
1391 1499 1432 1530 ad
1448 1499 1598 1530 valorem
1617 1507 1767 1529 annuum
1785 1499 2015 1538 predictarum
2037 1498 2157 1538 viginti
2181 1498 2326 1537 quatuor

1310 1555 1341 1583 et
1361 1553 1474 1583 decem
1492 1552 1657 1583 librarum
1681 1554 1888 1588 excrescant,
1911 1552 2074 1583 duximus
2101 1551 2323 1590 deputandas,

1310 1607 1523 1637 reservantes
1549 1605 1660 1642 nobis,
1693 1605 1762 1636 vita
1788 1605 1909 1636 comite
1937 1608 1967 1636 et
2000 1605 2116 1635 divina
2143 1605 2325 1635 clementia

1310 1660 1526 1698 suffragante,
1543 1659 1700 1690 ordinare
1713 1667 1874 1698 processu
1892 1658 2057 1698 temporis
2071 1658 2111 1689 de
2130 1666 2325 1697 supercres-

1309 1712 1463 1743 centibus
1493 1711 1659 1742 fructibus
1685 1711 1823 1751 triginta
1849 1713 1993 1751 quatuor
2017 1710 2124 1741 libras
2153 1711 2326 1742 novalium

1309 1765 1549 1804 predictorum,
1570 1767 1669 1803 prout
1696 1764 1881 1795 viderimus
1909 1764 2078 1803 expedire.
2106 1764 2226 1798 Porro,
2246 1772 2327 1803 quo·

1309 1819 1398 1849 tiens
1420 1817 1528 1848 dictos
1551 1817 1770 1856 presbyteros
1799 1817 1850 1848 vel
1881 1818 2026 1848 alterum
2057 1816 2253 1848 eorumdem
2275 1824 2327 1847 ce-

1309 1872 1387 1902 dere
1405 1871 1594 1910 contigerit‚
1613 1871 1828 1910 supradictus
1841 1871 2034 1910 episeopus,
2049 1870 2122 1901 loco
2136 1870 2328 1901 cedentium

1310 1925 1362 1955 vel
1389 1924 1623 1956 decedentium
1649 1925 1705 1954 aut
1737 1924 1887 1955 cedentis
1910 1923 1963 1954 vel
1989 1923 2194 1960 decedentis,
2222 1923 2328 1954 alium

1310 1980 1367 2009 ant
1397 1977 1483 2008 alios
1517 1977 1714 2014 substituat,
1736 1977 1793 2016 qui
1824 1976 2020 2015 hujusmodi
2051 1977 2235 2007 missarum
2263 1976 2329 2007 sol-

1310 2031 1459 2070 lempnia
1474 2031 1595 2066 sciant,
1614 2030 1720 2060 velint
1737 2031 1769 2060 et
1783 2029 1929 2065 valeant,
1942 2030 2040 2068 Juxta
2054 2029 2259 2068 premissam
2275 2038 2327 2059 or—

1311 2084 1517 2115 dinationem
1532 2085 1696 2116 nostram,
1715 2082 1838 2113 cotidie
1853 2082 2035 2113 celebrare.
2051 2081 2238 2113 Presbiteri
2250 2090 2329 2113 vero

1311 2137 1502 2175 hujusmodi
1520 2145 1580 2166 suo
1606 2136 1741 2174 proprio
1765 2137 1958 2175 juramento
1978 2136 2010 2165 in
2038 2135 2254 2166 institutione
2271 2136 2329 2166 fir-

1311 2190 1463 2225 mabunt,
1483 2190 1571 2228 quod
1590 2190 1623 2219 in
1641 2189 1757 2219 eadem
1777 2189 1920 2219 ecclesia
1938 2189 2096 2219 omnibus
2117 2189 2210 2219 horis
2230 2198 2328 2220 cano-

1312 2243 1409 2279 nicis,
1426 2242 1479 2272 vel
1499 2243 1620 2272 saltem
1641 2242 1831 2278 matutinis,
1853 2242 1974 2280 majori
1994 2242 2102 2272 missa
2117 2244 2150 2273 et
2177 2242 2331 2281 vesperis

1312 2295 1537 2335 personaliter
1552 2295 1751 2330 intererunt,
1776 2295 1842 2325 nisi
1863 2295 1979 2325 forsan
1999 2296 2137 2334 propter
2152 2295 2332 2326 infirmita·

1314 2351 1379 2379 tem
1396 2349 1449 2379 vel
1468 2348 1570 2379 aliam
1596 2357 1731 2379 causam
1756 2348 1995 2382 sufficientem,
2021 2348 2198 2379 honestam
2221 2349 2253 2379 et
2278 2356 2332 2379 ne·

1313 2402 1508 2437 cessariam,
1528 2410 1587 2440 per
1605 2410 1706 2440 quam
1727 2401 1877 2440 legitime
1896 2410 1998 2440 super
2019 2401 2081 2432 hoc
2100 2401 2257 2432 excusari
2276 2409 2332 2432 va-

1313 2456 1415 2492 leant,
1430 2455 1555 2486 fuerint
1577 2454 1744 2494 impediti.
1764 2454 1860 2490 Quod
1886 2455 1914 2484 si
1932 2454 2028 2491 forte,
2047 2455 2186 2485 vacante
2202 2454 2332 2494 episco—

1314 2509 1382 2548 pali
1408 2508 1487 2538 sede
1515 2508 1625 2547 ipsius
1649 2507 1802 2544 ecclesie,
1830 2507 1910 2538 dicti
1930 2506 2111 2546 presbiteri
2138 2507 2190 2538 vel
2211 2515 2330 2538 eorum

1314 2561 1399 2592 alter
1422 2561 1587 2592 cesserint
1607 2561 1661 2591 vel
1678 2561 1886 2591 decesserint
1913 2560 2164 2600 quoquomodo,
2183 2560 2331 2591 decanus

1315 2617 1347 2645 et
1365 2614 1552 2653 capitulum
1569 2614 1721 2653 ejusdem
1750 2613 1891 2644 ecclesie
1919 2613 2126 2653 supplebunt
2145 2621 2247 2653 super
2263 2612 2330 2644 hiis

1314 2667 1405 2698 vices
1424 2667 1588 2706 episcopi,
1609 2675 1647 2698 ea
1665 2667 1748 2697 vice.
1766 2667 1801 2697 Si
1819 2668 1932 2697 autem
1954 2667 2025 2697 loca
2051 2665 2331 2705 presbyterorum

1315 2721 1480 2760 ipsorum,
1505 2728 1565 2751 seu
1598 2720 1692 2751 locus
1724 2719 1866 2750 alterius
1887 2719 2040 2758 ipsorum
2069 2728 2129 2759 per
2149 2719 2328 2759 utriusque

1315 2774 1367 2805 vel
1386 2774 1487 2804 unius
1518 2782 1558 2804 ex
1588 2773 1638 2804 eis
1658 2775 1801 2804 mortem
1829 2781 1888 2803 seu
1919 2773 2105 2803 cessionem
2123 2772 2329 2809 vacaverint,

1315 2829 1347 2858 et
1368 2827 1456 2857 idem
1485 2826 1665 2865 episcopus
1689 2834 1707 2856 a
1730 2827 1881 2865 tempore
1909 2834 1975 2865 quo
1996 2825 2062 2856 sibi
2085 2825 2124 2856 de
2150 2825 2208 2855 tali
2237 2834 2332 2856 vaca-

1315 2881 1405 2911 tione
1422 2880 1622 2910 constiterit.
1646 2879 1820 2918 negligens
1844 2880 1900 2909 aut
1925 2879 2091 2909 remissus
2111 2878 2211 2909 fuerit
2241 2879 2330 2910 ultra

1304 2942 1475 2968 mensem,
1493 2933 1583 2972 quod
1611 2931 1711 2969 absit,
1733 2931 1927 2971 hujusmodi
1953 2930 2151 2962 substitutio
2178 2931 2236 2962 illa
2256 2933 2328 2963 vice
