<?xml version="1.0" encoding="UTF-8"?>
<!DOCTYPE html PUBLIC "-//W3C//DTD XHTML 1.0 Transitional//EN"
    "http://www.w3.org/TR/xhtml1/DTD/xhtml1-transitional.dtd">
<html xmlns="http://www.w3.org/1999/xhtml" xml:lang="en" lang="en">
 <head>
  <title>
</title>
<meta http-equiv="Content-Type" content="text/html;charset=utf-8" />
  <meta name='ocr-system' content='tesseract 3.04.00' />
  <meta name='ocr-capabilities' content='ocr_page ocr_carea ocr_par ocr_line ocrx_word'/>
</head>
<body>
  <div class='ocr_page' id='page_1' title='image "./lesregistresdurb12cath/lesregistresdurb12cath_0107.png"; bbox 0 0 2547 3289; ppageno 0'>
   <div class='ocr_carea' id='block_1_1' title="bbox 1138 245 1436 275">
    <p class='ocr_par' dir='ltr' id='par_1_1' title="bbox 1138 245 1436 275">
     <span class='ocr_line' id='line_1_1' title="bbox 1138 245 1436 275; baseline 0 0"><span class='ocrx_word' id='word_1_1' title='bbox 1138 245 1354 275; x_wconf 71' lang='lat' dir='ltr'>D‘URBAIN</span> <span class='ocrx_word' id='word_1_2' title='bbox 1377 245 1436 275; x_wconf 76' lang='lat' dir='ltr'>IV.</span> 
     </span>
    </p>
   </div>
   <div class='ocr_carea' id='block_1_2' title="bbox 252 327 1293 378">
    <p class='ocr_par' dir='ltr' id='par_1_2' title="bbox 252 327 1293 378">
     <span class='ocr_line' id='line_1_2' title="bbox 252 327 1293 378; baseline 0 -21"><span class='ocrx_word' id='word_1_3' title='bbox 252 327 355 358; x_wconf 83' lang='lat' dir='ltr'>nichil</span> <span class='ocrx_word' id='word_1_4' title='bbox 388 327 523 366; x_wconf 86' lang='lat' dir='ltr'>penitus</span> <span class='ocrx_word' id='word_1_5' title='bbox 550 327 744 365; x_wconf 74' lang='lat' dir='ltr'>impetrare,</span> <span class='ocrx_word' id='word_1_6' title='bbox 774 336 833 357; x_wconf 89' lang='lat' dir='ltr'>nec</span> <span class='ocrx_word' id='word_1_7' title='bbox 858 328 908 358; x_wconf 88' lang='lat' dir='ltr'>uti</span> <span class='ocrx_word' id='word_1_8' title='bbox 937 328 1038 358; x_wconf 87' lang='lat' dir='ltr'>etiam</span> <span class='ocrx_word' id='word_1_9' title='bbox 1068 328 1260 366; x_wconf 85' lang='lat' dir='ltr'>impetratis</span> <span class='ocrx_word' id='word_1_10' title='bbox 1290 332 1293 378; x_wconf 27' lang='lat'>¹¹</span> 
     </span>
    </p>
   </div>
   <div class='ocr_carea' id='block_1_3' title="bbox 250 380 1263 841">
    <p class='ocr_par' dir='ltr' id='par_1_3' title="bbox 250 380 1263 841">
     <span class='ocr_line' id='line_1_3' title="bbox 253 380 1262 411; baseline 0 -1"><span class='ocrx_word' id='word_1_11' title='bbox 253 381 319 410; x_wconf 90' lang='lat' dir='ltr'>nisi</span> <span class='ocrx_word' id='word_1_12' title='bbox 346 389 407 411; x_wconf 88' lang='lat' dir='ltr'>nos</span> <span class='ocrx_word' id='word_1_13' title='bbox 436 380 551 410; x_wconf 80' lang='lat' dir='ltr'>forsan</span> <span class='ocrx_word' id='word_1_14' title='bbox 576 382 607 410; x_wconf 89' lang='lat' dir='ltr'>te</span> <span class='ocrx_word' id='word_1_15' title='bbox 634 389 829 410; x_wconf 74' lang='lat' dir='ltr'>curaremus</span> <span class='ocrx_word' id='word_1_16' title='bbox 858 381 891 410; x_wconf 92' lang='lat' dir='ltr'>in</span> <span class='ocrx_word' id='word_1_17' title='bbox 917 381 1043 411; x_wconf 90' lang='lat' dir='ltr'>nostris</span> <span class='ocrx_word' id='word_1_18' title='bbox 1068 381 1191 410; x_wconf 77' lang='lat' dir='ltr'>officiis</span> <span class='ocrx_word' id='word_1_19' title='bbox 1214 389 1262 410; x_wconf 90' lang='lat' dir='ltr'>re-</span> 
     </span>
     <span class='ocr_line' id='line_1_4' title="bbox 251 433 1261 467; baseline -0.002 -3"><span class='ocrx_word' id='word_1_20' title='bbox 251 434 370 464; x_wconf 87' lang='lat' dir='ltr'>tinere.</span> <span class='ocrx_word' id='word_1_21' title='bbox 391 434 495 463; x_wconf 86' lang='lat' dir='ltr'>Porro</span> <span class='ocrx_word' id='word_1_22' title='bbox 516 442 577 463; x_wconf 84' lang='lat' dir='ltr'>nos</span> <span class='ocrx_word' id='word_1_23' title='bbox 597 435 629 463; x_wconf 89' lang='lat' dir='ltr'>te</span> <span class='ocrx_word' id='word_1_24' title='bbox 656 433 753 463; x_wconf 88' lang='lat' dir='ltr'>nobis</span> <span class='ocrx_word' id='word_1_25' title='bbox 771 435 801 463; x_wconf 88' lang='lat' dir='ltr'>et</span> <span class='ocrx_word' id='word_1_26' title='bbox 823 434 942 464; x_wconf 83' lang='lat' dir='ltr'>dilecto</span> <span class='ocrx_word' id='word_1_27' title='bbox 966 434 1035 463; x_wconf 86' lang='lat' dir='ltr'>filio</span> <span class='ocrx_word' id='word_1_28' title='bbox 1063 435 1180 464; x_wconf 87' lang='lat' dir='ltr'>nostro</span> <span class='ocrx_word' id='word_1_29' title='bbox 1209 434 1261 467; x_wconf 55' lang='lat' dir='ltr'>A„</span> 
     </span>
     <span class='ocr_line' id='line_1_5' title="bbox 251 485 1263 523; baseline -0.002 -7"><span class='ocrx_word' id='word_1_30' title='bbox 251 486 342 517; x_wconf 90' lang='lat' dir='ltr'>tituli</span> <span class='ocrx_word' id='word_1_31' title='bbox 363 487 476 515; x_wconf 84' lang='lat' dir='ltr'>sancte</span> <span class='ocrx_word' id='word_1_32' title='bbox 500 485 666 515; x_wconf 83' lang='lat' dir='ltr'>Praxedis</span> <span class='ocrx_word' id='word_1_33' title='bbox 694 485 881 523; x_wconf 72' lang='lat' dir='ltr'>presbitero</span> <span class='ocrx_word' id='word_1_34' title='bbox 907 485 1082 520; x_wconf 75' lang='lat' dir='ltr'>cardinali,</span> <span class='ocrx_word' id='word_1_35' title='bbox 1110 485 1263 515; x_wconf 69' lang='lat' dir='ltr'>volentes</span> 
     </span>
     <span class='ocr_line' id='line_1_6' title="bbox 252 538 1263 577; baseline -0.002 -8"><span class='ocrx_word' id='word_1_36' title='bbox 252 538 405 577; x_wconf 86' lang='lat' dir='ltr'>obsequi,</span> <span class='ocrx_word' id='word_1_37' title='bbox 424 539 561 576; x_wconf 88' lang='lat' dir='ltr'>propter</span> <span class='ocrx_word' id='word_1_38' title='bbox 577 538 635 568; x_wconf 75' lang='lat' dir='ltr'>hoc</span> <span class='ocrx_word' id='word_1_39' title='bbox 656 540 687 568; x_wconf 91' lang='lat' dir='ltr'>te</span> <span class='ocrx_word' id='word_1_40' title='bbox 707 538 740 567; x_wconf 90' lang='lat' dir='ltr'>in</span> <span class='ocrx_word' id='word_1_41' title='bbox 759 539 852 568; x_wconf 89' lang='lat' dir='ltr'>curia</span> <span class='ocrx_word' id='word_1_42' title='bbox 874 540 988 567; x_wconf 82' lang='lat' dir='ltr'>nostra</span> <span class='ocrx_word' id='word_1_43' title='bbox 1005 538 1166 567; x_wconf 75' lang='lat' dir='ltr'>duximus</span> <span class='ocrx_word' id='word_1_44' title='bbox 1186 538 1263 567; x_wconf 90' lang='lat' dir='ltr'>reti-</span> 
     </span>
     <span class='ocr_line' id='line_1_7' title="bbox 251 590 1263 629; baseline -0.002 -8"><span class='ocrx_word' id='word_1_45' title='bbox 251 591 409 622; x_wconf 87' lang='lat' dir='ltr'>nendum.</span> <span class='ocrx_word' id='word_1_46' title='bbox 435 592 475 621; x_wconf 83' lang='lat' dir='ltr'>Et</span> <span class='ocrx_word' id='word_1_47' title='bbox 493 591 570 621; x_wconf 84' lang='lat' dir='ltr'>licet</span> <span class='ocrx_word' id='word_1_48' title='bbox 596 593 670 621; x_wconf 84' lang='lat' dir='ltr'>ante</span> <span class='ocrx_word' id='word_1_49' title='bbox 697 591 758 621; x_wconf 84' lang='lat' dir='ltr'>hoc</span> <span class='ocrx_word' id='word_1_50' title='bbox 783 591 916 629; x_wconf 83' lang='lat' dir='ltr'>aliquas</span> <span class='ocrx_word' id='word_1_51' title='bbox 936 599 996 628; x_wconf 82' lang='lat' dir='ltr'>pro</span> <span class='ocrx_word' id='word_1_52' title='bbox 1022 592 1053 620; x_wconf 88' lang='lat' dir='ltr'>te</span> <span class='ocrx_word' id='word_1_53' title='bbox 1073 591 1124 620; x_wconf 79' lang='lat' dir='ltr'>vel</span> <span class='ocrx_word' id='word_1_54' title='bbox 1150 590 1228 619; x_wconf 88' lang='lat' dir='ltr'>aliis</span> <span class='ocrx_word' id='word_1_55' title='bbox 1245 599 1263 619; x_wconf 91' lang='lat' dir='ltr'>a</span> 
     </span>
     <span class='ocr_line' id='line_1_8' title="bbox 252 643 1262 682; baseline -0.003 -8"><span class='ocrx_word' id='word_1_56' title='bbox 252 644 350 675; x_wconf 86' lang='lat' dir='ltr'>nobis</span> <span class='ocrx_word' id='word_1_57' title='bbox 371 644 503 674; x_wconf 79' lang='lat' dir='ltr'>litteras</span> <span class='ocrx_word' id='word_1_58' title='bbox 529 644 581 674; x_wconf 79' lang='lat' dir='ltr'>vel</span> <span class='ocrx_word' id='word_1_59' title='bbox 604 645 784 682; x_wconf 77' lang='lat' dir='ltr'>quicquam</span> <span class='ocrx_word' id='word_1_60' title='bbox 804 644 896 673; x_wconf 85' lang='lat' dir='ltr'>aliud</span> <span class='ocrx_word' id='word_1_61' title='bbox 916 645 948 673; x_wconf 86' lang='lat' dir='ltr'>te</span> <span class='ocrx_word' id='word_1_62' title='bbox 970 652 1036 673; x_wconf 91' lang='lat' dir='ltr'>non</span> <span class='ocrx_word' id='word_1_63' title='bbox 1061 643 1262 681; x_wconf 72' lang='lat' dir='ltr'>impetrasse</span> 
     </span>
     <span class='ocr_line' id='line_1_9' title="bbox 251 695 1262 736; baseline -0.003 -9"><span class='ocrx_word' id='word_1_64' title='bbox 251 706 431 736; x_wconf 76' lang='lat' dir='ltr'>proponas,</span> <span class='ocrx_word' id='word_1_65' title='bbox 449 697 528 736; x_wconf 88' lang='lat' dir='ltr'>quia</span> <span class='ocrx_word' id='word_1_66' title='bbox 559 699 671 727; x_wconf 88' lang='lat' dir='ltr'>tamen</span> <span class='ocrx_word' id='word_1_67' title='bbox 695 696 911 735; x_wconf 89' lang='lat' dir='ltr'>postmodum</span> <span class='ocrx_word' id='word_1_68' title='bbox 938 705 956 725; x_wconf 91' lang='lat' dir='ltr'>a</span> <span class='ocrx_word' id='word_1_69' title='bbox 982 695 1080 725; x_wconf 85' lang='lat' dir='ltr'>nobis</span> <span class='ocrx_word' id='word_1_70' title='bbox 1109 696 1262 725; x_wconf 77' lang='lat' dir='ltr'>diversas</span> 
     </span>
     <span class='ocr_line' id='line_1_10' title="bbox 250 749 1262 788; baseline -0.001 -9"><span class='ocrx_word' id='word_1_71' title='bbox 250 749 650 788; x_wconf 62' lang='grc'>11110105,110110111151101</span> <span class='ocrx_word' id='word_1_72' title='bbox 674 749 808 778; x_wconf 76' lang='lat' dir='ltr'>dubitas</span> <span class='ocrx_word' id='word_1_73' title='bbox 833 757 875 778; x_wconf 89' lang='lat' dir='ltr'>an</span> <span class='ocrx_word' id='word_1_74' title='bbox 897 757 957 786; x_wconf 86' lang='lat' dir='ltr'>pro</span> <span class='ocrx_word' id='word_1_75' title='bbox 976 758 1014 778; x_wconf 86' lang='lat' dir='ltr'>eo</span> <span class='ocrx_word' id='word_1_76' title='bbox 1035 749 1123 786; x_wconf 87' lang='lat' dir='ltr'>quod</span> <span class='ocrx_word' id='word_1_77' title='bbox 1147 750 1178 778; x_wconf 89' lang='lat' dir='ltr'>te</span> <span class='ocrx_word' id='word_1_78' title='bbox 1202 757 1262 787; x_wconf 87' lang='lat' dir='ltr'>pro</span> 
     </span>
     <span class='ocr_line' id='line_1_11' title="bbox 250 801 1263 841; baseline -0.002 -9"><span class='ocrx_word' id='word_1_79' title='bbox 250 803 445 841; x_wconf 85' lang='lat' dir='ltr'>hujusmodi</span> <span class='ocrx_word' id='word_1_80' title='bbox 462 803 636 841; x_wconf 88' lang='lat' dir='ltr'>obsequiis</span> <span class='ocrx_word' id='word_1_81' title='bbox 650 801 863 831; x_wconf 86' lang='lat' dir='ltr'>retinendum</span> <span class='ocrx_word' id='word_1_82' title='bbox 880 801 1052 837; x_wconf 76' lang='lat' dir='ltr'>duximus,</span> <span class='ocrx_word' id='word_1_83' title='bbox 1070 802 1111 831; x_wconf 87' lang='lat' dir='ltr'>ad</span> <span class='ocrx_word' id='word_1_84' title='bbox 1125 801 1263 839; x_wconf 77' lang='lat' dir='ltr'>aliquod</span> 
     </span>
    </p>
   </div>
   <div class='ocr_carea' id='block_1_4' title="bbox 2294 247 2345 277">
    <p class='ocr_par' dir='ltr' id='par_1_4' title="bbox 2294 247 2345 277">
     <span class='ocr_line' id='line_1_12' title="bbox 2294 247 2345 277; baseline -0.059 0"><span class='ocrx_word' id='word_1_85' title='bbox 2294 247 2345 277; x_wconf 24' lang='grc'>95,</span> 
     </span>
    </p>
   </div>
   <div class='ocr_carea' id='block_1_5' title="bbox 1323 327 2331 420">
    <p class='ocr_par' dir='ltr' id='par_1_5' title="bbox 1323 327 2331 420">
     <span class='ocr_line' id='line_1_13' title="bbox 1323 327 2331 368; baseline 0.004 -11"><span class='ocrx_word' id='word_1_86' title='bbox 1323 328 1363 357; x_wconf 87' lang='lat' dir='ltr'>ad</span> <span class='ocrx_word' id='word_1_87' title='bbox 1392 328 1425 357; x_wconf 90' lang='lat' dir='ltr'>id</span> <span class='ocrx_word' id='word_1_88' title='bbox 1448 336 1482 357; x_wconf 85' lang='lat' dir='ltr'>se</span> <span class='ocrx_word' id='word_1_89' title='bbox 1506 327 1648 357; x_wconf 72' lang='lat' dir='ltr'>facultas</span> <span class='ocrx_word' id='word_1_90' title='bbox 1675 328 1845 364; x_wconf 84' lang='lat' dir='ltr'>obtulerit,</span> <span class='ocrx_word' id='word_1_91' title='bbox 1864 338 1923 367; x_wconf 81' lang='lat' dir='ltr'>pro</span> <span class='ocrx_word' id='word_1_92' title='bbox 1951 331 2066 359; x_wconf 85' lang='lat' dir='ltr'>nostra</span> <span class='ocrx_word' id='word_1_93' title='bbox 2091 331 2121 359; x_wconf 92' lang='lat' dir='ltr'>et</span> <span class='ocrx_word' id='word_1_94' title='bbox 2148 331 2331 368; x_wconf 82' lang='lat' dir='ltr'>apostolice</span> 
     </span>
     <span class='ocr_line' id='line_1_14' title="bbox 1324 381 2331 420; baseline 0.003 -10"><span class='ocrx_word' id='word_1_95' title='bbox 1324 381 1414 410; x_wconf 88' lang='lat' dir='ltr'>sedis</span> <span class='ocrx_word' id='word_1_96' title='bbox 1439 381 1626 410; x_wconf 79' lang='lat' dir='ltr'>reverentia</span> <span class='ocrx_word' id='word_1_97' title='bbox 1647 382 1822 420; x_wconf 76' lang='lat' dir='ltr'>providere</span> <span class='ocrx_word' id='word_1_98' title='bbox 1843 382 1978 417; x_wconf 86' lang='lat' dir='ltr'>curetis,</span> <span class='ocrx_word' id='word_1_99' title='bbox 2003 391 2068 412; x_wconf 90' lang='lat' dir='ltr'>non</span> <span class='ocrx_word' id='word_1_100' title='bbox 2094 382 2246 413; x_wconf 83' lang='lat' dir='ltr'>obstante</span> <span class='ocrx_word' id='word_1_101' title='bbox 2268 385 2331 413; x_wconf 85' lang='lat' dir='ltr'>sta-</span> 
     </span>
    </p>
   </div>
   <div class='ocr_carea' id='block_1_6' title="bbox 1291 428 2333 474">
    <p class='ocr_par' dir='ltr' id='par_1_6' title="bbox 1291 428 2333 474">
     <span class='ocr_line' id='line_1_15' title="bbox 1291 428 2333 474; baseline 0.004 -12"><span class='ocrx_word' id='word_1_102' title='bbox 1291 428 1293 448; x_wconf 61' lang='lat'>³</span> <span class='ocrx_word' id='word_1_103' title='bbox 1324 435 1393 463; x_wconf 82' lang='lat' dir='ltr'>tuto</span> <span class='ocrx_word' id='word_1_104' title='bbox 1410 434 1577 463; x_wconf 87' lang='lat' dir='ltr'>contrario</span> <span class='ocrx_word' id='word_1_105' title='bbox 1592 434 1701 471; x_wconf 86' lang='lat' dir='ltr'>ipsius</span> <span class='ocrx_word' id='word_1_106' title='bbox 1716 435 1867 470; x_wconf 69' lang='grc'>00010510,</span> <span class='ocrx_word' id='word_1_107' title='bbox 1884 435 2088 472; x_wconf 78' lang='lat' dir='ltr'>juramento,</span> <span class='ocrx_word' id='word_1_108' title='bbox 2109 435 2160 465; x_wconf 78' lang='lat' dir='ltr'>vel</span> <span class='ocrx_word' id='word_1_109' title='bbox 2178 445 2333 474; x_wconf 87' lang='lat' dir='ltr'>quacum-</span> 
     </span>
    </p>
   </div>
   <div class='ocr_carea' id='block_1_7' title="bbox 1325 486 2332 527">
    <p class='ocr_par' dir='ltr' id='par_1_7' title="bbox 1325 486 2332 527">
     <span class='ocr_line' id='line_1_16' title="bbox 1325 486 2332 527; baseline 0.005 -13"><span class='ocrx_word' id='word_1_110' title='bbox 1325 494 1388 524; x_wconf 88' lang='lat' dir='ltr'>que</span> <span class='ocrx_word' id='word_1_111' title='bbox 1418 486 1483 515; x_wconf 89' lang='lat' dir='ltr'>alia</span> <span class='ocrx_word' id='word_1_112' title='bbox 1509 486 1668 517; x_wconf 71' lang='lat' dir='ltr'>firmitate</span> <span class='ocrx_word' id='word_1_113' title='bbox 1697 487 1831 521; x_wconf 75' lang='lat' dir='ltr'>vallate,</span> <span class='ocrx_word' id='word_1_114' title='bbox 1857 497 1916 517; x_wconf 83' lang='grc'>5011</span> <span class='ocrx_word' id='word_1_115' title='bbox 1945 488 2095 526; x_wconf 85' lang='lat' dir='ltr'>qualibet</span> <span class='ocrx_word' id='word_1_116' title='bbox 2124 489 2332 527; x_wconf 76' lang='lat' dir='ltr'>indulgentia</span> 
     </span>
    </p>
   </div>
   <div class='ocr_carea' id='block_1_8' title="bbox 1292 538 2330 582">
    <p class='ocr_par' dir='ltr' id='par_1_8' title="bbox 1292 538 2330 582">
     <span class='ocr_line' id='line_1_17' title="bbox 1292 538 2330 582; baseline 0.005 -15"><span class='ocrx_word' id='word_1_117' title='bbox 1292 578 1293 582; x_wconf 14' lang='grc' dir='ltr'><strong>Ἰ</strong></span> <span class='ocrx_word' id='word_1_118' title='bbox 1324 538 1411 568; x_wconf 84' lang='grc'>111010</span> <span class='ocrx_word' id='word_1_119' title='bbox 1429 539 1518 567; x_wconf 84' lang='lat' dir='ltr'>sedis</span> <span class='ocrx_word' id='word_1_120' title='bbox 1532 548 1591 577; x_wconf 88' lang='lat' dir='ltr'>per</span> <span class='ocrx_word' id='word_1_121' title='bbox 1605 548 1704 577; x_wconf 86' lang='lat' dir='ltr'>quam</span> <span class='ocrx_word' id='word_1_122' title='bbox 1723 540 1755 569; x_wconf 86' lang='lat' dir='ltr'>id</span> <span class='ocrx_word' id='word_1_123' title='bbox 1772 541 1927 579; x_wconf 75' lang='lat' dir='ltr'>impediri</span> <span class='ocrx_word' id='word_1_124' title='bbox 1945 541 2051 570; x_wconf 69' lang='lat' dir='ltr'>valeat</span> <span class='ocrx_word' id='word_1_125' title='bbox 2071 542 2123 571; x_wconf 75' lang='lat' dir='ltr'>vel</span> <span class='ocrx_word' id='word_1_126' title='bbox 2140 542 2266 572; x_wconf 78' lang='lat' dir='ltr'>‹litl‘erri</span> <span class='ocrx_word' id='word_1_127' title='bbox 2282 560 2330 572; x_wconf 93' lang='lat'>—.</span> 
     </span>
    </p>
   </div>
   <div class='ocr_carea' id='block_1_9' title="bbox 251 846 1294 887">
    <p class='ocr_par' dir='ltr' id='par_1_9' title="bbox 251 846 1294 887">
     <span class='ocr_line' id='line_1_18' title="bbox 251 846 1294 887; baseline -0.001 -3"><span class='ocrx_word' id='word_1_128' title='bbox 251 855 401 884; x_wconf 85' lang='lat' dir='ltr'>officium</span> <span class='ocrx_word' id='word_1_129' title='bbox 432 854 555 884; x_wconf 79' lang='lat' dir='ltr'>debeas</span> <span class='ocrx_word' id='word_1_130' title='bbox 587 854 695 884; x_wconf 80' lang='lat' dir='ltr'>teneri</span> <span class='ocrx_word' id='word_1_131' title='bbox 732 853 914 887; x_wconf 81' lang='lat' dir='ltr'>admissus,</span> <span class='ocrx_word' id='word_1_132' title='bbox 954 853 1051 883; x_wconf 85' lang='lat' dir='ltr'>nobis</span> <span class='ocrx_word' id='word_1_133' title='bbox 1088 854 1263 884; x_wconf 81' lang='lat' dir='ltr'>humiliter</span> <span class='ocrx_word' id='word_1_134' title='bbox 1293 846 1294 851; x_wconf 40' lang='lat'>¹</span> 
     </span>
    </p>
   </div>
   <div class='ocr_carea' id='block_1_10' title="bbox 251 906 1262 945">
    <p class='ocr_par' dir='ltr' id='par_1_10' title="bbox 251 906 1262 945">
     <span class='ocr_line' id='line_1_19' title="bbox 251 906 1262 945; baseline -0.001 -8"><span class='ocrx_word' id='word_1_135' title='bbox 251 907 464 945; x_wconf 81' lang='lat' dir='ltr'>supplicasti,</span> <span class='ocrx_word' id='word_1_136' title='bbox 478 908 514 936; x_wconf 90' lang='lat' dir='ltr'>ut</span> <span class='ocrx_word' id='word_1_137' title='bbox 530 907 708 945; x_wconf 69' lang='lat' dir='ltr'>providere</span> <span class='ocrx_word' id='word_1_138' title='bbox 723 906 784 935; x_wconf 88' lang='lat' dir='ltr'>tibi</span> <span class='ocrx_word' id='word_1_139' title='bbox 802 914 903 944; x_wconf 86' lang='lat' dir='ltr'>super</span> <span class='ocrx_word' id='word_1_140' title='bbox 917 906 977 935; x_wconf 88' lang='lat' dir='ltr'>hoc</span> <span class='ocrx_word' id='word_1_141' title='bbox 995 906 1262 936; x_wconf 78' lang='lat' dir='ltr'>misericorditer</span> 
     </span>
    </p>
   </div>
   <div class='ocr_carea' id='block_1_11' title="bbox 251 958 1293 998">
    <p class='ocr_par' dir='ltr' id='par_1_11' title="bbox 251 958 1293 998">
     <span class='ocr_line' id='line_1_20' title="bbox 251 958 1293 998; baseline -0.001 -9"><span class='ocrx_word' id='word_1_142' title='bbox 251 960 478 998; x_wconf 77' lang='lat' dir='ltr'>dignaremur.</span> <span class='ocrx_word' id='word_1_143' title='bbox 498 960 569 989; x_wconf 86' lang='lat' dir='ltr'>Nos</span> <span class='ocrx_word' id='word_1_144' title='bbox 589 959 691 998; x_wconf 83' lang='lat' dir='ltr'>igitur</span> <span class='ocrx_word' id='word_1_145' title='bbox 709 958 901 989; x_wconf 87' lang='lat' dir='ltr'>libertatem</span> <span class='ocrx_word' id='word_1_146' title='bbox 915 958 1047 988; x_wconf 86' lang='lat' dir='ltr'>arbitrii</span> <span class='ocrx_word' id='word_1_147' title='bbox 1066 960 1126 995; x_wconf 89' lang='lat' dir='ltr'>tui,</span> <span class='ocrx_word' id='word_1_148' title='bbox 1148 968 1260 998; x_wconf 89' lang='lat' dir='ltr'>quam,</span> <span class='ocrx_word' id='word_1_149' title='bbox 1292 989 1293 992; x_wconf 61' lang='grc'>,</span> 
     </span>
    </p>
   </div>
   <div class='ocr_carea' id='block_1_12' title="bbox 247 1011 1262 1210">
    <p class='ocr_par' dir='ltr' id='par_1_12' title="bbox 247 1011 1262 1210">
     <span class='ocr_line' id='line_1_21' title="bbox 249 1011 1261 1051; baseline 0.001 -9"><span class='ocrx_word' id='word_1_150' title='bbox 249 1014 285 1043; x_wconf 83' lang='grc'>111</span> <span class='ocrx_word' id='word_1_151' title='bbox 309 1013 564 1051; x_wconf 75' lang='grc' dir='ltr'>Ρο1Ρο11111111115,</span> <span class='ocrx_word' id='word_1_152' title='bbox 585 1013 740 1042; x_wconf 77' lang='lat' dir='ltr'>coherces</span> <span class='ocrx_word' id='word_1_153' title='bbox 759 1013 800 1042; x_wconf 90' lang='lat' dir='ltr'>ad</span> <span class='ocrx_word' id='word_1_154' title='bbox 820 1011 945 1042; x_wconf 90' lang='lat' dir='ltr'>bonum</span> <span class='ocrx_word' id='word_1_155' title='bbox 962 1012 1091 1042; x_wconf 79' lang='lat' dir='ltr'>habena</span> <span class='ocrx_word' id='word_1_156' title='bbox 1110 1013 1261 1044; x_wconf 73' lang='lat' dir='ltr'>virtutis,</span> 
     </span>
     <span class='ocr_line' id='line_1_22' title="bbox 248 1065 1262 1105; baseline -0.002 -9"><span class='ocrx_word' id='word_1_157' title='bbox 248 1074 373 1105; x_wconf 87' lang='lat' dir='ltr'>ponere</span> <span class='ocrx_word' id='word_1_158' title='bbox 397 1066 548 1096; x_wconf 74' lang='lat' dir='ltr'>volentes</span> <span class='ocrx_word' id='word_1_159' title='bbox 570 1066 604 1095; x_wconf 87' lang='lat' dir='ltr'>in</span> <span class='ocrx_word' id='word_1_160' title='bbox 631 1067 714 1101; x_wconf 92' lang='grc'>11110,</span> <span class='ocrx_word' id='word_1_161' title='bbox 739 1065 808 1095; x_wconf 89' lang='grc'>11115</span> <span class='ocrx_word' id='word_1_162' title='bbox 835 1065 1143 1103; x_wconf 79' lang='lat' dir='ltr'>supplicationibus</span> <span class='ocrx_word' id='word_1_163' title='bbox 1167 1065 1262 1094; x_wconf 84' lang='lat' dir='ltr'>incli-</span> 
     </span>
     <span class='ocr_line' id='line_1_23' title="bbox 249 1118 1262 1157; baseline -0.001 -8"><span class='ocrx_word' id='word_1_164' title='bbox 249 1119 331 1155; x_wconf 87' lang='lat' dir='ltr'>nati,</span> <span class='ocrx_word' id='word_1_165' title='bbox 351 1121 383 1149; x_wconf 89' lang='lat' dir='ltr'>te</span> <span class='ocrx_word' id='word_1_166' title='bbox 407 1119 447 1149; x_wconf 90' lang='lat' dir='ltr'>ab</span> <span class='ocrx_word' id='word_1_167' title='bbox 467 1119 683 1149; x_wconf 77' lang='lat' dir='ltr'>observantia</span> <span class='ocrx_word' id='word_1_168' title='bbox 697 1119 879 1157; x_wconf 87' lang='lat' dir='ltr'>juramenti</span> <span class='ocrx_word' id='word_1_169' title='bbox 898 1118 1041 1156; x_wconf 86' lang='lat' dir='ltr'>predicti</span> <span class='ocrx_word' id='word_1_170' title='bbox 1065 1119 1262 1149; x_wconf 84' lang='lat' dir='ltr'>anctoritate</span> 
     </span>
     <span class='ocr_line' id='line_1_24' title="bbox 247 1171 1262 1210; baseline -0.002 -8"><span class='ocrx_word' id='word_1_171' title='bbox 247 1172 458 1210; x_wconf 83' lang='lat' dir='ltr'>presentium</span> <span class='ocrx_word' id='word_1_172' title='bbox 485 1173 519 1202; x_wconf 89' lang='lat' dir='ltr'>in</span> <span class='ocrx_word' id='word_1_173' title='bbox 545 1174 719 1210; x_wconf 87' lang='lat' dir='ltr'>posterum</span> <span class='ocrx_word' id='word_1_174' title='bbox 742 1171 903 1201; x_wconf 77' lang='lat' dir='ltr'>duximus</span> <span class='ocrx_word' id='word_1_175' title='bbox 931 1171 1187 1207; x_wconf 75' lang='lat' dir='ltr'>absolvendum,</span> <span class='ocrx_word' id='word_1_176' title='bbox 1211 1171 1262 1201; x_wconf 85' lang='lat' dir='ltr'>de-</span> 
     </span>
    </p>
   </div>
   <div class='ocr_carea' id='block_1_13' title="bbox 250 1224 1293 1263">
    <p class='ocr_par' dir='ltr' id='par_1_13' title="bbox 250 1224 1293 1263">
     <span class='ocr_line' id='line_1_25' title="bbox 250 1224 1293 1263; baseline -0.002 -8"><span class='ocrx_word' id='word_1_177' title='bbox 250 1225 417 1255; x_wconf 87' lang='lat' dir='ltr'>clarantes</span> <span class='ocrx_word' id='word_1_178' title='bbox 447 1227 479 1255; x_wconf 89' lang='lat' dir='ltr'>te</span> <span class='ocrx_word' id='word_1_179' title='bbox 511 1225 546 1254; x_wconf 92' lang='lat' dir='ltr'>in</span> <span class='ocrx_word' id='word_1_180' title='bbox 578 1225 815 1263; x_wconf 85' lang='lat' dir='ltr'>impetratione</span> <span class='ocrx_word' id='word_1_181' title='bbox 851 1224 1003 1262; x_wconf 85' lang='lat' dir='ltr'>predicta</span> <span class='ocrx_word' id='word_1_182' title='bbox 1032 1233 1093 1254; x_wconf 88' lang='lat' dir='ltr'>nec</span> <span class='ocrx_word' id='word_1_183' title='bbox 1127 1224 1262 1254; x_wconf 79' lang='lat' dir='ltr'>venisse</span> <span class='ocrx_word' id='word_1_184' title='bbox 1292 1233 1293 1236; x_wconf 52' lang='lat'>¹</span> 
     </span>
    </p>
   </div>
   <div class='ocr_carea' id='block_1_14' title="bbox 247 1278 1265 1899">
    <p class='ocr_par' dir='ltr' id='par_1_14' title="bbox 247 1278 1265 1899">
     <span class='ocr_line' id='line_1_26' title="bbox 249 1278 1262 1317; baseline -0.002 -8"><span class='ocrx_word' id='word_1_185' title='bbox 249 1280 365 1309; x_wconf 86' lang='lat' dir='ltr'>contra</span> <span class='ocrx_word' id='word_1_186' title='bbox 378 1279 609 1317; x_wconf 71' lang='lat' dir='ltr'>jin-amentum</span> <span class='ocrx_word' id='word_1_187' title='bbox 625 1278 825 1316; x_wconf 80' lang='lat' dir='ltr'>predictum,</span> <span class='ocrx_word' id='word_1_188' title='bbox 843 1286 902 1307; x_wconf 89' lang='grc'>1100</span> <span class='ocrx_word' id='word_1_189' title='bbox 926 1286 1047 1316; x_wconf 90' lang='lat' dir='ltr'>penam</span> <span class='ocrx_word' id='word_1_190' title='bbox 1065 1278 1262 1307; x_wconf 88' lang='lat' dir='ltr'>canonicam</span> 
     </span>
     <span class='ocr_line' id='line_1_27' title="bbox 250 1331 1260 1369; baseline 0 -8"><span class='ocrx_word' id='word_1_191' title='bbox 250 1332 307 1362; x_wconf 82' lang='lat' dir='ltr'>aut</span> <span class='ocrx_word' id='word_1_192' title='bbox 324 1334 438 1361; x_wconf 88' lang='lat' dir='ltr'>notam</span> <span class='ocrx_word' id='word_1_193' title='bbox 465 1331 609 1369; x_wconf 90' lang='lat' dir='ltr'>alicujus</span> <span class='ocrx_word' id='word_1_194' title='bbox 632 1331 771 1361; x_wconf 88' lang='lat' dir='ltr'>infamie</span> <span class='ocrx_word' id='word_1_195' title='bbox 796 1331 1012 1369; x_wconf 88' lang='lat' dir='ltr'>aliquatenus</span> <span class='ocrx_word' id='word_1_196' title='bbox 1037 1331 1260 1367; x_wconf 78' lang='lat' dir='ltr'>contraxisse,</span> 
     </span>
     <span class='ocr_line' id='line_1_28' title="bbox 248 1384 1262 1423; baseline -0.001 -9"><span class='ocrx_word' id='word_1_197' title='bbox 248 1393 286 1415; x_wconf 84' lang='lat' dir='ltr'>ac</span> <span class='ocrx_word' id='word_1_198' title='bbox 312 1385 550 1423; x_wconf 80' lang='lat' dir='ltr'>dispensantes</span> <span class='ocrx_word' id='word_1_199' title='bbox 582 1387 692 1414; x_wconf 85' lang='lat' dir='ltr'>tecum</span> <span class='ocrx_word' id='word_1_200' title='bbox 725 1393 827 1423; x_wconf 88' lang='lat' dir='ltr'>super</span> <span class='ocrx_word' id='word_1_201' title='bbox 856 1384 922 1414; x_wconf 89' lang='lat' dir='ltr'>hiis</span> <span class='ocrx_word' id='word_1_202' title='bbox 948 1384 1192 1414; x_wconf 81' lang='lat' dir='ltr'>nichilominus</span> <span class='ocrx_word' id='word_1_203' title='bbox 1222 1384 1262 1413; x_wconf 88' lang='lat' dir='ltr'>ad</span> 
     </span>
     <span class='ocr_line' id='line_1_29' title="bbox 248 1437 1259 1476; baseline 0 -9"><span class='ocrx_word' id='word_1_204' title='bbox 248 1438 412 1468; x_wconf 82' lang='lat' dir='ltr'>cautelam</span> <span class='ocrx_word' id='word_1_205' title='bbox 430 1446 471 1467; x_wconf 89' lang='grc'>00</span> <span class='ocrx_word' id='word_1_206' title='bbox 491 1437 568 1476; x_wconf 86' lang='lat' dir='ltr'>quis</span> <span class='ocrx_word' id='word_1_207' title='bbox 591 1446 723 1467; x_wconf 87' lang='lat' dir='ltr'>morsus</span> <span class='ocrx_word' id='word_1_208' title='bbox 743 1437 776 1467; x_wconf 90' lang='grc'>111</span> <span class='ocrx_word' id='word_1_209' title='bbox 795 1437 855 1467; x_wconf 86' lang='grc'>1100</span> <span class='ocrx_word' id='word_1_210' title='bbox 883 1438 1007 1467; x_wconf 87' lang='lat' dir='ltr'>famam</span> <span class='ocrx_word' id='word_1_211' title='bbox 1025 1438 1124 1467; x_wconf 88' lang='lat' dir='ltr'>tuam</span> <span class='ocrx_word' id='word_1_212' title='bbox 1144 1437 1259 1474; x_wconf 84' lang='lat' dir='ltr'>laniet,</span> 
     </span>
     <span class='ocr_line' id='line_1_30' title="bbox 247 1490 1262 1528; baseline -0.001 -8"><span class='ocrx_word' id='word_1_213' title='bbox 247 1490 301 1520; x_wconf 83' lang='lat' dir='ltr'>vel</span> <span class='ocrx_word' id='word_1_214' title='bbox 321 1499 494 1520; x_wconf 85' lang='lat' dir='ltr'>remorsus</span> <span class='ocrx_word' id='word_1_215' title='bbox 509 1490 634 1520; x_wconf 83' lang='lat' dir='ltr'>laceret</span> <span class='ocrx_word' id='word_1_216' title='bbox 651 1492 798 1520; x_wconf 87' lang='lat' dir='ltr'>mentem</span> <span class='ocrx_word' id='word_1_217' title='bbox 816 1492 920 1526; x_wconf 79' lang='lat' dir='ltr'>tuam,</span> <span class='ocrx_word' id='word_1_218' title='bbox 941 1499 1024 1520; x_wconf 86' lang='lat' dir='ltr'>neve</span> <span class='ocrx_word' id='word_1_219' title='bbox 1044 1499 1103 1528; x_wconf 88' lang='lat' dir='ltr'>per</span> <span class='ocrx_word' id='word_1_220' title='bbox 1117 1490 1178 1520; x_wconf 89' lang='lat' dir='ltr'>hoc</span> <span class='ocrx_word' id='word_1_221' title='bbox 1196 1490 1262 1519; x_wconf 86' lang='lat' dir='ltr'>sibi</span> 
     </span>
     <span class='ocr_line' id='line_1_31' title="bbox 248 1543 1263 1582; baseline 0 -9"><span class='ocrx_word' id='word_1_222' title='bbox 248 1544 326 1582; x_wconf 85' lang='lat' dir='ltr'>quis</span> <span class='ocrx_word' id='word_1_223' title='bbox 346 1545 461 1573; x_wconf 86' lang='lat' dir='ltr'>contra</span> <span class='ocrx_word' id='word_1_224' title='bbox 486 1546 517 1573; x_wconf 89' lang='lat' dir='ltr'>te</span> <span class='ocrx_word' id='word_1_225' title='bbox 540 1543 597 1581; x_wconf 84' lang='lat' dir='ltr'>jus</span> <span class='ocrx_word' id='word_1_226' title='bbox 623 1543 761 1582; x_wconf 84' lang='lat' dir='ltr'>aliquod</span> <span class='ocrx_word' id='word_1_227' title='bbox 791 1544 995 1582; x_wconf 86' lang='lat' dir='ltr'>acquisitum</span> <span class='ocrx_word' id='word_1_228' title='bbox 1024 1552 1099 1573; x_wconf 85' lang='lat' dir='ltr'>esse</span> <span class='ocrx_word' id='word_1_229' title='bbox 1124 1543 1176 1573; x_wconf 82' lang='lat' dir='ltr'>vel</span> <span class='ocrx_word' id='word_1_230' title='bbox 1200 1543 1263 1573; x_wconf 83' lang='lat' dir='ltr'>tibi</span> 
     </span>
     <span class='ocr_line' id='line_1_32' title="bbox 248 1595 1265 1635; baseline 0 -9"><span class='ocrx_word' id='word_1_231' title='bbox 248 1596 487 1635; x_wconf 84' lang='lat' dir='ltr'>interpositum</span> <span class='ocrx_word' id='word_1_232' title='bbox 505 1595 719 1626; x_wconf 87' lang='lat' dir='ltr'>obstaculum</span> <span class='ocrx_word' id='word_1_233' title='bbox 738 1596 848 1626; x_wconf 72' lang='lat' dir='ltr'>valeat</span> <span class='ocrx_word' id='word_1_234' title='bbox 874 1596 1033 1635; x_wconf 77' lang='lat' dir='ltr'>allegare,</span> <span class='ocrx_word' id='word_1_235' title='bbox 1054 1605 1183 1626; x_wconf 87' lang='lat' dir='ltr'>necnon</span> <span class='ocrx_word' id='word_1_236' title='bbox 1210 1597 1265 1626; x_wconf 88' lang='lat' dir='ltr'>de-</span> 
     </span>
     <span class='ocr_line' id='line_1_33' title="bbox 248 1649 1262 1687; baseline -0.001 -8"><span class='ocrx_word' id='word_1_237' title='bbox 248 1651 424 1680; x_wconf 82' lang='lat' dir='ltr'>cernentes</span> <span class='ocrx_word' id='word_1_238' title='bbox 442 1649 575 1679; x_wconf 86' lang='lat' dir='ltr'>litteras</span> <span class='ocrx_word' id='word_1_239' title='bbox 590 1649 770 1687; x_wconf 75' lang='lat' dir='ltr'>predictas,</span> <span class='ocrx_word' id='word_1_240' title='bbox 788 1649 848 1679; x_wconf 90' lang='lat' dir='ltr'>hoc</span> <span class='ocrx_word' id='word_1_241' title='bbox 875 1658 942 1678; x_wconf 89' lang='lat' dir='ltr'>non</span> <span class='ocrx_word' id='word_1_242' title='bbox 964 1649 1129 1685; x_wconf 67' lang='lat' dir='ltr'>obstante,</span> <span class='ocrx_word' id='word_1_243' title='bbox 1150 1649 1262 1679; x_wconf 76' lang='lat' dir='ltr'>valere</span> 
     </span>
     <span class='ocr_line' id='line_1_34' title="bbox 249 1701 1261 1740; baseline -0.001 -8"><span class='ocrx_word' id='word_1_244' title='bbox 249 1704 281 1732; x_wconf 88' lang='lat' dir='ltr'>et</span> <span class='ocrx_word' id='word_1_245' title='bbox 298 1704 329 1732; x_wconf 89' lang='lat' dir='ltr'>te</span> <span class='ocrx_word' id='word_1_246' title='bbox 348 1711 384 1732; x_wconf 84' lang='lat' dir='ltr'>ac</span> <span class='ocrx_word' id='word_1_247' title='bbox 403 1702 481 1732; x_wconf 89' lang='lat' dir='ltr'>illos</span> <span class='ocrx_word' id='word_1_248' title='bbox 498 1701 622 1740; x_wconf 88' lang='lat' dir='ltr'>quibus</span> <span class='ocrx_word' id='word_1_249' title='bbox 643 1702 736 1740; x_wconf 84' lang='lat' dir='ltr'>ipsas</span> <span class='ocrx_word' id='word_1_250' title='bbox 752 1702 955 1740; x_wconf 80' lang='lat' dir='ltr'>impetrasti,</span> <span class='ocrx_word' id='word_1_251' title='bbox 968 1710 1068 1740; x_wconf 88' lang='lat' dir='ltr'>posse</span> <span class='ocrx_word' id='word_1_252' title='bbox 1088 1701 1193 1732; x_wconf 89' lang='lat' dir='ltr'>libere</span> <span class='ocrx_word' id='word_1_253' title='bbox 1213 1702 1261 1731; x_wconf 86' lang='lat' dir='ltr'>uti</span> 
     </span>
     <span class='ocr_line' id='line_1_35' title="bbox 249 1754 1264 1791; baseline -0.001 -6"><span class='ocrx_word' id='word_1_254' title='bbox 249 1755 310 1786; x_wconf 87' lang='grc'>015.</span> <span class='ocrx_word' id='word_1_255' title='bbox 326 1755 422 1785; x_wconf 84' lang='lat' dir='ltr'>Nulli</span> <span class='ocrx_word' id='word_1_256' title='bbox 440 1757 516 1791; x_wconf 72' lang='grc'>010,</span> <span class='ocrx_word' id='word_1_257' title='bbox 536 1757 650 1784; x_wconf 83' lang='lat' dir='ltr'>nostre</span> <span class='ocrx_word' id='word_1_258' title='bbox 672 1754 909 1788; x_wconf 80' lang='lat' dir='ltr'>absolutionis,</span> <span class='ocrx_word' id='word_1_259' title='bbox 928 1755 1178 1791; x_wconf 75' lang='lat' dir='ltr'>declarationis,</span> <span class='ocrx_word' id='word_1_260' title='bbox 1197 1755 1264 1784; x_wconf 89' lang='lat' dir='ltr'>dis-</span> 
     </span>
     <span class='ocr_line' id='line_1_36' title="bbox 249 1808 1263 1847; baseline 0.001 -10"><span class='ocrx_word' id='word_1_261' title='bbox 249 1808 459 1847; x_wconf 85' lang='lat' dir='ltr'>pensationis</span> <span class='ocrx_word' id='word_1_262' title='bbox 489 1809 521 1838; x_wconf 91' lang='lat' dir='ltr'>et</span> <span class='ocrx_word' id='word_1_263' title='bbox 548 1808 812 1843; x_wconf 83' lang='lat' dir='ltr'>constitutionis,</span> <span class='ocrx_word' id='word_1_264' title='bbox 844 1810 905 1838; x_wconf 90' lang='lat' dir='ltr'>etc.</span> <span class='ocrx_word' id='word_1_265' title='bbox 936 1808 1059 1837; x_wconf 87' lang='lat' dir='ltr'>Datum</span> <span class='ocrx_word' id='word_1_266' title='bbox 1089 1808 1178 1846; x_wconf 87' lang='lat' dir='ltr'>apud</span> <span class='ocrx_word' id='word_1_267' title='bbox 1202 1808 1263 1838; x_wconf 87' lang='lat' dir='ltr'>Ur-</span> 
     </span>
     <span class='ocr_line' id='line_1_37' title="bbox 248 1860 1133 1899; baseline -0.002 -8"><span class='ocrx_word' id='word_1_268' title='bbox 248 1860 488 1897; x_wconf 76' lang='lat' dir='ltr'>bemveterem,</span> <span class='ocrx_word' id='word_1_269' title='bbox 503 1870 526 1891; x_wconf 80' lang='lat' dir='ltr'>x</span> <span class='ocrx_word' id='word_1_270' title='bbox 541 1861 706 1891; x_wconf 82' lang='lat' dir='ltr'>kalendas</span> <span class='ocrx_word' id='word_1_271' title='bbox 721 1861 812 1899; x_wconf 84' lang='lat' dir='ltr'>julii,</span> <span class='ocrx_word' id='word_1_272' title='bbox 831 1869 917 1891; x_wconf 84' lang='lat' dir='ltr'>anno</span> <span class='ocrx_word' id='word_1_273' title='bbox 937 1861 1094 1890; x_wconf 86' lang='lat' dir='ltr'>secundo.</span> <span class='ocrx_word' id='word_1_274' title='bbox 1121 1872 1133 1887; x_wconf 84' lang='lat'>»</span> 
     </span>
    </p>
   </div>
   <div class='ocr_carea' id='block_1_15' title="bbox 339 2054 1189 2086">
    <p class='ocr_par' dir='ltr' id='par_1_15' title="bbox 339 2054 1189 2086">
     <span class='ocr_line' id='line_1_38' title="bbox 339 2054 1189 2086; baseline -0.008 0"><span class='ocrx_word' id='word_1_275' title='bbox 339 2055 412 2086; x_wconf 74' lang='lat'>346</span> <span class='ocrx_word' id='word_1_276' title='bbox 845 2054 969 2083; x_wconf 78' lang='lat' dir='ltr'>Orviet0‚</span> <span class='ocrx_word' id='word_1_277' title='bbox 989 2055 1018 2080; x_wconf 83' lang='lat'>16</span> <span class='ocrx_word' id='word_1_278' title='bbox 1033 2054 1091 2080; x_wconf 87' lang='lat' dir='ltr'>mai</span> <span class='ocrx_word' id='word_1_279' title='bbox 1112 2055 1189 2080; x_wconf 73' lang='lat'>1263.</span> 
     </span>
    </p>
   </div>
   <div class='ocr_carea' id='block_1_16' title="bbox 245 2136 1264 2367">
    <p class='ocr_par' dir='ltr' id='par_1_16' title="bbox 245 2136 1264 2367">
     <span class='ocr_line' id='line_1_39' title="bbox 282 2136 1262 2172; baseline -0.001 -8"><span class='ocrx_word' id='word_1_280' title='bbox 282 2138 394 2164; x_wconf 78' lang='lat' dir='ltr'>Decano</span> <span class='ocrx_word' id='word_1_281' title='bbox 411 2140 439 2164; x_wconf 91' lang='grc'>01</span> <span class='ocrx_word' id='word_1_282' title='bbox 455 2136 581 2172; x_wconf 85' lang='lat' dir='ltr'>capitulo</span> <span class='ocrx_word' id='word_1_283' title='bbox 595 2137 733 2164; x_wconf 85' lang='lat' dir='ltr'>ecelesiae</span> <span class='ocrx_word' id='word_1_284' title='bbox 752 2137 923 2163; x_wconf 84' lang='lat' dir='ltr'>Parisicnsis</span> <span class='ocrx_word' id='word_1_285' title='bbox 940 2138 1059 2164; x_wconf 82' lang='lat' dir='ltr'>mandat</span> <span class='ocrx_word' id='word_1_286' title='bbox 1075 2137 1262 2164; x_wconf 88' lang='lat' dir='ltr'>Guillelmum</span> 
     </span>
     <span class='ocr_line' id='line_1_40' title="bbox 246 2186 1262 2221; baseline 0.001 -9"><span class='ocrx_word' id='word_1_287' title='bbox 246 2187 281 2213; x_wconf 87' lang='lat' dir='ltr'>de</span> <span class='ocrx_word' id='word_1_288' title='bbox 303 2186 456 2217; x_wconf 81' lang='lat' dir='ltr'>Memonte,</span> <span class='ocrx_word' id='word_1_289' title='bbox 476 2186 678 2221; x_wconf 62' lang='lat' dir='ltr'>presbyterum</span> <span class='ocrx_word' id='word_1_290' title='bbox 695 2186 865 2213; x_wconf 69' lang='lat' dir='ltr'>canonicum</span> <span class='ocrx_word' id='word_1_291' title='bbox 887 2186 1024 2213; x_wconf 84' lang='lat' dir='ltr'>ecelesiae</span> <span class='ocrx_word' id='word_1_292' title='bbox 1046 2187 1079 2213; x_wconf 85' lang='lat' dir='ltr'>de</span> <span class='ocrx_word' id='word_1_293' title='bbox 1103 2187 1262 2217; x_wconf 71' lang='lat' dir='ltr'>Meledurm,</span> 
     </span>
     <span class='ocr_line' id='line_1_41' title="bbox 247 2235 1264 2269; baseline 0.001 -8"><span class='ocrx_word' id='word_1_294' title='bbox 247 2235 419 2262; x_wconf 83' lang='lat' dir='ltr'>Senonensis</span> <span class='ocrx_word' id='word_1_295' title='bbox 437 2235 572 2269; x_wconf 81' lang='grc'>(11000515,</span> <span class='ocrx_word' id='word_1_296' title='bbox 594 2235 762 2269; x_wconf 78' lang='lat' dir='ltr'>provideant</span> <span class='ocrx_word' id='word_1_297' title='bbox 777 2235 810 2262; x_wconf 81' lang='lat' dir='ltr'>dc</span> <span class='ocrx_word' id='word_1_298' title='bbox 827 2235 922 2269; x_wconf 86' lang='lat' dir='ltr'>aliquo</span> <span class='ocrx_word' id='word_1_299' title='bbox 944 2235 1080 2261; x_wconf 80' lang='lat' dir='ltr'>beneficio</span> <span class='ocrx_word' id='word_1_300' title='bbox 1096 2235 1125 2261; x_wconf 87' lang='lat' dir='ltr'>in</span> <span class='ocrx_word' id='word_1_301' title='bbox 1141 2235 1264 2263; x_wconf 83' lang='lat' dir='ltr'>ecclesia</span> 
     </span>
     <span class='ocr_line' id='line_1_42' title="bbox 247 2283 1263 2318; baseline 0.001 -8"><span class='ocrx_word' id='word_1_302' title='bbox 247 2283 274 2310; x_wconf 92' lang='lat' dir='ltr'>S.</span> <span class='ocrx_word' id='word_1_303' title='bbox 292 2283 419 2318; x_wconf 85' lang='lat' dir='ltr'>Dionysii</span> <span class='ocrx_word' id='word_1_304' title='bbox 434 2284 468 2310; x_wconf 87' lang='lat' dir='ltr'>de</span> <span class='ocrx_word' id='word_1_305' title='bbox 488 2284 586 2314; x_wconf 84' lang='lat' dir='ltr'>Passu,</span> <span class='ocrx_word' id='word_1_306' title='bbox 606 2283 634 2310; x_wconf 87' lang='grc'>10</span> <span class='ocrx_word' id='word_1_307' title='bbox 649 2292 705 2318; x_wconf 86' lang='lat' dir='ltr'>qua</span> <span class='ocrx_word' id='word_1_308' title='bbox 721 2285 757 2310; x_wconf 78' lang='lat' dir='ltr'>ad</span> <span class='ocrx_word' id='word_1_309' title='bbox 773 2291 822 2310; x_wconf 85' lang='lat' dir='ltr'>eos</span> <span class='ocrx_word' id='word_1_310' title='bbox 838 2283 1043 2311; x_wconf 83' lang='lat' dir='ltr'>beneficiorum</span> <span class='ocrx_word' id='word_1_311' title='bbox 1059 2283 1176 2311; x_wconf 85' lang='lat' dir='ltr'>collatio</span> <span class='ocrx_word' id='word_1_312' title='bbox 1200 2292 1263 2318; x_wconf 84' lang='lat' dir='ltr'>per-</span> 
     </span>
     <span class='ocr_line' id='line_1_43' title="bbox 245 2331 762 2367; baseline -0.002 -8"><span class='ocrx_word' id='word_1_313' title='bbox 245 2331 330 2360; x_wconf 82' lang='lat' dir='ltr'>tinet.</span> <span class='ocrx_word' id='word_1_314' title='bbox 346 2333 425 2365; x_wconf 76' lang='lat' dir='ltr'>(Rm.</span> <span class='ocrx_word' id='word_1_315' title='bbox 444 2334 487 2365; x_wconf 72' lang='lat'>27,</span> <span class='ocrx_word' id='word_1_316' title='bbox 506 2332 556 2359; x_wconf 89' lang='lat' dir='ltr'>fol.</span> <span class='ocrx_word' id='word_1_317' title='bbox 573 2333 606 2359; x_wconf 80' lang='lat'>95</span> <span class='ocrx_word' id='word_1_318' title='bbox 623 2339 660 2365; x_wconf 62' lang='grc' dir='ltr'>ψ’,</span> <span class='ocrx_word' id='word_1_319' title='bbox 676 2338 706 2358; x_wconf 80' lang='lat' dir='ltr'>n0</span> <span class='ocrx_word' id='word_1_320' title='bbox 722 2333 762 2367; x_wconf 87' lang='grc'>3.)</span> 
     </span>
    </p>
   </div>
   <div class='ocr_carea' id='block_1_17' title="bbox 247 2429 1294 2523">
    <p class='ocr_par' dir='ltr' id='par_1_17' title="bbox 247 2429 1294 2523">
     <span class='ocr_line' id='line_1_44' title="bbox 354 2429 1294 2473; baseline 0.002 -13"><span class='ocrx_word' id='word_1_321' title='bbox 354 2455 360 2460; x_wconf 87' lang='lat'><em>.</em></span> <span class='ocrx_word' id='word_1_322' title='bbox 383 2429 494 2459; x_wconf 81' lang='lat' dir='ltr'>decano</span> <span class='ocrx_word' id='word_1_323' title='bbox 507 2435 534 2460; x_wconf 72' lang='lat' dir='ltr'>et</span> <span class='ocrx_word' id='word_1_324' title='bbox 550 2430 685 2470; x_wconf 79' lang='lat' dir='ltr'>capitulo</span> <span class='ocrx_word' id='word_1_325' title='bbox 707 2430 827 2468; x_wconf 73' lang='lat' dir='ltr'>ecclesie</span> <span class='ocrx_word' id='word_1_326' title='bbox 846 2430 1039 2461; x_wconf 68' lang='lat' dir='ltr'>parisiensis.</span> <span class='ocrx_word' id='word_1_327' title='bbox 1056 2433 1119 2461; x_wconf 87' lang='lat' dir='ltr'>Pro</span> <span class='ocrx_word' id='word_1_328' title='bbox 1138 2432 1261 2462; x_wconf 82' lang='lat' dir='ltr'>dilecto</span> <span class='ocrx_word' id='word_1_329' title='bbox 1292 2439 1294 2473; x_wconf 65' lang='lat' dir='ltr'>t</span> 
     </span>
     <span class='ocr_line' id='line_1_45' title="bbox 247 2482 1294 2523; baseline 0.001 -11"><span class='ocrx_word' id='word_1_330' title='bbox 247 2483 317 2513; x_wconf 86' lang='lat' dir='ltr'>filio</span> <span class='ocrx_word' id='word_1_331' title='bbox 345 2482 530 2513; x_wconf 86' lang='lat' dir='ltr'>Guillelmo</span> <span class='ocrx_word' id='word_1_332' title='bbox 547 2483 587 2514; x_wconf 88' lang='lat' dir='ltr'>de</span> <span class='ocrx_word' id='word_1_333' title='bbox 609 2484 789 2520; x_wconf 69' lang='lat' dir='ltr'>Memonte,</span> <span class='ocrx_word' id='word_1_334' title='bbox 812 2483 1013 2523; x_wconf 87' lang='lat' dir='ltr'>presbitero,</span> <span class='ocrx_word' id='word_1_335' title='bbox 1033 2485 1194 2515; x_wconf 86' lang='lat' dir='ltr'>canonico</span> <span class='ocrx_word' id='word_1_336' title='bbox 1213 2494 1263 2515; x_wconf 88' lang='lat' dir='ltr'>ec-</span> <span class='ocrx_word' id='word_1_337' title='bbox 1292 2491 1294 2513; x_wconf 71' lang='lat' dir='ltr'><strong><em>J</em></strong></span> 
     </span>
    </p>
   </div>
   <div class='ocr_carea' id='block_1_18' title="bbox 247 2534 1264 2572">
    <p class='ocr_par' dir='ltr' id='par_1_18' title="bbox 247 2534 1264 2572">
     <span class='ocr_line' id='line_1_46' title="bbox 247 2534 1264 2572; baseline 0.002 -6"><span class='ocrx_word' id='word_1_338' title='bbox 247 2534 349 2566; x_wconf 88' lang='lat' dir='ltr'>clesie</span> <span class='ocrx_word' id='word_1_339' title='bbox 368 2535 407 2565; x_wconf 85' lang='lat' dir='ltr'>de</span> <span class='ocrx_word' id='word_1_340' title='bbox 421 2536 829 2572; x_wconf 82' lang='lat' dir='ltr'>Meleduno‚Se110nensis</span> <span class='ocrx_word' id='word_1_341' title='bbox 839 2537 997 2571; x_wconf 81' lang='lat' dir='ltr'>diocesis,</span> <span class='ocrx_word' id='word_1_342' title='bbox 1017 2537 1114 2568; x_wconf 89' lang='lat' dir='ltr'>nobis</span> <span class='ocrx_word' id='word_1_343' title='bbox 1133 2538 1173 2568; x_wconf 90' lang='lat' dir='ltr'>de</span> <span class='ocrx_word' id='word_1_344' title='bbox 1188 2546 1264 2568; x_wconf 87' lang='lat' dir='ltr'>con-</span> 
     </span>
    </p>
   </div>
   <div class='ocr_carea' id='block_1_19' title="bbox 1324 591 2331 673">
    <p class='ocr_par' dir='ltr' id='par_1_19' title="bbox 1324 591 2331 673">
     <span class='ocr_line' id='line_1_47' title="bbox 1324 591 2331 633; baseline 0.005 -13"><span class='ocrx_word' id='word_1_345' title='bbox 1324 591 1447 620; x_wconf 84' lang='lat' dir='ltr'>Datum</span> <span class='ocrx_word' id='word_1_346' title='bbox 1468 592 1553 629; x_wconf 89' lang='lat' dir='ltr'>apud</span> <span class='ocrx_word' id='word_1_347' title='bbox 1567 592 1853 629; x_wconf 56' lang='lat' dir='ltr'>[Trbcmveterenn</span> <span class='ocrx_word' id='word_1_348' title='bbox 1867 603 1936 623; x_wconf 80' lang='lat' dir='ltr'>xvu</span> <span class='ocrx_word' id='word_1_349' title='bbox 1957 594 2118 623; x_wconf 77' lang='lat' dir='ltr'>kalendas</span> <span class='ocrx_word' id='word_1_350' title='bbox 2133 595 2331 633; x_wconf 79' lang='lat' dir='ltr'>junii‚aun0</span> 
     </span>
     <span class='ocr_line' id='line_1_48' title="bbox 1324 643 1515 673; baseline -0.005 -1"><span class='ocrx_word' id='word_1_351' title='bbox 1324 643 1480 673; x_wconf 85' lang='lat' dir='ltr'>secundo.</span> <span class='ocrx_word' id='word_1_352' title='bbox 1501 653 1515 671; x_wconf 68' lang='grc'>1)</span> 
     </span>
    </p>
   </div>
   <div class='ocr_carea' id='block_1_20' title="bbox 1413 817 2259 849">
    <p class='ocr_par' dir='ltr' id='par_1_20' title="bbox 1413 817 2259 849">
     <span class='ocr_line' id='line_1_49' title="bbox 1413 817 2259 849; baseline 0.006 -8"><span class='ocrx_word' id='word_1_353' title='bbox 1413 817 1484 848; x_wconf 76' lang='grc'>347</span> <span class='ocrx_word' id='word_1_354' title='bbox 1906 818 2028 849; x_wconf 75' lang='lat' dir='ltr'>Orvieto,</span> <span class='ocrx_word' id='word_1_355' title='bbox 2047 820 2081 846; x_wconf 74' lang='lat'>‘24</span> <span class='ocrx_word' id='word_1_356' title='bbox 2095 820 2167 846; x_wconf 77' lang='lat' dir='ltr'>avril</span> <span class='ocrx_word' id='word_1_357' title='bbox 2185 822 2259 847; x_wconf 69' lang='lat'>1263.</span> 
     </span>
    </p>
   </div>
   <div class='ocr_carea' id='block_1_21' title="bbox 1323 895 2333 1031">
    <p class='ocr_par' dir='ltr' id='par_1_21' title="bbox 1323 895 2333 1031">
     <span class='ocr_line' id='line_1_50' title="bbox 1358 895 2333 932; baseline 0.006 -11"><span class='ocrx_word' id='word_1_358' title='bbox 1358 895 1552 930; x_wconf 75' lang='lat' dir='ltr'>infrascriptis</span> <span class='ocrx_word' id='word_1_359' title='bbox 1579 896 1696 922; x_wconf 85' lang='lat' dir='ltr'>mandat</span> <span class='ocrx_word' id='word_1_360' title='bbox 1720 899 1858 930; x_wconf 84' lang='lat' dir='ltr'>quatenus</span> <span class='ocrx_word' id='word_1_361' title='bbox 1887 897 2062 932; x_wconf 83' lang='lat' dir='ltr'>Stephanum</span> <span class='ocrx_word' id='word_1_362' title='bbox 2084 900 2117 925; x_wconf 83' lang='lat' dir='ltr'>de</span> <span class='ocrx_word' id='word_1_363' title='bbox 2144 900 2230 926; x_wconf 83' lang='lat' dir='ltr'>Boseo</span> <span class='ocrx_word' id='word_1_364' title='bbox 2249 901 2333 927; x_wconf 76' lang='lat' dir='ltr'>(Iom-</span> 
     </span>
     <span class='ocr_line' id='line_1_51' title="bbox 1324 944 2333 978; baseline 0.005 -8"><span class='ocrx_word' id='word_1_365' title='bbox 1324 944 1413 976; x_wconf 86' lang='lat' dir='ltr'>muni,</span> <span class='ocrx_word' id='word_1_366' title='bbox 1423 944 1604 978; x_wconf 82' lang='lat' dir='ltr'>capellanum</span> <span class='ocrx_word' id='word_1_367' title='bbox 1618 944 1818 978; x_wconf 81' lang='lat' dir='ltr'>apostolicum,</span> <span class='ocrx_word' id='word_1_368' title='bbox 1829 945 1857 971; x_wconf 89' lang='lat' dir='ltr'>in</span> <span class='ocrx_word' id='word_1_369' title='bbox 1867 947 1987 973; x_wconf 85' lang='lat' dir='ltr'>ecclesia</span> <span class='ocrx_word' id='word_1_370' title='bbox 1997 947 2023 973; x_wconf 87' lang='lat' dir='ltr'>S.</span> <span class='ocrx_word' id='word_1_371' title='bbox 2034 947 2146 974; x_wconf 78' lang='lat' dir='ltr'>Martini</span> <span class='ocrx_word' id='word_1_372' title='bbox 2162 949 2333 975; x_wconf 79' lang='lat' dir='ltr'>Turonensis</span> 
     </span>
     <span class='ocr_line' id='line_1_52' title="bbox 1323 992 2333 1031; baseline 0.005 -12"><span class='ocrx_word' id='word_1_373' title='bbox 1323 992 1351 1019; x_wconf 90' lang='lat' dir='ltr'>in</span> <span class='ocrx_word' id='word_1_374' title='bbox 1371 993 1541 1020; x_wconf 87' lang='lat' dir='ltr'>canonicum</span> <span class='ocrx_word' id='word_1_375' title='bbox 1559 992 1646 1027; x_wconf 87' lang='lat' dir='ltr'>recipi</span> <span class='ocrx_word' id='word_1_376' title='bbox 1675 993 1780 1020; x_wconf 87' lang='lat' dir='ltr'>faciant</span> <span class='ocrx_word' id='word_1_377' title='bbox 1807 994 1887 1028; x_wconf 85' lang='lat' dir='ltr'>eique</span> <span class='ocrx_word' id='word_1_378' title='bbox 1905 995 1938 1021; x_wconf 88' lang='lat' dir='ltr'>de</span> <span class='ocrx_word' id='word_1_379' title='bbox 1966 996 2127 1030; x_wconf 79' lang='lat' dir='ltr'>praehenda</span> <span class='ocrx_word' id='word_1_380' title='bbox 2156 997 2333 1031; x_wconf 81' lang='lat' dir='ltr'>provideant.</span> 
     </span>
    </p>
   </div>
   <div class='ocr_carea' id='block_1_22' title="bbox 1292 1041 1693 1076">
    <p class='ocr_par' dir='ltr' id='par_1_22' title="bbox 1292 1041 1693 1076">
     <span class='ocr_line' id='line_1_53' title="bbox 1292 1041 1693 1076; baseline 0 -8"><span class='ocrx_word' id='word_1_381' title='bbox 1292 1043 1293 1050; x_wconf 59' lang='lat'>¹</span> <span class='ocrx_word' id='word_1_382' title='bbox 1322 1042 1401 1075; x_wconf 69' lang='lat' dir='ltr'>(nm.</span> <span class='ocrx_word' id='word_1_383' title='bbox 1418 1043 1463 1075; x_wconf 74' lang='lat'>27,</span> <span class='ocrx_word' id='word_1_384' title='bbox 1481 1041 1528 1068; x_wconf 80' lang='lat' dir='ltr'>rol.</span> <span class='ocrx_word' id='word_1_385' title='bbox 1547 1043 1590 1074; x_wconf 81' lang='lat'>96,</span> <span class='ocrx_word' id='word_1_386' title='bbox 1607 1048 1638 1067; x_wconf 77' lang='lat' dir='ltr'>no</span> <span class='ocrx_word' id='word_1_387' title='bbox 1657 1043 1693 1076; x_wconf 79' lang='grc'>1.)</span> 
     </span>
    </p>
   </div>
   <div class='ocr_carea' id='block_1_23' title="bbox 1291 885 1294 1419">
    <p class='ocr_par' dir='ltr' id='par_1_23' title="bbox 1291 885 1294 1419">
     <span class='ocr_line' id='line_1_54' title="bbox 1291 885 1294 1419; baseline 0 0"><span class='ocrx_word' id='word_1_388' title='bbox 1291 885 1294 1419; x_wconf 95' lang='lat' dir='ltr'> </span> 
     </span>
    </p>
   </div>
   <div class='ocr_carea' id='block_1_24' title="bbox 1322 1136 2335 1390">
    <p class='ocr_par' dir='ltr' id='par_1_24' title="bbox 1322 1136 2335 1390">
     <span class='ocr_line' id='line_1_55' title="bbox 1365 1136 2334 1178; baseline 0.005 -14"><span class='ocrx_word' id='word_1_389' title='bbox 1365 1148 1379 1164; x_wconf 87' lang='lat'>‹&lt;</span> <span class='ocrx_word' id='word_1_390' title='bbox 1400 1162 1405 1168; x_wconf 85' lang='lat'><strong>.</strong></span> <span class='ocrx_word' id='word_1_391' title='bbox 1429 1162 1434 1167; x_wconf 94' lang='lat'>.</span> <span class='ocrx_word' id='word_1_392' title='bbox 1455 1136 1621 1166; x_wconf 79' lang='lat' dir='ltr'>subdecano</span> <span class='ocrx_word' id='word_1_393' title='bbox 1640 1136 1857 1167; x_wconf 75' lang='lat' dir='ltr'>Aurelianensi</span> <span class='ocrx_word' id='word_1_394' title='bbox 1885 1142 1911 1166; x_wconf 87' lang='lat' dir='ltr'>et</span> <span class='ocrx_word' id='word_1_395' title='bbox 1939 1138 2084 1177; x_wconf 57' lang='lat' dir='ltr'>magistro</span> <span class='ocrx_word' id='word_1_396' title='bbox 2111 1138 2272 1178; x_wconf 75' lang='lat' dir='ltr'>Stephano</span> <span class='ocrx_word' id='word_1_397' title='bbox 2298 1139 2334 1169; x_wconf 84' lang='lat' dir='ltr'>dc</span> 
     </span>
     <span class='ocr_line' id='line_1_56' title="bbox 1325 1189 2334 1226; baseline 0.002 -7"><span class='ocrx_word' id='word_1_398' title='bbox 1325 1189 1471 1223; x_wconf 66' lang='lat' dir='ltr'>Carnoto,</span> <span class='ocrx_word' id='word_1_399' title='bbox 1505 1190 1648 1220; x_wconf 79' lang='lat' dir='ltr'>canonico</span> <span class='ocrx_word' id='word_1_400' title='bbox 1680 1189 1801 1219; x_wconf 78' lang='lat' dir='ltr'>ecclesie</span> <span class='ocrx_word' id='word_1_401' title='bbox 1827 1191 1926 1219; x_wconf 76' lang='lat' dir='ltr'>seneli</span> <span class='ocrx_word' id='word_1_402' title='bbox 1955 1191 2130 1226; x_wconf 76' lang='lat' dir='ltr'>Audomari,</span> <span class='ocrx_word' id='word_1_403' title='bbox 2155 1192 2334 1221; x_wconf 65' lang='lat' dir='ltr'>,llm‘inensis</span> 
     </span>
     <span class='ocr_line' id='line_1_57' title="bbox 1323 1243 2335 1283; baseline 0 -9"><span class='ocrx_word' id='word_1_404' title='bbox 1323 1244 1459 1274; x_wconf 55' lang='lat' dir='ltr'>diocesi&amp;</span> <span class='ocrx_word' id='word_1_405' title='bbox 1481 1243 1624 1281; x_wconf 78' lang='lat' dir='ltr'>Adjutos</span> <span class='ocrx_word' id='word_1_406' title='bbox 1640 1252 1774 1273; x_wconf 84' lang='lat' dir='ltr'>morum</span> <span class='ocrx_word' id='word_1_407' title='bbox 1786 1245 1817 1273; x_wconf 90' lang='lat' dir='ltr'>et</span> <span class='ocrx_word' id='word_1_408' title='bbox 1830 1261 1878 1274; x_wconf 88' lang='lat'>——.</span> <span class='ocrx_word' id='word_1_409' title='bbox 1894 1244 1979 1273; x_wconf 78' lang='lat' dir='ltr'>Sane</span> <span class='ocrx_word' id='word_1_410' title='bbox 1996 1244 2116 1273; x_wconf 89' lang='lat' dir='ltr'>dilecto</span> <span class='ocrx_word' id='word_1_411' title='bbox 2129 1244 2198 1274; x_wconf 82' lang='lat' dir='ltr'>tilio</span> <span class='ocrx_word' id='word_1_412' title='bbox 2214 1245 2335 1283; x_wconf 78' lang='lat' dir='ltr'>magis-</span> 
     </span>
     <span class='ocr_line' id='line_1_58' title="bbox 1322 1297 2334 1336; baseline 0 -8"><span class='ocrx_word' id='word_1_413' title='bbox 1322 1299 1374 1328; x_wconf 80' lang='lat' dir='ltr'>tro&#39;</span> <span class='ocrx_word' id='word_1_414' title='bbox 1390 1297 1558 1335; x_wconf 79' lang='lat' dir='ltr'>stephano</span> <span class='ocrx_word' id='word_1_415' title='bbox 1575 1297 1734 1335; x_wconf 49' lang='lat' dir='ltr'>(le-Bosco</span> <span class='ocrx_word' id='word_1_416' title='bbox 1746 1297 1937 1333; x_wconf 84' lang='lat' dir='ltr'>Communi,</span> <span class='ocrx_word' id='word_1_417' title='bbox 1955 1297 2128 1336; x_wconf 87' lang='lat' dir='ltr'>capellano</span> <span class='ocrx_word' id='word_1_418' title='bbox 2144 1299 2270 1331; x_wconf 69' lang='lat' dir='ltr'>nostro,</span> <span class='ocrx_word' id='word_1_419' title='bbox 2287 1299 2334 1328; x_wconf 87' lang='lat' dir='ltr'>sic</span> 
     </span>
     <span class='ocr_line' id='line_1_59' title="bbox 1323 1350 2333 1390; baseline 0.001 -10"><span class='ocrx_word' id='word_1_420' title='bbox 1323 1351 1461 1389; x_wconf 88' lang='lat' dir='ltr'>propria</span> <span class='ocrx_word' id='word_1_421' title='bbox 1490 1351 1648 1380; x_wconf 87' lang='lat' dir='ltr'>dicuntur</span> <span class='ocrx_word' id='word_1_422' title='bbox 1679 1350 1857 1389; x_wconf 81' lang='lat' dir='ltr'>suffragari</span> <span class='ocrx_word' id='word_1_423' title='bbox 1888 1350 2020 1386; x_wconf 88' lang='lat' dir='ltr'>merita,</span> <span class='ocrx_word' id='word_1_424' title='bbox 2056 1352 2090 1380; x_wconf 92' lang='lat' dir='ltr'>ut</span> <span class='ocrx_word' id='word_1_425' title='bbox 2121 1351 2259 1390; x_wconf 77' lang='lat' dir='ltr'>dignum</span> <span class='ocrx_word' id='word_1_426' title='bbox 2292 1351 2333 1382; x_wconf 89' lang='lat' dir='ltr'>sit</span> 
     </span>
    </p>
   </div>
   <div class='ocr_carea' id='block_1_25' title="bbox 1292 1402 2335 1496">
    <p class='ocr_par' dir='ltr' id='par_1_25' title="bbox 1292 1402 2335 1496">
     <span class='ocr_line' id='line_1_60' title="bbox 1292 1402 2335 1442; baseline 0.001 -9"><span class='ocrx_word' id='word_1_427' title='bbox 1292 1421 1293 1427; x_wconf 48' lang='lat'>1</span> <span class='ocrx_word' id='word_1_428' title='bbox 1324 1404 1412 1442; x_wconf 91' lang='lat' dir='ltr'>quod</span> <span class='ocrx_word' id='word_1_429' title='bbox 1431 1403 1543 1442; x_wconf 90' lang='lat' dir='ltr'>ipsum</span> <span class='ocrx_word' id='word_1_430' title='bbox 1565 1411 1810 1441; x_wconf 87' lang='lat' dir='ltr'>prosequamur</span> <span class='ocrx_word' id='word_1_431' title='bbox 1835 1402 2063 1433; x_wconf 80' lang='lat' dir='ltr'>benivolentia</span> <span class='ocrx_word' id='word_1_432' title='bbox 2082 1404 2241 1442; x_wconf 84' lang='lat' dir='ltr'>gratiosa.</span> <span class='ocrx_word' id='word_1_433' title='bbox 2264 1404 2335 1434; x_wconf 91' lang='lat' dir='ltr'>Nos</span> 
     </span>
     <span class='ocr_line' id='line_1_61' title="bbox 1292 1456 2334 1496; baseline 0 -10"><span class='ocrx_word' id='word_1_434' title='bbox 1292 1486 1293 1496; x_wconf 16' lang='grc' dir='ltr'>γ</span> <span class='ocrx_word' id='word_1_435' title='bbox 1324 1457 1448 1495; x_wconf 81' lang='lat' dir='ltr'>itaque⁷</span> <span class='ocrx_word' id='word_1_436' title='bbox 1462 1456 1809 1486; x_wconf 89' lang='lat' dir='ltr'>obtentumeritorum</span> <span class='ocrx_word' id='word_1_437' title='bbox 1820 1456 2145 1495; x_wconf 68' lang='lat' dir='ltr'>huiusmodi,eidem</span> <span class='ocrx_word' id='word_1_438' title='bbox 2161 1457 2334 1495; x_wconf 89' lang='lat' dir='ltr'>capellano</span> 
     </span>
    </p>
   </div>
   <div class='ocr_carea' id='block_1_26' title="bbox 246 2587 1293 2627">
    <p class='ocr_par' dir='ltr' id='par_1_26' title="bbox 246 2587 1293 2627">
     <span class='ocr_line' id='line_1_62' title="bbox 246 2587 1293 2627; baseline 0.001 -7"><span class='ocrx_word' id='word_1_439' title='bbox 246 2589 438 2620; x_wconf 80' lang='lat' dir='ltr'>versatione</span> <span class='ocrx_word' id='word_1_440' title='bbox 463 2588 627 2619; x_wconf 85' lang='lat' dir='ltr'>laudabili</span> <span class='ocrx_word' id='word_1_441' title='bbox 657 2590 689 2619; x_wconf 86' lang='lat' dir='ltr'>et</span> <span class='ocrx_word' id='word_1_442' title='bbox 713 2589 812 2620; x_wconf 89' lang='lat' dir='ltr'>bonis</span> <span class='ocrx_word' id='word_1_443' title='bbox 835 2589 988 2619; x_wconf 80' lang='lat' dir='ltr'>molibus</span> <span class='ocrx_word' id='word_1_444' title='bbox 1015 2591 1262 2627; x_wconf 85' lang='lat' dir='ltr'>commendato,</span> <span class='ocrx_word' id='word_1_445' title='bbox 1292 2587 1293 2595; x_wconf 58' lang='lat'>¹</span> 
     </span>
    </p>
   </div>
   <div class='ocr_carea' id='block_1_27' title="bbox 247 2641 1264 2735">
    <p class='ocr_par' dir='ltr' id='par_1_27' title="bbox 247 2641 1264 2735">
     <span class='ocr_line' id='line_1_63' title="bbox 247 2641 1264 2686; baseline 0.001 -13"><span class='ocrx_word' id='word_1_446' title='bbox 247 2642 507 2686; x_wconf 80' lang='lat' dir='ltr'>univeisitatem</span> <span class='ocrx_word' id='word_1_447' title='bbox 531 2643 680 2672; x_wconf 63' lang='lat' dir='ltr'>xestram</span> <span class='ocrx_word' id='word_1_448' title='bbox 705 2651 874 2682; x_wconf 63' lang='grc'>1031101115,</span> <span class='ocrx_word' id='word_1_449' title='bbox 900 2652 1078 2673; x_wconf 89' lang='lat' dir='ltr'>monemus</span> <span class='ocrx_word' id='word_1_450' title='bbox 1099 2641 1136 2674; x_wconf 84' lang='grc'>01</span> <span class='ocrx_word' id='word_1_451' title='bbox 1154 2644 1264 2674; x_wconf 71' lang='grc'>1101111-</span> 
     </span>
     <span class='ocr_line' id='line_1_64' title="bbox 247 2695 1263 2735; baseline 0.002 -9"><span class='ocrx_word' id='word_1_452' title='bbox 247 2705 325 2726; x_wconf 88' lang='lat' dir='ltr'>mur</span> <span class='ocrx_word' id='word_1_453' title='bbox 353 2697 489 2732; x_wconf 84' lang='lat' dir='ltr'>attente,</span> <span class='ocrx_word' id='word_1_454' title='bbox 518 2704 578 2734; x_wconf 90' lang='lat' dir='ltr'>per</span> <span class='ocrx_word' id='word_1_455' title='bbox 599 2695 785 2734; x_wconf 87' lang='lat' dir='ltr'>apostolica</span> <span class='ocrx_word' id='word_1_456' title='bbox 802 2695 898 2726; x_wconf 56' lang='lat' dir='ltr'>tobis</span> <span class='ocrx_word' id='word_1_457' title='bbox 919 2697 1045 2735; x_wconf 86' lang='lat' dir='ltr'>scripta</span> <span class='ocrx_word' id='word_1_458' title='bbox 1062 2697 1263 2728; x_wconf 86' lang='lat' dir='ltr'>mandantes</span> 
     </span>
    </p>
   </div>
   <div class='ocr_carea' id='block_1_28' title="bbox 247 2748 2333 2839">
    <p class='ocr_par' dir='ltr' id='par_1_28' title="bbox 247 2748 2333 2839">
     <span class='ocr_line' id='line_1_65' title="bbox 247 2748 1292 2793; baseline 0.002 -14"><span class='ocrx_word' id='word_1_459' title='bbox 247 2749 408 2789; x_wconf 83' lang='lat' dir='ltr'>quatinus</span> <span class='ocrx_word' id='word_1_460' title='bbox 435 2749 544 2779; x_wconf 87' lang='lat' dir='ltr'>eidem</span> <span class='ocrx_word' id='word_1_461' title='bbox 562 2748 602 2779; x_wconf 84' lang='lat' dir='ltr'>G.</span> <span class='ocrx_word' id='word_1_462' title='bbox 617 2748 657 2778; x_wconf 89' lang='lat' dir='ltr'>de</span> <span class='ocrx_word' id='word_1_463' title='bbox 677 2748 791 2787; x_wconf 88' lang='lat' dir='ltr'>aliquo</span> <span class='ocrx_word' id='word_1_464' title='bbox 809 2748 983 2786; x_wconf 86' lang='lat' dir='ltr'>beneficio,</span> <span class='ocrx_word' id='word_1_465' title='bbox 1007 2749 1036 2779; x_wconf 93' lang='grc'>51</span> <span class='ocrx_word' id='word_1_466' title='bbox 1054 2751 1141 2789; x_wconf 89' lang='lat' dir='ltr'>quod</span> <span class='ocrx_word' id='word_1_467' title='bbox 1160 2750 1194 2780; x_wconf 93' lang='lat' dir='ltr'>in</span> <span class='ocrx_word' id='word_1_468' title='bbox 1212 2760 1264 2781; x_wconf 84' lang='lat' dir='ltr'>eo-</span> <span class='ocrx_word' id='word_1_469' title='bbox 1291 2778 1292 2793; x_wconf 22' lang='grc' dir='ltr'>ἶ</span> 
     </span>
     <span class='ocr_line' id='line_1_66' title="bbox 1291 2796 2333 2839; baseline -0.001 -7"><span class='ocrx_word' id='word_1_470' title='bbox 1291 2796 1293 2811; x_wconf 29' lang='grc'>“’</span> <span class='ocrx_word' id='word_1_471' title='bbox 1323 2802 1388 2832; x_wconf 71' lang='lat' dir='ltr'>dem</span> <span class='ocrx_word' id='word_1_472' title='bbox 1410 2802 1480 2839; x_wconf 78' lang='lat' dir='ltr'>Ioci,</span> <span class='ocrx_word' id='word_1_473' title='bbox 1512 2802 1744 2833; x_wconf 75' lang='lat' dir='ltr'>Cenomanensis</span> <span class='ocrx_word' id='word_1_474' title='bbox 1769 2801 1908 2831; x_wconf 70' lang='lat' dir='ltr'>diocesis.</span> <span class='ocrx_word' id='word_1_475' title='bbox 1933 2801 2065 2831; x_wconf 87' lang='lat' dir='ltr'>Meritis</span> <span class='ocrx_word' id='word_1_476' title='bbox 2095 2800 2234 2831; x_wconf 83' lang='lat' dir='ltr'>honeste</span> <span class='ocrx_word' id='word_1_477' title='bbox 2259 2809 2333 2831; x_wconf 84' lang='lat' dir='ltr'>con-</span> 
     </span>
    </p>
   </div>
   <div class='ocr_carea' id='block_1_29' title="bbox 247 2801 1264 2895">
    <p class='ocr_par' dir='ltr' id='par_1_29' title="bbox 247 2801 1264 2895">
     <span class='ocr_line' id='line_1_67' title="bbox 248 2801 1264 2843; baseline 0.001 -10"><span class='ocrx_word' id='word_1_478' title='bbox 248 2803 353 2833; x_wconf 86' lang='lat' dir='ltr'>clesia</span> <span class='ocrx_word' id='word_1_479' title='bbox 385 2802 492 2832; x_wconf 88' lang='lat' dir='ltr'>sancti</span> <span class='ocrx_word' id='word_1_480' title='bbox 525 2801 675 2832; x_wconf 86' lang='lat' dir='ltr'>Dionisii</span> <span class='ocrx_word' id='word_1_481' title='bbox 705 2801 744 2832; x_wconf 88' lang='lat' dir='ltr'>de</span> <span class='ocrx_word' id='word_1_482' title='bbox 775 2802 885 2832; x_wconf 73' lang='lat' dir='ltr'>Passu</span> <span class='ocrx_word' id='word_1_483' title='bbox 903 2803 1104 2839; x_wconf 81' lang='lat' dir='ltr'>Pa11s1ens1</span> <span class='ocrx_word' id='word_1_484' title='bbox 1137 2803 1173 2833; x_wconf 93' lang='lat' dir='ltr'>in</span> <span class='ocrx_word' id='word_1_485' title='bbox 1198 2813 1264 2843; x_wconf 84' lang='lat' dir='ltr'>qua</span> 
     </span>
     <span class='ocr_line' id='line_1_68' title="bbox 247 2854 1262 2895; baseline 0 -9"><span class='ocrx_word' id='word_1_486' title='bbox 247 2856 443 2895; x_wconf 84' lang='lat' dir='ltr'>hujusmodi</span> <span class='ocrx_word' id='word_1_487' title='bbox 464 2854 720 2894; x_wconf 86' lang='lat' dir='ltr'>prebendalium</span> <span class='ocrx_word' id='word_1_488' title='bbox 737 2854 977 2885; x_wconf 86' lang='lat' dir='ltr'>beneficiorum</span> <span class='ocrx_word' id='word_1_489' title='bbox 996 2856 1130 2886; x_wconf 85' lang='lat' dir='ltr'>collatio</span> <span class='ocrx_word' id='word_1_490' title='bbox 1146 2856 1187 2886; x_wconf 87' lang='lat' dir='ltr'>ad</span> <span class='ocrx_word' id='word_1_491' title='bbox 1203 2865 1262 2886; x_wconf 83' lang='lat' dir='ltr'>vos</span> 
     </span>
    </p>
   </div>
   <div class='ocr_carea' id='block_1_30' title="bbox 248 2904 1292 2948">
    <p class='ocr_par' dir='ltr' id='par_1_30' title="bbox 248 2904 1292 2948">
     <span class='ocr_line' id='line_1_69' title="bbox 248 2904 1292 2948; baseline -0.001 -8"><span class='ocrx_word' id='word_1_492' title='bbox 248 2904 417 2948; x_wconf 85' lang='lat' dir='ltr'>pertinere</span> <span class='ocrx_word' id='word_1_493' title='bbox 429 2908 628 2943; x_wconf 82' lang='lat' dir='ltr'>dinoscitur,</span> <span class='ocrx_word' id='word_1_494' title='bbox 639 2909 734 2938; x_wconf 78' lang='lat' dir='ltr'>vacat</span> <span class='ocrx_word' id='word_1_495' title='bbox 745 2908 785 2937; x_wconf 86' lang='lat' dir='ltr'>ad</span> <span class='ocrx_word' id='word_1_496' title='bbox 796 2917 937 2947; x_wconf 85' lang='lat' dir='ltr'>presens</span> <span class='ocrx_word' id='word_1_497' title='bbox 946 2908 1000 2938; x_wconf 72' lang='lat' dir='ltr'>vel</span> <span class='ocrx_word' id='word_1_498' title='bbox 1010 2909 1261 2947; x_wconf 87' lang='lat' dir='ltr'>quamprimum</span> <span class='ocrx_word' id='word_1_499' title='bbox 1289 2933 1292 2935; x_wconf 27' lang='lat' dir='ltr'>v</span> 
     </span>
    </p>
   </div>
   <div class='ocr_carea' id='block_1_31' title="bbox 1291 2525 1294 2747">
    <p class='ocr_par' dir='ltr' id='par_1_31' title="bbox 1291 2525 1294 2747">
     <span class='ocr_line' id='line_1_70' title="bbox 1292 2525 1294 2573; baseline 0 0"><span class='ocrx_word' id='word_1_500' title='bbox 1292 2525 1294 2573; x_wconf 95' lang='lat' dir='ltr'>  </span> 
     </span>
     <span class='ocr_line' id='line_1_71' title="bbox 1292 2602 1293 2666; baseline 0 623"><span class='ocrx_word' id='word_1_501' title='bbox 1292 2602 1293 2666; x_wconf 95' lang='lat' dir='ltr'> </span> 
     </span>
     <span class='ocr_line' id='line_1_72' title="bbox 1291 2680 1293 2747; baseline 0 542"><span class='ocrx_word' id='word_1_502' title='bbox 1291 2680 1293 2747; x_wconf 95' lang='lat' dir='ltr'> </span> 
     </span>
    </p>
   </div>
   <div class='ocr_carea' id='block_1_32' title="bbox 1324 1508 2339 2387">
    <p class='ocr_par' dir='ltr' id='par_1_32' title="bbox 1324 1508 2339 2387">
     <span class='ocr_line' id='line_1_73' title="bbox 1325 1508 2335 1548; baseline 0 -9"><span class='ocrx_word' id='word_1_503' title='bbox 1325 1509 1506 1548; x_wconf 85' lang='lat' dir='ltr'>specialem</span> <span class='ocrx_word' id='word_1_504' title='bbox 1545 1509 1689 1547; x_wconf 80' lang='lat' dir='ltr'>gratiam</span> <span class='ocrx_word' id='word_1_505' title='bbox 1725 1508 1833 1538; x_wconf 89' lang='lat' dir='ltr'>facere</span> <span class='ocrx_word' id='word_1_506' title='bbox 1868 1509 2090 1542; x_wconf 66' lang='lat' dir='ltr'>intendentes²</span> <span class='ocrx_word' id='word_1_507' title='bbox 2134 1510 2335 1539; x_wconf 86' lang='lat' dir='ltr'>mandamus</span> 
     </span>
     <span class='ocr_line' id='line_1_74' title="bbox 1324 1561 2335 1600; baseline 0.001 -9"><span class='ocrx_word' id='word_1_508' title='bbox 1324 1562 1484 1600; x_wconf 89' lang='lat' dir='ltr'>quatinus</span> <span class='ocrx_word' id='word_1_509' title='bbox 1507 1570 1567 1591; x_wconf 78' lang='lat' dir='ltr'>vos</span> <span class='ocrx_word' id='word_1_510' title='bbox 1585 1561 1636 1591; x_wconf 70' lang='lat' dir='ltr'>vel</span> <span class='ocrx_word' id='word_1_511' title='bbox 1656 1561 1740 1590; x_wconf 86' lang='lat' dir='ltr'>alter</span> <span class='ocrx_word' id='word_1_512' title='bbox 1760 1562 1910 1591; x_wconf 76' lang='lat' dir='ltr'>vestrum</span> <span class='ocrx_word' id='word_1_513' title='bbox 1931 1570 1990 1599; x_wconf 90' lang='lat' dir='ltr'>per</span> <span class='ocrx_word' id='word_1_514' title='bbox 2010 1570 2069 1591; x_wconf 78' lang='lat' dir='ltr'>vos</span> <span class='ocrx_word' id='word_1_515' title='bbox 2093 1562 2145 1591; x_wconf 84' lang='lat' dir='ltr'>vel</span> <span class='ocrx_word' id='word_1_516' title='bbox 2168 1562 2253 1592; x_wconf 86' lang='lat' dir='ltr'>alios</span> <span class='ocrx_word' id='word_1_517' title='bbox 2275 1571 2335 1592; x_wconf 85' lang='lat' dir='ltr'>seu</span> 
     </span>
     <span class='ocr_line' id='line_1_75' title="bbox 1324 1614 2334 1653; baseline 0.001 -9"><span class='ocrx_word' id='word_1_518' title='bbox 1324 1615 1429 1644; x_wconf 88' lang='lat' dir='ltr'>alium</span> <span class='ocrx_word' id='word_1_519' title='bbox 1450 1614 1617 1653; x_wconf 89' lang='lat' dir='ltr'>prefatum</span> <span class='ocrx_word' id='word_1_520' title='bbox 1634 1614 1848 1653; x_wconf 79' lang='lat' dir='ltr'>magistrum,</span> <span class='ocrx_word' id='word_1_521' title='bbox 1866 1614 1935 1652; x_wconf 77' lang='lat' dir='ltr'>qui,</span> <span class='ocrx_word' id='word_1_522' title='bbox 1952 1623 2027 1644; x_wconf 83' lang='lat' dir='ltr'>cum</span> <span class='ocrx_word' id='word_1_523' title='bbox 2046 1614 2096 1645; x_wconf 78' lang='lat' dir='ltr'>vir</span> <span class='ocrx_word' id='word_1_524' title='bbox 2115 1615 2157 1645; x_wconf 91' lang='lat' dir='ltr'>sit</span> <span class='ocrx_word' id='word_1_525' title='bbox 2172 1615 2334 1653; x_wconf 74' lang='lat' dir='ltr'>providus</span> 
     </span>
     <span class='ocr_line' id='line_1_76' title="bbox 1324 1666 2333 1705; baseline 0 -7"><span class='ocrx_word' id='word_1_526' title='bbox 1324 1670 1355 1698; x_wconf 88' lang='lat' dir='ltr'>et</span> <span class='ocrx_word' id='word_1_527' title='bbox 1382 1668 1560 1703; x_wconf 85' lang='lat' dir='ltr'>discretus,</span> <span class='ocrx_word' id='word_1_528' title='bbox 1588 1676 1623 1697; x_wconf 90' lang='lat' dir='ltr'>ac</span> <span class='ocrx_word' id='word_1_529' title='bbox 1645 1667 1685 1696; x_wconf 91' lang='lat' dir='ltr'>ob</span> <span class='ocrx_word' id='word_1_530' title='bbox 1714 1676 1773 1697; x_wconf 88' lang='lat' dir='ltr'>sue</span> <span class='ocrx_word' id='word_1_531' title='bbox 1800 1666 1980 1705; x_wconf 85' lang='lat' dir='ltr'>probitatis</span> <span class='ocrx_word' id='word_1_532' title='bbox 2000 1668 2131 1703; x_wconf 86' lang='lat' dir='ltr'>merita,</span> <span class='ocrx_word' id='word_1_533' title='bbox 2161 1669 2276 1698; x_wconf 85' lang='lat' dir='ltr'>nostra</span> <span class='ocrx_word' id='word_1_534' title='bbox 2303 1669 2333 1698; x_wconf 91' lang='lat' dir='ltr'>et</span> 
     </span>
     <span class='ocr_line' id='line_1_77' title="bbox 1324 1720 2333 1758; baseline 0 -8"><span class='ocrx_word' id='word_1_535' title='bbox 1324 1721 1466 1751; x_wconf 83' lang='lat' dir='ltr'>fratrum</span> <span class='ocrx_word' id='word_1_536' title='bbox 1491 1722 1683 1750; x_wconf 89' lang='lat' dir='ltr'>nostrorum</span> <span class='ocrx_word' id='word_1_537' title='bbox 1707 1720 1815 1758; x_wconf 79' lang='lat' dir='ltr'>gratia</span> <span class='ocrx_word' id='word_1_538' title='bbox 1833 1720 1975 1758; x_wconf 83' lang='lat' dir='ltr'>gaudeat</span> <span class='ocrx_word' id='word_1_539' title='bbox 1994 1722 2023 1750; x_wconf 90' lang='lat' dir='ltr'>et</span> <span class='ocrx_word' id='word_1_540' title='bbox 2050 1720 2174 1754; x_wconf 72' lang='lat' dir='ltr'>farore,</span> <span class='ocrx_word' id='word_1_541' title='bbox 2193 1721 2333 1751; x_wconf 86' lang='lat' dir='ltr'>ecclesie</span> 
     </span>
     <span class='ocr_line' id='line_1_78' title="bbox 1324 1773 2334 1811; baseline 0.001 -8"><span class='ocrx_word' id='word_1_542' title='bbox 1324 1773 1430 1803; x_wconf 89' lang='lat' dir='ltr'>sancti</span> <span class='ocrx_word' id='word_1_543' title='bbox 1457 1773 1594 1803; x_wconf 86' lang='lat' dir='ltr'>Martini</span> <span class='ocrx_word' id='word_1_544' title='bbox 1619 1773 1829 1802; x_wconf 80' lang='lat' dir='ltr'>Turonensis</span> <span class='ocrx_word' id='word_1_545' title='bbox 1856 1781 1931 1802; x_wconf 84' lang='lat' dir='ltr'>esse</span> <span class='ocrx_word' id='word_1_546' title='bbox 1952 1773 2073 1811; x_wconf 87' lang='lat' dir='ltr'>poterit</span> <span class='ocrx_word' id='word_1_547' title='bbox 2099 1773 2334 1811; x_wconf 71' lang='lat' dir='ltr'>multipliciter</span> 
     </span>
     <span class='ocr_line' id='line_1_79' title="bbox 1324 1825 2334 1864; baseline -0.001 -8"><span class='ocrx_word' id='word_1_548' title='bbox 1324 1827 1527 1862; x_wconf 75' lang='lat' dir='ltr'>fructuosus,</span> <span class='ocrx_word' id='word_1_549' title='bbox 1542 1826 1594 1855; x_wconf 66' lang='lat' dir='ltr'>vel</span> <span class='ocrx_word' id='word_1_550' title='bbox 1624 1827 1877 1864; x_wconf 80' lang='lat' dir='ltr'>procuratorem</span> <span class='ocrx_word' id='word_1_551' title='bbox 1905 1834 2017 1860; x_wconf 85' lang='lat' dir='ltr'>suum,</span> <span class='ocrx_word' id='word_1_552' title='bbox 2037 1825 2109 1863; x_wconf 85' lang='lat' dir='ltr'>ejus</span> <span class='ocrx_word' id='word_1_553' title='bbox 2138 1826 2284 1861; x_wconf 87' lang='lat' dir='ltr'>nomine,</span> <span class='ocrx_word' id='word_1_554' title='bbox 2300 1826 2334 1856; x_wconf 90' lang='lat' dir='ltr'>in</span> 
     </span>
     <span class='ocr_line' id='line_1_80' title="bbox 1324 1878 2334 1917; baseline -0.001 -8"><span class='ocrx_word' id='word_1_555' title='bbox 1324 1879 1465 1909; x_wconf 87' lang='lat' dir='ltr'>ecclesia</span> <span class='ocrx_word' id='word_1_556' title='bbox 1484 1879 1556 1917; x_wconf 88' lang='lat' dir='ltr'>ipsa</span> <span class='ocrx_word' id='word_1_557' title='bbox 1580 1879 1685 1916; x_wconf 76' lang='lat' dir='ltr'>recipi</span> <span class='ocrx_word' id='word_1_558' title='bbox 1705 1878 1865 1908; x_wconf 88' lang='lat' dir='ltr'>facientes</span> <span class='ocrx_word' id='word_1_559' title='bbox 1893 1878 1927 1908; x_wconf 91' lang='lat' dir='ltr'>in</span> <span class='ocrx_word' id='word_1_560' title='bbox 1947 1878 2143 1908; x_wconf 84' lang='lat' dir='ltr'>canonicum</span> <span class='ocrx_word' id='word_1_561' title='bbox 2171 1881 2200 1908; x_wconf 88' lang='lat' dir='ltr'>et</span> <span class='ocrx_word' id='word_1_562' title='bbox 2221 1879 2254 1908; x_wconf 91' lang='lat' dir='ltr'>in</span> <span class='ocrx_word' id='word_1_563' title='bbox 2272 1879 2334 1909; x_wconf 87' lang='lat' dir='ltr'>fra-</span> 
     </span>
     <span class='ocr_line' id='line_1_81' title="bbox 1324 1931 2336 1970; baseline 0.001 -9"><span class='ocrx_word' id='word_1_564' title='bbox 1324 1934 1421 1965; x_wconf 76' lang='lat' dir='ltr'>trem,</span> <span class='ocrx_word' id='word_1_565' title='bbox 1444 1932 1474 1961; x_wconf 92' lang='lat' dir='ltr'>ei</span> <span class='ocrx_word' id='word_1_566' title='bbox 1494 1932 1534 1961; x_wconf 86' lang='lat' dir='ltr'>de</span> <span class='ocrx_word' id='word_1_567' title='bbox 1548 1931 1728 1970; x_wconf 86' lang='lat' dir='ltr'>prebenda,</span> <span class='ocrx_word' id='word_1_568' title='bbox 1748 1931 1775 1960; x_wconf 87' lang='lat' dir='ltr'>si</span> <span class='ocrx_word' id='word_1_569' title='bbox 1796 1940 1861 1969; x_wconf 87' lang='lat' dir='ltr'>qua</span> <span class='ocrx_word' id='word_1_570' title='bbox 1880 1931 2008 1960; x_wconf 88' lang='lat' dir='ltr'>ibidem</span> <span class='ocrx_word' id='word_1_571' title='bbox 2026 1934 2120 1960; x_wconf 76' lang='lat' dir='ltr'>vacat</span> <span class='ocrx_word' id='word_1_572' title='bbox 2138 1932 2178 1961; x_wconf 88' lang='lat' dir='ltr'>ad</span> <span class='ocrx_word' id='word_1_573' title='bbox 2196 1940 2336 1970; x_wconf 87' lang='lat' dir='ltr'>presens</span> 
     </span>
     <span class='ocr_line' id='line_1_82' title="bbox 1325 1984 2336 2023; baseline 0 -9"><span class='ocrx_word' id='word_1_574' title='bbox 1325 1985 1377 2015; x_wconf 76' lang='lat' dir='ltr'>vel</span> <span class='ocrx_word' id='word_1_575' title='bbox 1388 1985 1639 2023; x_wconf 87' lang='lat' dir='ltr'>quamprimum</span> <span class='ocrx_word' id='word_1_576' title='bbox 1653 1984 1694 2013; x_wconf 91' lang='lat' dir='ltr'>ad</span> <span class='ocrx_word' id='word_1_577' title='bbox 1711 1984 1745 2013; x_wconf 91' lang='lat' dir='ltr'>id</span> <span class='ocrx_word' id='word_1_578' title='bbox 1757 1984 1917 2014; x_wconf 88' lang='lat' dir='ltr'>obtulerit</span> <span class='ocrx_word' id='word_1_579' title='bbox 1938 1993 1972 2013; x_wconf 89' lang='grc'>50</span> <span class='ocrx_word' id='word_1_580' title='bbox 1990 1984 2144 2019; x_wconf 82' lang='lat' dir='ltr'>facultas,</span> <span class='ocrx_word' id='word_1_581' title='bbox 2159 1985 2336 2022; x_wconf 73' lang='lat' dir='ltr'>providere</span> 
     </span>
     <span class='ocr_line' id='line_1_83' title="bbox 1325 2037 2338 2075; baseline 0 -8"><span class='ocrx_word' id='word_1_582' title='bbox 1325 2038 1463 2071; x_wconf 87' lang='lat' dir='ltr'>curetis,</span> <span class='ocrx_word' id='word_1_583' title='bbox 1484 2046 1549 2067; x_wconf 89' lang='grc'>11011</span> <span class='ocrx_word' id='word_1_584' title='bbox 1574 2037 1729 2067; x_wconf 83' lang='lat' dir='ltr'>obstante</span> <span class='ocrx_word' id='word_1_585' title='bbox 1753 2038 1842 2067; x_wconf 88' lang='lat' dir='ltr'>certo</span> <span class='ocrx_word' id='word_1_586' title='bbox 1862 2037 1972 2075; x_wconf 88' lang='lat' dir='ltr'>ipsius</span> <span class='ocrx_word' id='word_1_587' title='bbox 1996 2037 2136 2067; x_wconf 86' lang='lat' dir='ltr'>ecclesie</span> <span class='ocrx_word' id='word_1_588' title='bbox 2164 2038 2338 2068; x_wconf 80' lang='lat' dir='ltr'>canonico-</span> 
     </span>
     <span class='ocr_line' id='line_1_84' title="bbox 1325 2090 2339 2128; baseline -0.001 -7"><span class='ocrx_word' id='word_1_589' title='bbox 1325 2100 1400 2121; x_wconf 85' lang='lat' dir='ltr'>rum</span> <span class='ocrx_word' id='word_1_590' title='bbox 1409 2100 1549 2121; x_wconf 89' lang='lat' dir='ltr'>numero</span> <span class='ocrx_word' id='word_1_591' title='bbox 1562 2109 1609 2119; x_wconf 84' lang='lat'>-.</span> <span class='ocrx_word' id='word_1_592' title='bbox 1619 2090 1890 2120; x_wconf 85' lang='lat' dir='ltr'>Contradictores</span> <span class='ocrx_word' id='word_1_593' title='bbox 1903 2099 2147 2128; x_wconf 83' lang='lat' dir='ltr'>percensuram</span> <span class='ocrx_word' id='word_1_594' title='bbox 2163 2091 2339 2120; x_wconf 77' lang='lat' dir='ltr'>ecclesias-</span> 
     </span>
     <span class='ocr_line' id='line_1_85' title="bbox 1324 2143 2324 2182; baseline 0 -8"><span class='ocrx_word' id='word_1_595' title='bbox 1324 2145 1426 2174; x_wconf 89' lang='lat' dir='ltr'>ticam</span> <span class='ocrx_word' id='word_1_596' title='bbox 1450 2146 1524 2177; x_wconf 86' lang='lat' dir='ltr'>etc.‚</span> <span class='ocrx_word' id='word_1_597' title='bbox 1551 2152 1659 2182; x_wconf 83' lang='lat' dir='ltr'>usque</span> <span class='ocrx_word' id='word_1_598' title='bbox 1685 2143 1940 2182; x_wconf 83' lang='lat' dir='ltr'>compescendo.</span> <span class='ocrx_word' id='word_1_599' title='bbox 1969 2144 2041 2173; x_wconf 78' lang='lat' dir='ltr'>Nos</span> <span class='ocrx_word' id='word_1_600' title='bbox 2072 2143 2161 2173; x_wconf 92' lang='lat' dir='ltr'>enim</span> <span class='ocrx_word' id='word_1_601' title='bbox 2191 2144 2324 2174; x_wconf 87' lang='lat' dir='ltr'>decerni</span> 
     </span>
     <span class='ocr_line' id='line_1_86' title="bbox 1326 2196 2337 2235; baseline 0 -9"><span class='ocrx_word' id='word_1_602' title='bbox 1326 2206 1402 2227; x_wconf 86' lang='lat' dir='ltr'>mus</span> <span class='ocrx_word' id='word_1_603' title='bbox 1418 2197 1552 2227; x_wconf 90' lang='lat' dir='ltr'>irritum</span> <span class='ocrx_word' id='word_1_604' title='bbox 1574 2199 1604 2227; x_wconf 88' lang='lat' dir='ltr'>et</span> <span class='ocrx_word' id='word_1_605' title='bbox 1621 2197 1719 2227; x_wconf 87' lang='lat' dir='ltr'>inane</span> <span class='ocrx_word' id='word_1_606' title='bbox 1739 2197 1767 2226; x_wconf 89' lang='lat' dir='ltr'>si</span> <span class='ocrx_word' id='word_1_607' title='bbox 1787 2205 1884 2226; x_wconf 83' lang='lat' dir='ltr'>secus</span> <span class='ocrx_word' id='word_1_608' title='bbox 1897 2197 1937 2226; x_wconf 90' lang='lat' dir='ltr'>de</span> <span class='ocrx_word' id='word_1_609' title='bbox 1955 2196 2125 2234; x_wconf 87' lang='lat' dir='ltr'>prebenda</span> <span class='ocrx_word' id='word_1_610' title='bbox 2143 2196 2337 2235; x_wconf 80' lang='lat' dir='ltr'>hujusmodi</span> 
     </span>
     <span class='ocr_line' id='line_1_87' title="bbox 1326 2249 2336 2289; baseline -0.003 -9"><span class='ocrx_word' id='word_1_611' title='bbox 1326 2250 1511 2289; x_wconf 87' lang='lat' dir='ltr'>apostolica</span> <span class='ocrx_word' id='word_1_612' title='bbox 1525 2250 1577 2279; x_wconf 74' lang='lat' dir='ltr'>vel</span> <span class='ocrx_word' id='word_1_613' title='bbox 1592 2250 1711 2288; x_wconf 70' lang='lat' dir='ltr'>quavis</span> <span class='ocrx_word' id='word_1_614' title='bbox 1725 2250 1923 2280; x_wconf 89' lang='lat' dir='ltr'>auctoritate</span> <span class='ocrx_word' id='word_1_615' title='bbox 1936 2249 2336 2288; x_wconf 83' lang='lat' dir='ltr'>contigeritattemptari.</span> 
     </span>
     <span class='ocr_line' id='line_1_88' title="bbox 1325 2302 2337 2342; baseline -0.003 -8"><span class='ocrx_word' id='word_1_616' title='bbox 1325 2304 1450 2334; x_wconf 86' lang='lat' dir='ltr'>Datum</span> <span class='ocrx_word' id='word_1_617' title='bbox 1467 2304 1555 2342; x_wconf 88' lang='lat' dir='ltr'>apud</span> <span class='ocrx_word' id='word_1_618' title='bbox 1570 2303 1857 2336; x_wconf 73' lang='lat' dir='ltr'>Urbemveterem,</span> <span class='ocrx_word' id='word_1_619' title='bbox 1885 2311 1940 2331; x_wconf 82' lang='lat' dir='ltr'>v111</span> <span class='ocrx_word' id='word_1_620' title='bbox 1960 2302 2125 2331; x_wconf 85' lang='lat' dir='ltr'>kalendas</span> <span class='ocrx_word' id='word_1_621' title='bbox 2142 2302 2233 2336; x_wconf 87' lang='lat' dir='ltr'>maii,</span> <span class='ocrx_word' id='word_1_622' title='bbox 2252 2311 2337 2332; x_wconf 89' lang='lat' dir='ltr'>anno</span> 
     </span>
     <span class='ocr_line' id='line_1_89' title="bbox 1326 2356 1519 2387; baseline -0.016 -1"><span class='ocrx_word' id='word_1_623' title='bbox 1326 2356 1482 2387; x_wconf 85' lang='lat' dir='ltr'>seeundo.</span> <span class='ocrx_word' id='word_1_624' title='bbox 1506 2368 1519 2383; x_wconf 91' lang='lat'>»</span> 
     </span>
    </p>
   </div>
   <div class='ocr_carea' id='block_1_33' title="bbox 1412 2524 2261 2560">
    <p class='ocr_par' dir='ltr' id='par_1_33' title="bbox 1412 2524 2261 2560">
     <span class='ocr_line' id='line_1_90' title="bbox 1412 2524 2261 2560; baseline 0 -9"><span class='ocrx_word' id='word_1_625' title='bbox 1412 2529 1486 2560; x_wconf 70' lang='lat'>343</span> <span class='ocrx_word' id='word_1_626' title='bbox 1889 2525 2011 2556; x_wconf 75' lang='lat' dir='ltr'>Orvieto,</span> <span class='ocrx_word' id='word_1_627' title='bbox 2026 2526 2059 2552; x_wconf 80' lang='lat'>20</span> <span class='ocrx_word' id='word_1_628' title='bbox 2071 2524 2167 2560; x_wconf 81' lang='lat' dir='ltr'>juillet</span> <span class='ocrx_word' id='word_1_629' title='bbox 2186 2527 2261 2552; x_wconf 71' lang='lat'>1263.</span> 
     </span>
    </p>
   </div>
   <div class='ocr_carea' id='block_1_34' title="bbox 1359 2603 2334 2642">
    <p class='ocr_par' dir='ltr' id='par_1_34' title="bbox 1359 2603 2334 2642">
     <span class='ocr_line' id='line_1_91' title="bbox 1359 2603 2334 2642; baseline -0.004 -8"><span class='ocrx_word' id='word_1_630' title='bbox 1359 2607 1540 2642; x_wconf 85' lang='lat' dir='ltr'>Dispensatio</span> <span class='ocrx_word' id='word_1_631' title='bbox 1557 2614 1640 2641; x_wconf 87' lang='lat' dir='ltr'>super</span> <span class='ocrx_word' id='word_1_632' title='bbox 1657 2605 1821 2641; x_wconf 86' lang='lat' dir='ltr'>pluralitate</span> <span class='ocrx_word' id='word_1_633' title='bbox 1840 2605 2055 2632; x_wconf 84' lang='lat' dir='ltr'>beneficiorum.</span> <span class='ocrx_word' id='word_1_634' title='bbox 2076 2604 2156 2639; x_wconf 64' lang='lat' dir='ltr'>(Rae.</span> <span class='ocrx_word' id='word_1_635' title='bbox 2174 2606 2218 2635; x_wconf 67' lang='grc' dir='ltr'>ΞΤ,</span> <span class='ocrx_word' id='word_1_636' title='bbox 2234 2603 2282 2631; x_wconf 83' lang='lat' dir='ltr'>fol.</span> <span class='ocrx_word' id='word_1_637' title='bbox 2302 2605 2334 2631; x_wconf 84' lang='grc'>96</span> 
     </span>
    </p>
   </div>
   <div class='ocr_carea' id='block_1_35' title="bbox 1292 2655 1462 2691">
    <p class='ocr_par' dir='ltr' id='par_1_35' title="bbox 1292 2655 1462 2691">
     <span class='ocr_line' id='line_1_92' title="bbox 1292 2655 1462 2691; baseline -0.006 -8"><span class='ocrx_word' id='word_1_638' title='bbox 1292 2667 1293 2676; x_wconf 64' lang='grc'>1</span> <span class='ocrx_word' id='word_1_639' title='bbox 1323 2662 1364 2688; x_wconf 78' lang='lat' dir='ltr'>v0,</span> <span class='ocrx_word' id='word_1_640' title='bbox 1379 2660 1409 2682; x_wconf 81' lang='lat'>11⁰</span> <span class='ocrx_word' id='word_1_641' title='bbox 1427 2655 1462 2691; x_wconf 81' lang='lat'>1.)</span> 
     </span>
    </p>
   </div>
   <div class='ocr_carea' id='block_1_36' title="bbox 1364 2747 2333 2787">
    <p class='ocr_par' dir='ltr' id='par_1_36' title="bbox 1364 2747 2333 2787">
     <span class='ocr_line' id='line_1_93' title="bbox 1364 2747 2333 2787; baseline 0 -11"><span class='ocrx_word' id='word_1_642' title='bbox 1364 2760 1378 2777; x_wconf 81' lang='grc' dir='ltr'><strong><em>κ</em></strong></span> <span class='ocrx_word' id='word_1_643' title='bbox 1395 2749 1524 2786; x_wconf 61' lang='lat' dir='ltr'>lieberto</span> <span class='ocrx_word' id='word_1_644' title='bbox 1541 2749 1576 2779; x_wconf 74' lang='lat' dir='ltr'>(Ie</span> <span class='ocrx_word' id='word_1_645' title='bbox 1591 2749 1728 2785; x_wconf 50' lang='lat' dir='ltr'>Allan-iis,</span> <span class='ocrx_word' id='word_1_646' title='bbox 1740 2749 1852 2778; x_wconf 76' lang='lat' dir='ltr'>rectori</span> <span class='ocrx_word' id='word_1_647' title='bbox 1867 2747 1988 2778; x_wconf 74' lang='lat' dir='ltr'>ecclesie</span> <span class='ocrx_word' id='word_1_648' title='bbox 1999 2747 2239 2777; x_wconf 55' lang='lat' dir='ltr'>saznctioionisii</span> <span class='ocrx_word' id='word_1_649' title='bbox 2253 2748 2333 2787; x_wconf 79' lang='lat' dir='ltr'>ejus-</span> 
     </span>
    </p>
   </div>
   <div class='ocr_carea' id='block_1_37' title="bbox 1322 2853 2331 2948">
    <p class='ocr_par' dir='ltr' id='par_1_37' title="bbox 1322 2853 2331 2948">
     <span class='ocr_line' id='line_1_94' title="bbox 1322 2853 2331 2893; baseline -0.003 -7"><span class='ocrx_word' id='word_1_650' title='bbox 1322 2857 1526 2887; x_wconf 75' lang='lat' dir='ltr'>versationis</span> <span class='ocrx_word' id='word_1_651' title='bbox 1555 2858 1586 2886; x_wconf 87' lang='lat' dir='ltr'>et</span> <span class='ocrx_word' id='word_1_652' title='bbox 1609 2856 1688 2891; x_wconf 71' lang='lat' dir='ltr'>vite,</span> <span class='ocrx_word' id='word_1_653' title='bbox 1709 2855 1749 2884; x_wconf 87' lang='lat' dir='ltr'>de</span> <span class='ocrx_word' id='word_1_654' title='bbox 1768 2854 1890 2893; x_wconf 88' lang='lat' dir='ltr'>quibus</span> <span class='ocrx_word' id='word_1_655' title='bbox 1911 2853 1973 2884; x_wconf 87' lang='lat' dir='ltr'>tibi</span> <span class='ocrx_word' id='word_1_656' title='bbox 1990 2853 2160 2883; x_wconf 87' lang='lat' dir='ltr'>laudabile</span> <span class='ocrx_word' id='word_1_657' title='bbox 2181 2854 2331 2884; x_wconf 88' lang='lat' dir='ltr'>testimo-</span> 
     </span>
     <span class='ocr_line' id='line_1_95' title="bbox 1322 2906 2330 2948; baseline -0.003 -9"><span class='ocrx_word' id='word_1_658' title='bbox 1322 2909 1417 2939; x_wconf 85' lang='lat' dir='ltr'>nium</span> <span class='ocrx_word' id='word_1_659' title='bbox 1435 2908 1640 2948; x_wconf 74' lang='lat' dir='ltr'>perhibetur,</span> <span class='ocrx_word' id='word_1_660' title='bbox 1659 2907 1699 2937; x_wconf 86' lang='lat' dir='ltr'>ad</span> <span class='ocrx_word' id='word_1_661' title='bbox 1714 2907 1898 2937; x_wconf 84' lang='lat' dir='ltr'>faciendam</span> <span class='ocrx_word' id='word_1_662' title='bbox 1917 2906 1978 2936; x_wconf 89' lang='lat' dir='ltr'>tibi</span> <span class='ocrx_word' id='word_1_663' title='bbox 1991 2906 2134 2945; x_wconf 81' lang='lat' dir='ltr'>gratiam</span> <span class='ocrx_word' id='word_1_664' title='bbox 2147 2906 2330 2944; x_wconf 83' lang='lat' dir='ltr'>specialem</span> 
     </span>
    </p>
   </div>
  </div>
 </body>
</html>
