2547 3289
726 537 987 579 INCIPIT
1037 536 1396 580 REGESTUM
1445 537 1607 578 ANNI
1656 538 1888 580 TERTII

489 736 866 799 DOMINI

349 1227 423 1258 398
758 1227 883 1259 Orvieto,
902 1228 934 1255 13
948 1227 1110 1261 septembre
1126 1228 1203 1255 1263.

295 1306 434 1341 Episcopo
447 1304 624 1331 Warmiensi
649 1303 759 1330 inhibet
774 1311 808 1329 ne
833 1311 850 1330 a
876 1304 1033 1330 Gneznensi
1049 1303 1276 1338 archiepiscopo,

259 1354 449 1389 suffraganeis
470 1356 498 1380 et
522 1353 598 1380 clero
614 1353 778 1387 quicquam,
802 1352 1035 1386 procurationum
1057 1352 1184 1383 nomine,
1203 1352 1278 1379 ultra

258 1403 466 1438 quinquaginta
480 1410 595 1429 marcas
612 1401 726 1436 argenti
750 1401 877 1436 recipere
895 1401 1056 1432 annuatim,
1075 1410 1107 1428 ac
1128 1402 1162 1428 de
1181 1401 1277 1436 cogni-

257 1453 337 1480 tione
355 1459 507 1479 causarum
522 1451 717 1485 quarumlibet
731 1450 860 1486 ejusdem
876 1450 1040 1484 provinciae,
1054 1450 1108 1477 nisi
1120 1458 1170 1485 per
1182 1450 1276 1485 appel-

257 1501 396 1529 lationem
418 1501 453 1527 ad
480 1500 568 1535 ipsius
595 1499 771 1526 audientiam
800 1499 1000 1533 devolvantur,
1024 1508 1053 1526 se
1082 1499 1275 1526 intromittere

260 1552 428 1585 praesumat.
446 1550 525 1583 (Rea.
545 1548 590 1580 28,
607 1548 674 1575 anni
692 1548 736 1578 ΙΙΙ,
757 1547 806 1574 fol.
823 1549 846 1579 l,
864 1553 892 1573 n⁰
911 1549 946 1582 l).

301 1670 316 1689 (‹
336 1682 342 1688 .
366 1683 372 1689 .
393 1658 533 1698 episcopo
561 1656 753 1691 Warmiensi,
773 1656 936 1696 apostolice
953 1656 1031 1685 sedis
1052 1656 1160 1695 leyato.
1190 1656 1273 1687 Cum

257 1711 468 1744 Gneznensis
499 1710 675 1749 provincia
702 1709 905 1740 irruentium
933 1710 1148 1740 Tartarorum
1171 1710 1275 1748 Impe-

256 1767 330 1796 tum
345 1767 377 1795 et
398 1765 548 1795 furorem
572 1763 695 1794 iterato
722 1763 791 1801 jam
813 1763 1019 1793 sustinuisse
1039 1763 1181 1799 dicatur,
1208 1764 1239 1793 et
1257 1772 1275 1793 a

258 1818 429 1850 continuis
447 1817 677 1847 Lituariorum
691 1816 841 1846 hostiurn
857 1816 1057 1846 molestetur
1073 1816 1274 1855 aggessibus

259 1881 295 1903 ac
320 1870 643 1911 depopulationibus
671 1870 875 1905 devastetur,
902 1878 963 1899 nos
989 1869 1030 1899 ad
1059 1869 1274 1900 venerabiles

258 1925 380 1956 fratres
400 1925 536 1954 nostros
554 1949 560 1953 .
583 1949 589 1954 .
607 1923 844 1954 Gneznensem
864 1922 1167 1961 archiepiscopum,
1187 1923 1274 1961 ejus-

259 1986 324 2018 que
342 1978 586 2015 suss'raganeos‚
607 1984 736 2006 necnon
763 1976 804 2005 ad
827 1975 955 2005 clerum
973 1975 1125 2013 ejusdem
1141 1975 1275 2013 provin-

257 2032 307 2062 cie
320 2031 374 2070 pie
391 2032 546 2069 gerentes
560 2029 811 2068 compassionis
828 2029 986 2058 affectum
1001 2037 1037 2058 ac
1050 2028 1203 2058 volentes
1216 2036 1273 2058 eos

256 2086 395 2124 propter
411 2083 473 2114 hoc
490 2083 530 2114 ab
557 2082 636 2112 aliis
654 2081 910 2121 gravaminibus
936 2081 1098 2115 relevare,
1120 2081 1274 2111 fraterni-

255 2138 318 2168 tati
333 2139 389 2168 tue
408 2137 608 2167 auctoritate
634 2135 846 2175 presentium
864 2135 1054 2165 districtius
1078 2134 1272 2164 inhibemus

257 2199 298 2221 ne
330 2190 370 2221 ab
400 2190 530 2221 eisdem
566 2188 833 2227 archiepiscopo,
868 2188 1091 2227 suffraganeis
1121 2191 1152 2217 et
1181 2188 1271 2218 clero

258 2244 453 2283 quicquam,
467 2242 743 2282 procurationum
760 2243 895 2272 tuarum
911 2241 1058 2277 nomine,
1076 2241 1166 2271 ultra
1178 2241 1274 2280 quin-

260 2296 422 2336 quaginta
446 2304 578 2326 marcas
596 2295 736 2334 argenti,
756 2303 840 2333 quas
865 2293 927 2324 tibi
953 2294 1140 2332 apostolica
1161 2296 1272 2324 aucto-

258 2349 358 2379 ritate
376 2350 545 2385 taxamus,
565 2348 702 2386 exigere
726 2356 763 2378 ac
785 2347 934 2386 recipere
961 2347 1148 2382 annuatim,
1170 2355 1206 2376 ac
1232 2346 1272 2377 de

260 2402 451 2441 cognitione
469 2410 648 2432 causarum
667 2400 896 2440 quarumlibet
920 2400 1070 2439 ejusdem
1096 2400 1270 2438 provincie

258 2458 290 2486 te
310 2455 537 2485 intromittere
563 2454 799 2493 quoquomodo
818 2462 1008 2492 presumas,
1032 2453 1098 2483 msi
1130 2461 1189 2491 per
1215 2462 1269 2491 ap-

258 2509 324 2548 pell
339 2509 478 2538 itionem
499 2507 541 2537 ad
557 2508 651 2537 tuam
673 2507 880 2537 audientiam
898 2507 1135 2541 devolvantur,
1155 2506 1188 2535 in
1205 2515 1271 2544 quo

258 2562 360 2592 etiam
380 2569 470 2597 casu,
486 2560 619 2590 nullum
638 2560 799 2590 clericum
812 2560 864 2589 vel
884 2559 1007 2589 laicum
1027 2559 1179 2598 ejusdem
1198 2568 1271 2598 pro-

257 2615 367 2644 vincie
399 2613 488 2644 ultra
509 2613 594 2643 duas
614 2613 735 2649 dietas,
754 2614 849 2642 extra
873 2621 968 2642 suam
986 2612 1161 2648 diocesim,
1182 2612 1273 2642 volu-

257 2676 334 2699 mus
351 2667 496 2697 evocari.
524 2666 653 2696 Taliter
671 2666 775 2705 igitur
792 2665 986 2704 hujusmodi
1011 2666 1125 2695 nostre
1150 2665 1272 2695 inhibi-

256 2721 361 2751 tionis
383 2720 512 2750 limites
529 2720 666 2750 studeas
692 2719 872 2749 observare
898 2720 933 2748 ut
952 2718 1030 2748 illos
1055 2719 1166 2757 egredi
1192 2727 1271 2757 quo—

258 2773 444 2804 modolibet
474 2781 539 2802 non
570 2773 767 2810 attemptes,
800 2772 948 2810 dictique
981 2771 1268 2810 archiepiscopus,

259 2827 463 2865 suffraganei
488 2834 525 2855 ac
542 2825 652 2855 clerus
667 2825 795 2863 justam
813 2825 853 2854 de
870 2826 901 2854 te
919 2833 984 2854 non
1002 2823 1146 2854 habeant
1164 2825 1268 2853 mate-

257 2880 343 2910 riam
362 2878 600 2918 conquerendi.
622 2879 746 2908 Datum
771 2877 859 2916 apud
884 2877 1174 2913 Urbemveterem,
1192 2877 1269 2906 idus

259 2932 474 2971 septembris,
494 2940 580 2962 anno
598 2931 711 2961 tertio.
730 2941 744 2959 n

945 736 1333 796 URBANI
1411 738 1661 800 ΡΑΡΕ
1739 740 2120 808 QUARTI

1427 1226 1500 1257 399

1851 1232 1975 1263 Orvieto,
1993 1234 2008 1259 5
2022 1233 2183 1267 septembre
2203 1236 2276 1262 1203.

1374 1308 1494 1341 Simoni,
1511 1310 1618 1336 decano
1639 1310 1768 1337 ecclesi-“e
1785 1319 1807 1337 s.
1839 1312 1913 1338 Petri
1938 1311 2114 1343 Leodiensis,
2138 1313 2243 1340 factam
2272 1324 2286 1341 a
2307 1316 2348 1347 l'.,

1338 1366 1360 1384 s.
1378 1359 1492 1393 Georgii
1507 1360 1541 1385 ad
1556 1360 1656 1386 Velum
1673 1361 1798 1387 Aureum
1826 1361 1946 1387 diacono
1968 1362 2117 1389 cardinali,
2141 1365 2207 1389 tuuc
2234 1364 2260 1389 in
2290 1364 2347 1390 illis

1338 1407 1466 1441 partibus
1484 1408 1648 1442 apostolicae
1672 1409 1747 1435 sedis
1775 1409 1883 1443 legato,
1909 1411 2135 1442 concessionem,
2156 1411 2286 1439 videlicet
2307 1416 2346 1443 ut,

1338 1459 1441 1490 praeter
1456 1457 1626 1484 decanatum
1656 1458 1784 1485 ecclesiae
1802 1467 1824 1484 S.
1844 1459 1918 1485 Petri
1940 1459 2104 1486 Leodiensis
2129 1462 2156 1487 et
2172 1460 2228 1487 alia
2245 1462 2349 1488 benefi-

1337 1505 1380 1532 cia
1397 1514 1495 1533 curam
1518 1507 1681 1533 animarum
1701 1507 1846 1537 habentia,
1872 1508 1988 1534 unicum
2015 1508 2092 1535 aliud
2118 1509 2285 1536 beneficium
2305 1519 2348 1537 ec-

1337 1554 1542 1586 clesiasticum,
1560 1555 1649 1582 etiam
1666 1556 1688 1582 si
1706 1564 1806 1582 curam
1820 1556 1937 1583 haberet
1955 1557 2092 1585 similem,
2111 1560 2205 1592 posset
2220 1559 2346 1593 recipere

1336 1607 1364 1631 ct
1385 1612 1441 1630 una
1467 1612 1532 1630 eum
1558 1604 1598 1630 eis
1624 1604 1700 1631 licite
1719 1605 1852 1635 retinere,
1877 1605 2038 1632 confirmat.
2056 1607 2193 1639 (umes,
2212 1616 2278 1634 ann.
2300 1608 2344 1638 ΙΙΙ,

1336 1657 1367 1679 n⁰
1382 1654 1408 1684 2,
1425 1653 1445 1679 s⁰
1457 1653 1495 1687 1.)

1377 1770 1391 1789 «
1413 1759 1561 1798 Maqistro
1577 1760 1717 1800 Symoni,
1736 1760 1848 1790 decano
1869 1761 1989 1790 ecclesie
2008 1772 2030 1791 S.
2058 1761 2143 1791 Petri
2160 1762 2343 1794 Leodiensis.

1336 1813 1420 1843 Cum
1439 1822 1457 1843 a
1476 1813 1573 1843 nobis
1597 1831 1629 1835 —
1650 1837 1655 1842 .
1675 1814 1800 1843 Datum
1820 1814 1907 1852 apud
1930 1814 2219 1851 Urbenmeterem,
2246 1816 2346 1846 nonis

1337 1865 1552 1904 septembris,
1572 1874 1658 1896 anno
1676 1866 1787 1896 tertio.
1809 1876 1823 1894 n

1426 2062 1498 2092 400
1822 2061 1946 2087 Orvieio.
1967 2062 1996 2088 13
2016 2062 2180 2095 septembre
2198 2063 2273 2089 1203.

1369 2145 1525 2180 Thrugoto.
1550 2145 1641 2172 electo
1664 2145 1838 2177 Revalieusi,
1863 2155 1948 2180 quem
1970 2147 2068 2181 regina
2091 2147 2192 2173 Daciae
2212 2149 2247 2173 ad
2270 2148 2350 2181 regi-

1334 2203 1400 2221 men
1419 2194 1597 2221 Revaliensis
1623 2195 1762 2221 ecclesiae
1787 2195 1913 2230 elegerat
1936 2198 1962 2222 et
1987 2196 2066 2231 cujus
2090 2197 2262 2222 electionem
2286 2197 2346 2231 ipse

1333 2244 1460 2279 pontifex
1484 2252 1598 2270 cassam
1624 2246 1651 2270 et
1676 2244 1789 2271 irritam
1816 2245 1893 2278 prius
1913 2245 2108 2272 nuntiaverat.
2131 2245 2184 2279 ipsi
2206 2245 2346 2272 ecclesiae

1333 2293 1460 2328 praeficit
1478 2293 1505 2319 in
1518 2293 1695 2327 episcopum.
1711 2294 1790 2328 (nm
1802 2294 1846 2321 28.
1859 2293 1907 2320 fol.
1928 2294 1951 2321 1.
1963 2302 2029 2319 ann.
2045 2294 2090 2320 111.
2104 2300 2133 2319 n‘*
2149 2295 2182 2325 33
2200 2294 2346 2320 PorTnAsr

1335 2342 1446 2377 18049.)

1374 2461 1389 2479 α
1428 2450 1591 2488 Thruyoto,
1621 2449 1712 2478 electo
1746 2448 1930 2479 Revaliensi.
1963 2449 2114 2479 Ecclesia
2147 2449 2344 2479 Rex-aliensi

1333 2504 1460 2534 dudum
1487 2504 1621 2541 pastore
1652 2504 1803 2538 vacante,
1839 2502 2016 2532 carissima
2047 2502 2079 2531 in
2112 2502 2246 2532 Christo
2276 2502 2345 2532 filia

1333 2559 1448 2586 nostra
1470 2557 1527 2589 M..
1555 2556 1670 2594 regina
1686 2555 1789 2585 Dacie
1808 2555 1967 2590 illustris,
1992 2563 2055 2593 que
2074 2555 2291 2585 carissimum
2310 2556 2346 2586 in

1333 2610 1466 2641 Christo
1492 2609 1600 2638 lilium
1632 2610 1786 2638 nostrum
1821 2632 1851 2638 ..
1883 2607 2052 2637 illustrem
2086 2616 2198 2646 regem
2228 2608 2344 2645 Dacie,

1333 2663 1449 2693 natum
1468 2670 1578 2696 suum,
1599 2662 1678 2690 tunc
1702 2660 1925 2699 impuberem,
1946 2662 1976 2689 et
2001 2668 2141 2699 regnum
2162 2660 2264 2690 Dacie
2288 2669 2345 2699 gu-

1332 2714 1506 2749 bernabat,
1526 2714 1567 2743 ad
1592 2713 1742 2752 regimen
1763 2713 1872 2751 ipsius
1892 2712 2034 2742 ecclesie
2051 2714 2096 2749 te,
2115 2714 2194 2742 tunc
2211 2713 2345 2743 canoni-

1333 2777 1408 2798 cum
1440 2766 1721 2801 Roskildensem,
1754 2766 1794 2795 de
1829 2766 1917 2795 facto
1951 2765 2071 2804 elegit,
2103 2766 2243 2796 credens
2279 2765 2344 2795 sibi

1332 2821 1392 2851 hoc
1411 2820 1470 2850 illa
1487 2820 1527 2849 de
1546 2828 1647 2849 causa
1665 2819 1778 2852 licere,
1804 2818 1883 2856 quia
1901 2817 1990 2847 clare
2010 2819 2172 2848 memorie
2195 2819 2265 2852 w„
2285 2827 2345 2848 rex

1332 2874 1446 2909 Datne,
1466 2872 1522 2911 qui
1541 2874 1665 2902 terram
1687 2871 1926 2902 Revaliensem
1952 2871 1992 2900 de
2018 2879 2119 2901 manu
2137 2879 2343 2909 paganorum

1333 2927 1480 2965 eripiens
1497 2927 1529 2956 et
1547 2925 1726 2964 acquirens
1751 2924 1856 2954 cultui
1882 2924 2079 2962 christiano,
2099 2925 2222 2955 dietam
2243 2925 2345 2955 eccle—
