2547 3289
1080 218 1321 256 TROISIEME
1349 218 1514 256 ANNJZE.

252 316 324 338 sem
356 308 529 340 ecclesias.
556 317 699 347 quarum
726 308 860 346 plenam
881 308 1210 338 administrationem
1232 309 1265 338 in

252 361 490 399 spiritualibus
506 364 538 391 et
562 361 808 400 temporalibus
830 361 892 391 tibi
912 361 1169 397 committimus,
1189 370 1265 391 cum

250 414 461 452 plenitudine
490 416 602 444 nostre
627 414 734 452 gratie
761 423 798 444 ac
822 413 1067 444 benedictionis
1091 413 1263 450 accedens,

250 475 328 506 erga
348 467 485 496 illarum
502 476 616 496 curam
635 469 667 497 et
685 467 834 505 regimen
847 467 893 496 sic
912 468 944 496 te
963 466 1174 496 fructuosum
1194 466 1265 496 red-

250 519 310 549 das
330 521 359 549 et
377 520 561 549 sollicitum
583 520 671 558 quod
689 521 747 549 tua
766 519 854 549 fama
877 519 1003 549 clareat
1019 527 1079 557 per
1095 519 1261 555 effectum,

250 574 280 602 et
311 572 344 601 iu
364 572 623 602 delectationem
651 571 749 601 nobis
767 572 880 602 veniat
897 571 1057 610 precipua
1074 572 1106 601 te
1128 570 1263 600 benivo—

249 624 353 654 lentia
370 625 543 663 prosequi,
561 625 697 663 tuisque
716 625 804 654 votis
824 624 1000 663 condignis
1024 623 1173 653 favorem
1191 632 1264 662 pro-

249 678 369 716 pitium
396 678 574 715 impertiri.
603 678 728 707 Datum
757 678 845 716 apud
883 677 1172 713 Urbemveterem,
1202 685 1261 706 vui

250 731 412 760 kalendas
435 730 607 765 februarii,
628 739 714 760 anno
732 730 845 760 tertio.
866 741 881 758 η

289 840 324 869 In
346 850 373 869 e.
396 848 438 868 m.
466 839 614 877 capitulo
640 839 827 868 Pennensis
851 840 882 868 et
906 838 1084 869 Adriensis
1105 837 1262 867 ecclesia-

248 901 334 922 rum.
360 901 396 921 ac
426 892 515 921 clero
538 892 686 922 civitatis
711 893 743 921 et
766 892 912 921 diocesis
942 890 1141 921 Pennensis.
1171 891 1262 926 (Por-

247 955 341 974 TnAs‘r
360 946 482 979 19018.)

286 998 336 1028 In.
357 1007 385 1027 e.
404 1006 448 1028 m.
470 997 593 1036 populo
612 997 761 1028 civitatis
775 999 807 1027 et
824 997 969 1027 diocesis
988 996 1188 1027 Pennensis.

802 1175 928 1209 Orvieto,
945 1178 960 1202 2
978 1175 1090 1211 janvier
1112 1175 1189 1203 1204.

338 1178 409 1209 484

282 1261 324 1291 Ε.,
336 1261 396 1295 regi
413 1261 525 1293 Daciae,
537 1263 566 1288 et
580 1261 697 1296 reginae
709 1261 795 1288 matri
808 1261 935 1295 indulget
950 1264 979 1287 ut
994 1268 1083 1295 neque
1101 1260 1259 1287 Lundensis

247 1309 478 1344 archiepiscopus
498 1318 587 1344 neque
607 1309 757 1344 episcopus
770 1309 978 1340 Rostrildensis,
998 1310 1045 1344 qui
1064 1317 1093 1335 se
1105 1309 1260 1344 praedictis

247 1358 322 1393 regis
348 1361 373 1385 et
401 1358 516 1393 reginae
543 1359 672 1393 publicos
697 1359 830 1385 inimicos
853 1359 1074 1387 constituerunt,
1096 1357 1259 1393 hujusmodi

246 1407 414 1434 durantibus
432 1407 603 1438 inimicitiis,
620 1407 728 1441 possint
750 1407 778 1434 in
800 1415 937 1441 personas
951 1406 1260 1433 excommunicationis

245 1459 294 1482 aut
311 1455 339 1481 in
355 1458 446 1482 terras
465 1456 592 1489 ipsorum
613 1455 757 1482 interdicti
784 1455 942 1482 sententias
956 1455 1128 1482 auctoritate
1146 1456 1260 1490 propria

246 1504 441 1539 promulgare.
455 1505 533 1536 issi-20.
550 1504 594 1535 28,
609 1513 675 1531 ann.
692 1505 739 1538 111,
756 1509 787 1530 n⁰
799 1505 843 1535 87,
862 1504 910 1531 fol.
928 1506 976 1536 283
990 1504 1136 1531 porram
1152 1504 1260 1538 18702.)

286 1623 300 1637 «
325 1609 492 1638 Carissimo
506 1611 537 1638 ‘in
556 1610 676 1640 Christo
693 1609 759 1648 filio
777 1609 831 1645 E.,
846 1610 912 1649 reqi
930 1609 1032 1643 Dctcie,
1051 1619 1086 1638 ac
1108 1609 1261 1638 carissime

246 1663 279 1692 in
296 1662 419 1692 Christo
432 1662 497 1700 filie
518 1686 551 1697 ..,
565 1673 676 1702 reqme,
695 1663 790 1691 matri
809 1663 884 1702 ejus,
908 1662 1090 1692 illustribus.
1111 1662 1177 1692 Pro
1194 1663 1261 1692 Sin-

246 1725 320 1746 cere
332 1717 522 1746 devotionis
531 1733 579 1746 —.
590 1717 674 1746 Cum
685 1717 810 1754 itaque,
823 1716 910 1746 sicut
920 1725 961 1746 ex
972 1719 1064 1754 parte
1075 1718 1187 1746 vestra
1199 1716 1261 1746 suit

246 1770 457 1808 propositum
474 1779 585 1799 coram
608 1769 717 1801 nobis,
743 1769 954 1799 venerabiles
976 1770 1097 1799 fratres
1114 1770 1221 1799 nostri
1239 1793 1258 1800 ..

246 1823 438 1853 Lundensis
463 1823 739 1861 archiepiscopus
758 1825 788 1852 et
810 1848 828 1853 ..
857 1823 1038 1861 episcopus
1058 1822 1261 1853 Roskilden-

246 1877 306 1912 sis,
332 1885 367 1906 se
397 1877 521 1906 vestris
552 1876 698 1914 publicis
723 1877 873 1906 inimicis
905 1876 937 1905 in
969 1877 1042 1906 suis
1067 1876 1261 1914 dampnatis

246 1929 371 1959 studiis
392 1930 644 1968 conjungentes,
665 1938 699 1959 se
715 1929 812 1959 vobis
829 1929 983 1967 publicos
1002 1929 1133 1959 emulos
1150 1931 1182 1959 et.
1199 1929 1261 1958 ini-

246 1982 353 2012 micos
367 1983 604 2012 constituerint
619 1982 830 2017 manifestos,
843 1991 879 2011 ac
892 1982 1071 2012 exiverint.
1085 1981 1260 2011 occasione

245 2035 454 2074 hujiismodi,
488 2044 628 2074 regumn
662 2038 823 2071 vestrum,
850 2043 911 2065 nos
932 2035 1123 2065 devotionis
1150 2036 1260 2065 vestre

246 2088 403 2127 precibus
420 2089 585 2125 inclinati,
605 2088 702 2118 vobis
716 2089 915 2118 auctoritate
930 2088 1140 2127 presentium
1153 2088 1262 2118 indul-

246 2150 364 2181 gemus
401 2145 435 2172 ut
472 2142 587 2172 nullus
627 2142 791 2180 ipsorum,
829 2141 1025 2180 hujusmodi
1068 2141 1261 2171 inimicitiis

245 2197 381 2233 propter
405 2195 539 2234 culpam
558 2204 673 2225 eorum
695 2194 897 2224 durantibus
917 2195 1004 2224 inter
1029 2203 1087 2224 vos
1105 2196 1136 2225 et
1156 2195 1260 2233 ipsos,

246 2249 355 2287 possit
382 2249 414 2277 in
435 2257 597 2286 personas
621 2248 984 2278 excommunicatioms
1007 2251 1065 2278 aut
1090 2250 1198 2278 terras
1216 2249 1263 2278 in-

246 2301 379 2331 terdicti
413 2302 600 2331 sententias
635 2301 834 2331 auctoritate
868 2301 1005 2339 propria
1032 2301 1258 2340 promulgare.

248 2355 370 2384 Datum
408 2355 495 2392 apud
537 2355 828 2387 Urbemvetereim
872 2364 919 2384 1111
962 2363 1068 2384 nonas
1104 2355 1259 2391 januarii,

249 2416 335 2438 anno
351 2407 425 2437 111⁰.
448 2418 461 2435 υ

339 2581 412 2611 435

817 2580 941 2611 Orvieto,
955 2581 970 2607 2
982 2580 1095 2615 janvier
1114 2580 1188 2607 1204.

285 2664 399 2690 Eisdem
427 2664 557 2690 concedit
581 2666 621 2690 ut.
643 2666 774 2697 tempore
793 2663 936 2697 generalis
954 2663 997 2689 vel
1018 2663 1151 2698 specialis
1169 2666 1262 2690 terrae

248 2712 404 2743 interdicti,
434 2712 517 2738 liccat
538 2712 579 2738 eis
602 2712 630 2738 in
647 2711 764 2746 capellis
783 2712 853 2739 suis.
871 2719 920 2746 per
941 2711 1104 2746 capellanos
1120 2711 1261 2746 proprios,

245 2760 340 2796 januis
358 2761 474 2792 clausis,
498 2760 636 2786 celebrari
659 2762 685 2786 ct
706 2760 803 2786 audire
821 2759 918 2786 divina
940 2762 968 2786 et
987 2760 1182 2786 ecclesiastica
1200 2769 1261 2794 per-

249 2811 344 2844 cipere
361 2811 553 2839 sacramenta,
575 2810 733 2835 dummodo
752 2809 804 2843 ipsi
822 2817 938 2835 causam
956 2817 1013 2835 non
1030 2808 1159 2835 dederint
1175 2809 1262 2835 inter-

249 2859 325 2885 dicto
346 2859 388 2885 vel
408 2858 434 2884 id
451 2858 518 2892 ipsis
536 2866 592 2884 non
608 2858 757 2892 contingat
768 2866 817 2892 per
832 2857 902 2884 alios
917 2865 1002 2892 quum
1015 2865 1064 2892 per
1082 2858 1261 2884 Lundensem

250 2907 496 2942 archiepiscopum
519 2910 544 2933 et
574 2906 795 2933 Roskildensein
821 2907 997 2940 episcopum.
1023 2906 1191 2932 durantibus
1211 2906 1260 2932 hu-

376 2970 513 2997 URBAIN
537 2969 590 3003 IV,
612 2972 633 2997 t.
655 2969 694 3001 ΙΙ,
718 2970 781 3003 Hey.
803 2969 862 2996 ord.

2281 232 2338 262 241

1324 307 1451 342 jusmodi
1470 309 1644 341 inimicitiis,
1662 311 1802 338 interdici.
1821 313 1902 339 iuss..
1920 314 1964 344 28,
1982 314 2029 340 fol.
2047 316 2081 340 28
2101 318 2139 340 γ’),
2155 322 2222 342 ann.
2243 315 2288 343 ΙΙΙ,
2307 322 2338 343 n⁰

1326 359 1377 388 883
1396 357 1542 384 Porrimsr
1564 359 1670 391 18703.)

1366 468 1380 483 «
1398 455 1536 486 Eisdem.
1558 456 1622 486 Pro
1646 457 1775 487 sincere
1803 458 1993 488 devotionis
2009 476 2057 489 —.
2082 460 2204 490 Datum
2230 462 2265 491 ut
2282 470 2337 491 su·

1325 516 1396 546 pra.
1416 519 1432 535 n

1416 666 1486 696 48ss
1882 667 2004 697 orvieto,
2024 670 2039 694 :A
2053 667 2166 701 janvicr
2186 669 2261 695 1264.

1358 749 1496 783 Episcopo
1515 749 1693 783 Wibergcnsi
1717 751 1833 776 mandat
1855 754 1881 777 nt
1900 750 2109 785 archicpiscopi
2127 752 2288 779 Lundensis
2305 753 2333 779 in

1322 796 1531 831 episcopalibus
1556 798 1630 824 vices
1650 800 1742 830 gerat.
1758 799 1894 832 quamdiu
1910 808 1926 825 a
1944 808 1995 825 sua
2010 799 2115 825 diocesi
2134 800 2208 827 idem
2226 801 2334 828 archie-

1322 845 1453 879 piscopus
1473 846 1577 872 absens
1595 847 1690 873 fuerit.
1707 846 1784 878 (linc.
1802 849 1846 877 28,
1860 847 1907 873 t'ol.
1924 850 1957 875 2&
1974 853 2009 872 v⁰.
2023 856 2091 875 ann.
2104 849 2149 875 m.
2162 855 2190 874 n0
2204 850 2253 881 893
2267 850 2334 876 Po‘r-

1321 901 1421 924 τιιΑεΤ,
1443 894 1549 927 18764.)

1364 1016 1378 1031 «
1401 1029 1419 1034 ..
1441 1005 1579 1044 episcopo
1603 1004 1797 1043 Wiberyensi.
1817 1006 1868 1034 Ad
1881 1006 2086 1036 audientiam
2099 1009 2249 1037 nostram
2262 1017 2334 1045 per-

1322 1059 1412 1087 venit
1433 1058 1521 1096 quod
1538 1057 1744 1087 venerabilis
1763 1058 1866 1087 frater
1884 1060 1999 1088 noster
2018 1084 2037 1089 ..
2058 1060 2335 1099 archiepiscopus

1322 1111 1526 1147 Lundensis,
1545 1119 1580 1140 se
1602 1119 1620 1140 a
1641 1110 1776 1140 civitate
1798 1119 1834 1140 ac
1854 1111 1980 1141 diocesi
2004 1112 2247 1143 Lundensibus
2265 1115 2335 1143 tam

1321 1166 1414 1194 motu
1443 1164 1579 1203 proprio
1605 1173 1706 1202 quam
1735 1164 1806 1193 suis
1826 1165 1935 1203 culpis
1953 1166 2182 1204 exigentibus,
2203 1167 2335 1197 diutius

1321 1216 1522 1253 absentavit,
1543 1217 1714 1247 carissimi
1740 1217 1774 1247 in
1792 1217 1926 1247 Christo
1954 1218 2016 1248 filii
2035 1220 2143 1249 nostri
2163 1220 2213 1256 E.7
2232 1220 2333 1258 regis,

1321 1278 1358 1299 ac
1368 1270 1481 1308 regine
1495 1270 1598 1300 Dacie
1609 1270 1797 1300 illustrium
1808 1270 1957 1300 inimicis
1969 1271 2115 1310 publicis
2130 1272 2333 1308 adherendo,

1321 1323 1436 1361 sicque
1464 1331 1529 1353 non
1548 1325 1675 1353 estnec
1697 1323 1770 1359 fuit,
1797 1324 1895 1353 annis
1926 1324 2082 1362 pluribus
2107 1325 2177 1363 jam
2196 1325 2334 1364 elapsis,

1322 1377 1379 1415 qui
1404 1376 1437 1406 in
1463 1377 1591 1406 eisdem
1614 1377 1749 1407 civitate
1772 1377 1824 1407 vel
1848 1377 1974 1407 diocesi
1995 1378 2118 1408 crisma
2144 1379 2333 1413 conficeret,

1321 1430 1497 1459 crismaret
1513 1438 1636 1468 pueros
1655 1433 1686 1460 et
1703 1430 1851 1460 subditis
1869 1431 2011 1461 ecclesie
2030 1432 2221 1462 Lundensis
2242 1432 2335 1462 exhi-

1321 1483 1414 1513 beret
1433 1483 1664 1513 ecclesiastica
1681 1485 1893 1514 sacramenta
1911 1485 1942 1514 et
1963 1484 2030 1514 alia
2048 1494 2112 1523 que
2130 1493 2189 1523 per
2206 1485 2334 1515 archie-

1321 1536 1478 1574 piscopos
1507 1536 1748 1571 conferuntur3
1767 1545 1809 1566 ex
1829 1546 1894 1575 quo
1921 1545 1985 1567 non
2015 1538 2125 1567 solum
2145 1538 2333 1576 periculum

1322 1589 1477 1619 imminet
1498 1589 1700 1625 animarum,
1720 1598 1836 1619 verum
1857 1590 1957 1619 etiam
1974 1599 2073 1629 grave
2092 1591 2124 1620 in
2143 1591 2271 1621 eisdem
2290 1591 2334 1621 ci-

1321 1642 1423 1672 vitate
1441 1651 1476 1672 ac
1489 1642 1615 1672 diocesi
1635 1643 1830 1672 scandalum
1844 1645 2033 1682 generatur.
2050 1644 2216 1679 Quoniam
2231 1645 2335 1683 igitur

1322 1697 1434 1725 nostra
1454 1696 1593 1725 interest
1613 1704 1715 1734 super
1733 1696 1793 1726 lioc
1808 1696 1990 1726 salubriter
2005 1697 2194 1735 providere,
2214 1698 2334 1728 frater-

1322 1749 1419 1779 nitati
1435 1753 1490 1779 tue
1502 1749 1702 1779 mandamus
1722 1750 1893 1788 quatinus,
1911 1750 1939 1779 si
1957 1752 2007 1779 est
2024 1751 2082 1785 ita,
2096 1751 2128 1780 in
2145 1751 2280 1781 civitate
2298 1760 2334 1781 ac

1321 1802 1447 1832 diocesi
1466 1802 1681 1840 supradictis,
1702 1803 1865 1841 quamdiu
1880 1802 1920 1832 ab
1939 1803 2024 1841 ipsis
2042 1803 2130 1833 idem
2151 1803 2333 1843 archiepis—

1321 1864 1425 1893 copus
1453 1854 1576 1885 absens
1595 1855 1707 1890 fuerit,
1727 1864 1765 1885 ea
1783 1864 1847 1894 que
1868 1858 1944 1886 sunt
1963 1857 2168 1895 episcopalis
2191 1857 2332 1891 ordinis,

1322 1909 1521 1938 auctoritate
1540 1910 1655 1937 nostra
1673 1917 1829 1939 exercere
1841 1917 2014 1947 procures,
2029 1909 2075 1939 ita
2093 1910 2181 1948 quod
2197 1919 2256 1948 per
2274 1911 2334 1940 hoc

1322 1961 1495 1991 Lundensi
1523 1961 1664 1991 ecclesie
1692 1961 1724 1991 in
1756 1963 1930 2000 posterum
1958 1962 2088 1992 nullum
2110 1963 2333 2001 prejudicium

1321 2017 1509 2053 generetur.
1531 2015 1804 2045 Contradictores
1820 2016 2020 2045 auctoritate
2043 2018 2167 2045 nostra.
2189 2016 2334 2054 appella-

1322 2069 1412 2098 tione
1431 2068 1632 2106 postposita.
1652 2069 1906 2106 compescendo.
1927 2069 2051 2098 Datum
2070 2071 2103 2098 ut
2125 2078 2237 2107 supra.
2257 2082 2271 2096 υ

1412 2257 1483 2287 487

2024 2258 2039 2282 2
2054 2256 2166 2290 janvier
2185 2257 2261 2284 1202.

1358 2340 1496 2374 Episcopo
1522 2339 1670 2366 Arusiensi
1693 2340 1789 2366 simile
1805 2341 1851 2366 dat
1875 2341 2043 2366 mandatum
2061 2343 2190 2374 respectu
2207 2341 2333 2375 episcopi

1323 2389 1531 2421 ltoskildensis,
1548 2389 1595 2423 qui
1608 2392 1722 2423 propter
1736 2397 1838 2422 glanvcs
1848 2396 1980 2415 excessus
1998 2397 2046 2423 per
2061 2389 2217 2415 triennium
2231 2390 2332 2416 absen-

1321 2438 1402 2464 tavit.
1419 2438 1500 2472 dim.
1519 2438 1563 2469 28,
1580 2438 1629 2464 t‘ot.
1647 2440 1680 2465 28
1698 2442 1737 2471 νο,
1752 2445 1818 2463 ann.
1835 2438 1882 2467 ΙΙΙ,
1901 2443 1929 2463 n⁰
1944 2438 1992 2469 903
2012 2438 2156 2464 l'orruAsr
2171 2439 2279 2471 tsssos.)

1361 2560 1375 2575 «
1403 2573 1421 2578 ,.
1447 2548 1585 2587 episcopo
1611 2547 1777 2576 Arusiensi,
1810 2547 1860 2576 Ad
1882 2547 2088 2577 audientiam
2112 2549 2261 2578 nostram
2282 2567 2330 2580 —.

1322 2602 1445 2631 Datum
1464 2602 1628 2638 utsupra.
1647 2608 1664 2628 »
1704 2621 1707 2623 >

1415 2773 1485 2804 488

1861 2771 1986 2803 Orvieto,
2008 2772 2038 2799 ts
2053 2771 2166 2807 janvier
2185 2772 2259 2798 1204.

1359 2855 1526 2889 Praeposito
1550 2857 1574 2880 et
1605 2853 1730 2888 capitulo
1749 2854 2002 2888 Zagabricnsibus,
2021 2863 2037 2881 a
2060 2855 2162 2889 quibus
2187 2855 2279 2881 nuntii
2306 2859 2333 2882 et.

1325 2906 1526 2940 procuratores
1547 2902 1701 2935 Timothei,
1718 2903 1918 2937 Zagabriensis
1943 2903 2080 2938 episcopi,
2103 2904 2172 2930 olim
2196 2903 2352 2940 archidiag

2177 2967 2206 2993 31
