2547 3289
981 259 1220 298 TnotsIEME
1248 259 1411 297 ANNEE.

152 352 241 390 quod
259 351 342 382 olim
367 351 454 381 lnter
474 351 639 381 discretos
663 351 754 381 viros
772 351 979 381 Bernardum
1000 350 1039 381 de
1063 351 1166 381 Villa-

151 406 253 440 certo,
274 404 549 434 archidiaconum
571 404 610 434 de
628 404 722 434 Silva
742 404 773 433 in
793 404 934 434 ecclesia
954 403 1166 434 Gerundensi

151 458 183 487 et
199 457 397 487 canonicum
424 456 744 492 Barchinonensem,
771 456 1016 486 subdiaconum
1037 458 1069 487 et
1092 465 1166 495 cap-

151 510 325 548 pellanum
362 518 472 540 suum.
514 511 543 539 et
576 509 777 548 magistrum
811 510 861 545 R,
895 509 1166 539 archidiaconum

152 563 472 598 Barchinonensem,
491 571 593 600 super
609 562 883 592 archidiaconatu
894 571 994 601 quem
1006 562 1039 592 in
1050 562 1166 592 eadem

151 616 417 646 Barchinonensi
449 616 591 646 ecclesia
625 615 763 651 obtinet,
801 616 977 654 questione
1015 615 1164 651 suborta,

151 677 256 707 eaque
275 669 315 698 (10
330 668 487 698 mandato
506 677 566 698 suo
586 677 644 707 per
663 668 943 706 compositionem
953 668 1166 698 amicabilem

152 722 346 757 terminata,
377 722 465 751 idem
487 721 645 751 dominus
664 721 752 751 dicto
772 721 969 759 cappellano
991 730 1051 751 suo
1074 730 1167 751 cano·

153 776 300 805 nicatum
340 775 449 813 ipsius
479 774 765 804 Barchinonensis
793 774 934 804 ecclesie
966 774 1164 808 contulerat,

151 827 332 866 ipsumque
351 836 410 866 per
436 836 536 856 suum
555 826 716 856 annulum
736 826 955 857 investiverat
975 827 1014 857 de
1036 827 1164 861 eodem,

151 881 182 910 et
201 882 419 918 personatum
449 879 503 909 vel
518 879 717 918 dignitatem
735 888 771 909 ac
790 879 909 909 domos
928 882 959 909 et
978 880 1166 918 prepositu-

152 942 224 962 ram
255 942 318 971 que
344 936 480 961 mensata
505 932 691 970 vulgariter
719 932 920 970 appellatur,
944 933 1054 970 primo
1083 931 1165 961 inibi

150 987 340 1022 vacaturos,
376 985 598 1015 conferendos
636 984 746 1015 eidem
778 984 951 1014 donationi
983 985 1166 1022 apostolice
1196 988 1197 991 ’

151 1038 295 1069 duxerat
319 1038 556 1072 reservandos,
584 1046 620 1068 ac
652 1037 847 1067 decreverat
866 1037 1001 1067 irritum
1019 1039 1049 1067 et
1069 1038 1166 1067 inane

151 1092 266 1131 siquid
289 1100 392 1130 super
414 1092 482 1121 hiis
508 1092 625 1121 contra
658 1090 831 1121 decretum
850 1092 881 1120 et
901 1090 1167 1120 reservationem

150 1145 345 1184 hujusmodi
365 1145 574 1184 contingeret
593 1144 800 1183 attemptari.
818 1144 865 1174 Ac
882 1143 1099 1182 postmodum
1114 1152 1166 1174 ve-

150 1198 314 1229 nerabilis
326 1200 421 1236 pater
440 1223 460 1228 ..
479 1197 744 1228 Terraconensis
755 1197 1042 1235 archiepiscopus,
1059 1200 1168 1227 aucto-

150 1252 249 1282 ritate
270 1251 461 1281 litterarum
491 1251 643 1289 ejusdem
668 1250 810 1286 domini,
836 1250 979 1280 eundem
1001 1250 1166 1289 cappella-

150 1314 231 1335 num
251 1304 356 1343 recipi
375 1304 501 1334 faciens
519 1305 554 1334 in
573 1304 725 1343 predicta
742 1303 1007 1334 Barchinonensi
1025 1303 1167 1334 ecclesia

150 1358 185 1388 in
205 1358 403 1388 canonicum
416 1358 491 1387 etin
511 1357 660 1392 fratrem,
679 1356 886 1395 prebendam
900 1365 937 1387 ac
947 1359 1167 1395 personatum

150 1412 204 1441 vel
233 1411 446 1450 dignitatem,
473 1411 594 1440 domus
624 1412 656 1440 et
688 1410 952 1448 preposituram,
980 1409 1165 1448 predictam

150 1466 351 1500 mensatam,
370 1464 480 1502 primo
499 1464 532 1493 in
555 1463 643 1493 dicta
664 1463 929 1493 Barchinoneusi
954 1463 1096 1493 ecclesia
1113 1471 1167 1493 va-

150 1519 296 1553 caturos,
323 1517 498 1547 donationi
526 1525 585 1546 sue
603 1516 714 1546 eidem
730 1516 928 1555 cappellano
945 1516 1165 1546 conferendos

150 1579 341 1604 reservans,
370 1569 556 1600 venerabili
584 1570 674 1608 patri
690 1569 849 1608 episcopo
869 1570 900 1599 et
920 1569 1067 1608 capitulo
1085 1570 1164 1599 Bar-

150 1624 416 1655 chinonensibus
435 1623 628 1653 inhibuerat
642 1631 682 1653 110
707 1623 747 1653 ad
763 1622 978 1653 collationem
998 1622 1162 1661 ipsorum,

149 1686 225 1708 cum
251 1679 418 1713 vacarent,
440 1676 621 1716 procedere
639 1677 890 1715 attemptarent,
912 1684 949 1706 ac
972 1675 1165 1706 decreverat

150 1731 285 1762 irritum
312 1734 344 1760 et
374 1730 473 1760 inane
501 1729 615 1769 siquid
642 1730 758 1759 contra
775 1728 970 1767 hujusmodi
994 1728 1165 1759 inhibitio-

150 1793 238 1821 110111,
269 1783 535 1814 reservationem
560 1784 591 1813 et
609 1782 781 1812 decretum
797 1782 1007 1821 contingeret
1025 1783 1165 1821 attemp-

150 1838 226 1868 tari.
246 1838 383 1875 Vosque
408 1837 625 1875 postmodum
643 1835 835 1866 sacristiam
857 1835 1008 1874 ejusdem
1032 1835 1165 1866 Barchi-

150 1891 313 1921 nonensis
337 1890 477 1920 ecclesie
506 1891 680 1919 vacantem
710 1888 855 1918 discreto
883 1888 955 1918 viro
981 1889 1163 1923 Bernardo,

151 1944 386 1975 archidiacono
412 1943 598 1973 Benacensi
624 1942 659 1972 in
682 1941 825 1972 ecclesia
850 1941 1028 1977 Ilerdensi‚
1051 1944 1166 1972 contu-

149 1997 266 2028 leratis
289 2006 350 2036 pro
375 1998 486 2026 vestre
514 1996 612 2026 libito
641 1995 839 2032 voluntatis
863 1996 965 2025 etiam
984 1997 1165 2034 postquam

150 2051 301 2089 predicto
325 2049 523 2088 cappellano
551 2047 750 2079 auctoritate
769 2047 956 2086 apostolica
974 2047 1096 2078 collata
1113 2057 1167 2078 ex-

149 2104 263 2135 titerat
281 2106 312 2134 et
338 2104 378 2133 de
396 2103 472 2141 ipsa
499 2102 610 2132 fuerat
633 2102 827 2137 investitus,
856 2101 889 2131 in
908 2101 1019 2140 ipsius
1035 2101 1166 2140 011111101-
1195 2108 1196 2111 ’

150 2157 219 2188 lani
246 2156 472 2196 prejudicium
500 2156 532 2186 et
556 2164 749 2194 gravamen.
773 2155 867 2185 Idem
892 2155 1051 2185 dominus
1079 2163 1165 2194 papa
1195 2181 1196 2184 ,

151 2211 296 2241 discreto
324 2210 432 2239 viro..
461 2209 635 2248 preposito
655 2208 796 2238 ecclesie
825 2208 934 2238 sancti
962 2208 1100 2238 Martini
1125 2209 1166 2238 de
1195 2218 1196 2221 ¹

151 2265 252 2295 Costa
261 2262 486 2298 Gerundensi,
499 2262 587 2291 iuter
604 2262 671 2291 alia
681 2261 753 2291 suis
769 2261 861 2291 dedit
878 2261 940 2290 sub
954 2263 1044 2291 certa
1058 2261 1165 2292 forma

150 2317 275 2347 litteris
295 2316 329 2345 in
348 2315 515 2345 mandatis
526 2317 562 2345 ut
576 2323 635 2345 vos
654 2323 672 2344 a
689 2314 943 2351 beneficiorum,
962 2315 1165 2354 dignitatum

151 2373 182 2401 et
199 2371 442 2409 personatuum
470 2368 651 2398 collatione
680 2368 917 2406 suspenderet,
945 2367 1049 2398 donec
1075 2368 1165 2398 idem
1195 2368 1196 2377 ¹

152 2423 372 2462 cappellanus
398 2421 584 2461 predictam
607 2420 810 2457 sacristiam,
829 2420 882 2450 vel
906 2421 934 2450 si
954 2420 995 2450 ab
1010 2429 1047 2451 ea
1072 2421 1166 2452 cede·
1194 2431 1196 2435 ⁴

152 2479 214 2512 ret,
233 2476 433 2515 dignitatem
449 2476 479 2504 et
496 2476 716 2513 personatum
736 2473 841 2503 alium
856 2474 889 2503 in
901 2474 1017 2504 eadem
1032 2475 1166 2505 Barchi—

152 2529 294 2560 nonensi
312 2528 455 2558 ecclesia
472 2528 557 2558 foret
569 2527 704 2566 pacifice
717 2528 905 2563 assecutus,
923 2527 980 2566 qui
995 2528 1164 2558 mandatis

152 2583 312 2613 obediens
340 2581 549 2619 apostolicis,
583 2589 601 2610 a
631 2580 812 2610 collatione
841 2580 1093 2615 beneficiorum,
1118 2581 1166 2611 di-

151 2636 317 2675 gnitatum
342 2636 373 2664 et
397 2635 651 2672 personatuum,
677 2633 775 2671 Juxta
800 2632 944 2663 formam
967 2633 1033 2663 sibi
1066 2635 1166 2664 tradi-
1195 2630 1196 2635 ’

151 2691 232 2724 tam,
244 2697 304 2718 vos
321 2687 510 2726 suspendit.
528 2687 611 2717 Cum
622 2686 736 2724 itaque
751 2686 952 2716 XVillelmus
968 2686 1007 2717 de
1024 2687 1164 2722 Rivura,

153 2796 225 2826 sius
250 2794 379 2824 domini
403 2801 487 2832 pape
511 2792 728 2831 proposuerit
755 2793 925 2830 presentia
946 2793 1163 2827 constitutus,

152 2848 242 2888 quod
257 2847 419 2887 jamdicte
437 2846 548 2876 littere
565 2846 606 2875 ad
627 2845 815 2884 predictum
836 2846 1047 2884 prepositum
1067 2846 1165 2877 aliter

153 2910 254 2941 quam
270 2899 589 2940 perexpositionem
607 2899 676 2929 veri
690 2898 1014 2937 fuerantimpertite,
1033 2901 1063 2929 et
1077 2900 1166 2938 quod

155 2955 285 2995 prefato
316 2953 487 2984 Bernardo
517 2953 556 2982 de
584 2952 708 2983 Olorda
735 2960 795 2991 per
824 2952 1096 2983 archidiaconum
1112 2954 1167 2983 Yi-

2182 275 2242 305 467

1228 357 1374 385 oensem,
1407 360 1448 380 ex
1480 351 1688 390 delegatione
1713 354 1918 384 venerabilis
1950 357 2056 393 patris
2085 357 2241 388 Vicensis

1228 403 1390 442 episcopi,
1422 405 1620 435 auctoritate
1648 405 1834 436 litterarum
1866 408 1973 438 felicis
1997 410 2241 441 recordationis

1228 457 1267 486 A.
1297 465 1381 495 pape
1407 457 1482 488 1111.
1509 457 1548 486 de
1570 458 1726 488 sacristia
1753 461 1927 497 provisum
1957 462 2239 501 11101-11130110111111,

1228 511 1325 546 prout
1344 518 1402 547 per
1426 509 1557 539 litteras
1582 510 1690 548 ipsius
1711 512 1859 551 0111300111
1889 517 1916 543 et
1944 515 2080 552 capituli
2110 516 2241 545 Barchi-

1229 562 1389 591 nonensis
1403 562 1572 600 superhoc
1585 564 1721 593 ‹loniino
1740 573 1822 603 pape
1841 567 1997 598 directas.
2019 572 2049 597 et
2065 569 2166 598 etiam
2183 578 2240 607 per

1229 623 1424 652 processum
1460 615 1667 653 provisionis
1709 617 1858 655 ejusdem
1896 619 2030 656 plenius
2063 621 2240 651 ostendere

1228 666 1408 703 nitebatur,
1425 669 1455 697 et
1475 668 1609 706 petierit
1631 668 1695 698 sibi
1712 678 1771 708 pro
1792 670 1886 699 vobis
1901 673 2081 710 superbiis
2098 673 2239 704 salubri-

1228 721 1278 749 ter
1294 720 1477 758 provideri,
1507 729 1579 757 nos,
1608 730 1705 760 quem
1728 723 1879 760 prefatus
1898 725 2056 755 dominus
2082 726 2239 756 Urbanus

1228 782 1313 811 papa
1336 773 1496 810 predictis
1516 774 1550 803 Β.
1572 774 1611 804 de
1638 775 1821 805 Villacerto
1840 779 1869 806 ct
1892 778 1927 807 B.
1950 778 1989 807 de
2004 779 2128 809 Olorda
2147 780 2239 810 audi-

1227 827 1334 855 torem
1347 826 1512 856 concessit
1524 827 1668 857 incausa
1681 837 1744 866 que
1763 829 1955 859 vertebatur
1972 840 2072 870 super
2091 833 2240 870 predicta

1228 879 1395 914 sacristia,
1415 882 1445 909 et
1472 879 1569 909 vobis
1588 889 1689 918 super
1708 883 1929 920 suspensione
1948 884 2089 921 prefata.
2113 885 2152 915 de
2170 894 2240 924 spe-

1227 931 1305 961 ciali
1331 931 1481 969 ejusdem
1512 933 1639 962 (101111111
1660 942 1743 972 pape
1770 934 1904 965 licentia
1924 939 1950 965 et
1975 938 2131 967 mandato
2152 938 2240 968 datis

1228 984 1325 1014 nobis
1353 984 1488 1014 oraculo
1510 986 1584 1015 vive
1600 987 1692 1016 vocis
1710 989 1739 1016 et
1761 988 1832 1025 ejus
1850 989 2059 1019 auct‹;·ritate.
2083 991 2188 1020 salvis
2209 993 2239 1021 et

1229 1037 1411 1067 reservatis
1429 1038 1462 1067 in
1481 1047 1541 1068 suo
1566 1038 1684 1069 robore
1703 1040 1917 1075 inhibitione,
1938 1042 2070 1073 decreto
2089 1046 2119 1073 et
2138 1052 2242 1074 reser-

1229 1090 1362 1120 vatione
1381 1090 1478 1120 factis
1499 1099 1558 1129 per
1580 1092 1811 1130 supradictum
1829 1094 2119 1134 arcliiepiscopum
2142 1105 2243 1135 super

1229 1143 1390 1181 predictis
1414 1143 1571 1174 videlicet
1594 1144 1776 1182 prebenda⁷
1795 1146 1957 1185 dignitate
1987 1148 2038 1177 vel
2060 1151 2243 1187 personatu

1229 1196 1442 1234 prepositura
1457 1197 1488 1226 et
1505 1196 1674 1231 domibus,
1687 1198 1727 1228 de
1738 1198 1863 1236 quibus
1873 1200 2041 1232 domibus,
2057 1203 2241 1233 secundum

1229 1249 1367 1278 modum
1395 1249 1618 1280 ordinationis
1650 1253 1775 1283 nostre.
1807 1252 1895 1282 dicto
1922 1254 1957 1283 B.
1991 1254 2029 1283 de
2059 1255 2242 1286 vVillacerto

1229 1302 1384 1332 volumus
1401 1303 1584 1340 provideri,
1599 1303 1853 1335 etordinatione
1870 1314 1928 1336 seu
1950 1306 2091 1337 arbitrio
2116 1310 2242 1339 nostris

1229 1353 1318 1384 inter
1346 1355 1452 1386 dictos
1470 1356 1507 1386 B.
1534 1357 1573 1386 de
1595 1356 1780 1388 Villacerto
1802 1361 1833 1388 et
1858 1360 1893 1389 B.
1925 1360 1964 1389 de
1993 1360 2115 1391 Olor-da
2141 1370 2242 1401 super

1229 1408 1384 1438 sacristia
1400 1409 1550 1447 predicta
1564 1418 1624 1448 per
1640 1410 1779 1441 noslato
1800 1412 1833 1441 in
1852 1421 1912 1442 suo
1929 1413 2047 1443 robore
2065 1415 2239 1451 duraturo,

1228 1462 1259 1491 et
1278 1461 1435 1491 omnibus
1452 1471 1489 1492 ac
1512 1463 1656 1502 singulis
1671 1464 1705 1493 111
1722 1464 1796 1502 11130
1819 1466 1986 1495 contentis
2005 1467 2038 1496 in
2058 1476 2118 1497 sua
2138 1468 2240 1498 firmi-

1226 1515 1294 1544 tate
1323 1515 1548 1552 manentilms,
1572 1515 1696 1554 quibus
1712 1517 1806 1547 nullo
1826 1518 1924 1548 inodo
1943 1528 2002 1557 per
2019 1520 2077 1549 hec
2094 1521 2241 1560 prejudi-

1227 1576 1301 1598 care
1318 1569 1535 1605 intendimus,
1563 1570 1821 1608 suspensionem
1840 1572 1919 1602 dicti
1942 1574 2105 1612 prepositi
2125 1577 2239 1606 contra

1226 1630 1286 1651 vos
1305 1622 1419 1657 latam,
1449 1623 1483 1652 in
1501 1622 1658 1653 omnibus
1680 1624 1757 1653 aliis
1782 1624 1987 1655 relaxamus.
2015 1627 2050 1656 In
2075 1627 2170 1666 cujus
2191 1629 2239 1659 rei

1224 1674 1500 1705 testimoniumet
1520 1675 1668 1706 futuram
1686 1678 1885 1707 memoriam
1902 1679 2149 1716 premissorum
2169 1690 2239 1720 pre-

1226 1729 1341 1758 sentes
1368 1728 1500 1758 litteras
1523 1732 1658 1759 nostras
1675 1729 1771 1760 vobis
1789 1733 2021 1762 concessimus
2043 1733 2148 1772 sigilli
2165 1743 2240 1764 nos-

1225 1782 1269 1811 tri
1302 1782 1508 1820 appensione
1544 1783 1703 1813 munitas,
1737 1784 1861 1814 Datum
1897 1786 1983 1823 apud
2022 1786 2240 1818 Urbemvete-

1226 1843 1309 1868 rem,
1339 1844 1373 1864 111
1403 1835 1478 1865 idus
1508 1835 1667 1874 januarii,
1695 1837 1910 1874 pontificatus
1936 1839 2077 1876 predicti
2111 1840 2240 1871 domini

1227 1887 1355 1918 Urbani
1371 1897 1456 1926 pape
1471 1888 1547 1921 1111,
1572 1897 1657 1919 anno
1675 1890 1784 1920 tertio.
1806 1900 1819 1917 »1

1266 1941 1361 1971 Ν11111
1388 1950 1465 1980 ergo
1495 1944 1608 1972 nostre
1635 1943 1903 1973 confirmationis
1921 1946 1982 1974 etc.
2003 1945 2127 1976 Datum
2150 1947 2239 1985 apud

1228 1993 1518 2029 Urbemveterem,
1546 2004 1565 2024 x
1590 1995 1754 2026 Kalendas
1779 1996 1953 2028 februarii.
1980 2007 2066 2028 anno
2085 2000 2195 2030 tertio.
2225 2011 2239 2029 »

1315 2152 1389 2183 972

1765 2152 1887 2179 orvi-210.
1914 2155 1943 2180 111
1960 2154 2073 2188 janvier
2089 2155 2165 2182 1264.

1262 2230 1406 2257 Bernardo
1423 2231 1457 2256 (10
1473 2230 1576 2257 Olorda
1594 2231 1758 2258 sacristiam
1775 2233 1809 2258 ab
1828 2233 1944 2261 Uberto.
1961 2234 2101 2261 cardinali
2118 2236 2238 2262 diacono

1195 2294 1196 2314 1
1226 2287 1249 2306 s.
1277 2279 1433 2311 Eustachii,
1453 2287 1502 2313 per
1522 2279 1597 2306 viam
1614 2281 1827 2314 compromissi.
1846 2282 2052 2317 adjudicatam,
2075 2284 2236 2310 confirmat⁴

1225 2328 1306 2362 tam.
1322 2328 1366 2359 29,
1382 2328 1430 2354 fol.
1452 2329 1493 2359 13,
1512 2334 1541 2354 11ο
1557 2332 1614 2355 zu.)

1266 2436 1279 2453 1(
1298 2423 1454 2453 Bernardo
1467 2423 1501 2453 de
1514 2423 1636 2460 Οίονιία,
1655 2427 1779 2455 sacriste
1791 2426 2041 2462 Barclzfnonensi,
2060 2428 2238 2468 cappellano

1225 2482 1337 2506 nostro,
1356 2477 1405 2507 Ea
1420 2485 1483 2515 que
1497 2477 1626 2516 judicio
1643 2496 1690 2507 —.
1708 2478 1866 2509 Exhibita
1888 2480 2055 2518 siquidem
2074 2481 2238 2513 nobistua

1225 2530 1343 2568 petitio
1362 2530 1554 2561 continebat
1574 2531 1673 2569 (1110(1,
1691 2541 1766 2562 011111
1779 2541 1840 2562 nos
1859 2533 1892 2562 in
1910 2542 2087 2572 causaque
2101 2535 2189 2565 inter
2205 2538 2237 2566 te

1224 2585 1255 2613 et
1280 2583 1442 2614 dilectum
1474 2584 1582 2614 tilium
1610 2585 1819 2614 Bernardum
1846 2585 1886 2615 de
1911 2586 2106 2621 YHlacerto,
2129 2589 2238 2618 archi-

1224 2636 1404 2666 diaconum
1417 2637 1456 2666 de
1472 2637 1564 2667 Silva
1583 2637 1617 2666 in
1634 2638 1775 2667 ecclesia
1795 2638 2020 2675 Gerundensi,
2039 2642 2238 2672 canonicum

1195 2688 1197 2727 ᾗ
1225 2689 1546 2725 Barchinonensem,
1575 2699 1676 2728 super
1703 2691 1856 2721 sacristia
1880 2694 2019 2722 vacante
2039 2693 2071 2723 in
2096 2694 2238 2725 ecclesia

151 2742 332 2773 canonicus
358 2739 656 2773 Barchinonensis,
674 2741 870 2778 procurator
899 2741 1023 2776 vester,
1061 2740 1095 2770 in
1118 2741 1166 2780 ip-
1196 2748 1197 2753 ¹

1225 2742 1490 2773 Barchinonensi
1500 2752 1559 2781 per
1570 2746 1712 2773 mortem
1723 2745 1892 2782 quondam
1903 2746 2051 2775 Ferrarii
2068 2747 2108 2777 de
2116 2747 2237 2783 Lauro,

1225 2795 1508 2826 Barchinonensis
1523 2796 1675 2832 sacriste,
1694 2799 1765 2827 orta
1779 2798 1903 2829 extitit,
1917 2799 1956 2828 ad
1973 2799 2087 2829 sedem
2106 2804 2237 2839 aposto-

1197 2884 1198 2887 *
1225 2848 1325 2878 licam
1350 2848 1499 2887 legitime
1517 2848 1686 2883 devoluta,
1705 2850 1864 2880 dilectum
1884 2851 1989 2881 tilium
2011 2854 2164 2883 nostrum
2183 2854 2236 2890 U„

1196 2928 1197 2933 ,
1227 2901 1334 2931 sancti
1362 2901 1535 2932 Eustachii
1567 2902 1745 2932 diaconum
1773 2903 1990 2940 cardinalem,
2025 2905 2239 2937 dedissemus

1227 2953 1382 2993 partibus
1405 2955 1594 2991 autitorem,
1623 2955 1759 2986 demum
1782 2959 1817 2986 tu
1845 2959 1877 2987 et
1901 2957 1990 2988 idem
2009 2958 2046 2988 Β.
2075 2958 2115 2989 de
2137 2960 2240 2991 Villa·
