2547 3289
252 287 292 317 44

251 367 377 399 Aniani
389 365 601 405 dispendium
613 365 664 395 vel
679 373 858 403 gravamen
876 363 1044 393 incurrere
1056 370 1121 392 non
1135 361 1260 391 contin-

251 422 317 460 gat,
340 419 508 458 provideri
535 426 635 457 super
667 418 727 448 hoc
754 417 863 447 dictus
889 415 1046 454 magister
1068 414 1262 453 suppliciter

250 471 443 512 postulavit.
460 471 529 501 Nos
554 471 654 509 igitur
670 470 860 509 hujusmodi
880 468 1082 499 occurrendo
1098 466 1259 505 gravami-

252 525 363 562 nibus,
390 524 539 554 volentes
575 523 641 562 ipsi
671 523 829 561 magistro
855 521 1119 552 consideratione
1145 519 1261 549 dilecti

252 577 427 608 filiinostri
443 576 588 612 S.‚tituli
605 575 764 615 s.[Cecilie
780 574 953 614 presbiteri
969 572 1261 611 cardinalis,cujus

251 629 365 660 existit
379 629 656 667 consanguineus,
670 628 809 666 gratiam
818 628 924 658 facere
938 626 1127 665 specialem,
1140 625 1261 655 discre-

249 682 333 713 tioni
349 682 402 712 tue
416 690 474 720 per
491 681 673 720 apostolica
689 681 811 719 scripta
826 680 1023 710 mandamus
1040 679 1216 717 quatenus,
1231 678 1260 707 si

250 736 301 766 est
312 735 367 771 ita,
380 743 438 774 per
452 735 482 765 te
495 734 545 764 ve]
563 734 667 764 alium
684 734 875 764 auctoritate
888 733 999 763 nostra
1014 733 1080 762 tam
1094 732 1260 770 prefatum

251 788 448 827 magistrum
465 795 564 826 quam
578 787 721 817 eundem
736 786 933 817 canonicum
956 794 982 815 s.
1009 785 1100 815 Petri
1120 793 1180 823 pro
1207 792 1258 814 ca-

252 840 382 872 nonicis
395 840 520 879 prefate
534 840 672 870 ecclesie
683 849 709 869 s.
723 839 846 869 Auiani
861 839 976 869 haberi
993 838 1120 868 faciens
1136 838 1167 867 et
1180 838 1259 868 trac-

250 893 325 928 tari,
341 893 462 923 dictam
480 892 681 932 prebendam
699 892 728 922 si
740 892 822 922 nulli
840 891 896 921 alii
914 892 953 921 de
968 890 1149 929 apostolico
1166 898 1258 920 inan-

250 946 325 976 dato
343 945 382 976 de
400 946 475 985 jure
493 945 641 981 debetur,
663 945 750 975 dicto
771 944 928 983 magistro
953 944 1104 974 conferas
1127 943 1158 973 et
1176 942 1258 973 assi-

250 1007 343 1038 gnes,
372 998 533 1029 inducens
556 1006 632 1029 eum
656 999 691 1028 in
720 998 925 1037 corporalem
952 997 1199 1036 possessionem
1214 996 1260 1034 ip-

251 1052 333 1088 sius,
352 1061 389 1082 ac
412 1052 594 1082 defendens
617 1052 800 1085 inductum,
818 1052 926 1082 amoto
943 1051 984 1081 ab
1002 1059 1040 1081 ea
1064 1050 1191 1089 prefato
1207 1058 1259 1079 ca-

252 1105 371 1135 nonico
395 1114 421 1135 s.
439 1105 531 1135 Petri
548 1105 578 1134 et
604 1105 751 1143 quolibet
775 1104 892 1134 illicito
916 1104 1096 1134 detentore.
1129 1102 1164 1133 Si
1181 1110 1259 1132 vero

250 1158 418 1197 prebenda
442 1158 516 1196 ipsa
538 1158 595 1188 alii
616 1157 808 1187 auctorItate
825 1156 1005 1196 apostolica
1030 1155 1140 1185 debita
1156 1155 1198 1184 sit
1220 1155 1259 1184 de

246 1212 334 1251 jure,
352 1212 460 1242 eidem
485 1211 642 1250 magistro
656 1211 810 1249 Philippo
828 1211 868 1240 de
887 1210 953 1240 alia
967 1210 994 1239 si
1012 1217 1076 1248 qua
1092 1209 1125 1238 in
1146 1208 1260 1238 eadem
1289 1248 1290 1255 ἵ

252 1265 392 1295 ecclesia
409 1274 435 1294 s.
454 1264 577 1295 Auiani
592 1265 687 1294 vacat
701 1263 741 1293 ad
758 1272 907 1302 presens,
926 1263 979 1293 vel
998 1262 1148 1301 proximo
1167 1269 1259 1290 vaca-

252 1317 430 1352 tura,nulli
445 1318 503 1348 alii
518 1317 709 1347 auctoritate
726 1316 906 1355 apostoliea
921 1316 1042 1354 dejure
1056 1314 1176 1350 debita,
1187 1323 1258 1353 pro-

252 1371 366 1401 videre
376 1379 544 1409 procures,
556 1371 586 1400 et
601 1371 775 1409 postquam
792 1369 856 1399 sibi
872 1369 910 1398 de
922 1368 1089 1407 prebenda
1102 1367 1259 1406 predicta,

252 1432 316 1463 que
338 1432 455 1453 vacare
479 1423 675 1459 dicitur,vel
698 1423 737 1452 de
763 1422 828 1452 alia
852 1421 987 1451 duxeris
1004 1420 1259 1459 providendum,

250 1476 378 1516 prefato
402 1476 568 1514 Philippo,
593 1475 752 1505 canonico
771 1484 798 1504 s.
816 1474 917 1508 Petri,
935 1474 974 1504 de
1002 1473 1068 1503 alia
1094 1472 1261 1511 prebenda
1290 1490 1291 1521 ζ

252 1529 336 1560 nulli
353 1529 409 1558 alii
427 1529 466 1559 de
479 1529 553 1567 jure
570 1528 690 1564 deblta,
707 1528 817 1566 siqua
833 1527 866 1557 in
882 1527 1008 1566 prefata
1024 1535 1051 1556 s.
1068 1525 1191 1556 Aniani
1208 1534 1259 1555 ec-

251 1582 354 1613 clesia
363 1583 459 1612 vacat
476 1582 515 1611 ad
532 1590 680 1621 presens,
701 1581 753 1611 vel
765 1581 1013 1619 quamprimum
1028 1579 1069 1610 ad
1084 1579 1117 1609 id
1135 1578 1258 1609 obtule-

727 1924 958 1957 Montefiascone,
977 1925 1005 1950 31
1024 1925 1090 1951 notit
1110 1925 1186 1951 1262.

320 1928 390 1958 125

294 2010 331 2037 De
347 2010 533 2044 pecuniarum
550 2017 667 2037 summa
682 2010 716 2035 ab
732 2009 863 2042 ilenrico,
878 2008 1078 2043 Lothoringiae
1093 2010 1118 2034 et
1134 2008 1259 2035 Braban-

249 2060 306 2086 tiae
328 2059 404 2089 duci,
426 2059 454 2086 in
471 2059 579 2086 ,Terrae
604 2060 723 2085 Sanctae
744 2058 904 2085 subsidium
929 2057 1256 2092 lcgata,ordinationcm

249 2109 328 2136 facit.
349 2109 427 2144 (Rite.
445 2110 490 2141 26,
508 2107 556 2136 sol.
575 2109 618 2140 33,
637 2116 669 2134 no
686 2108 759 2142 123.)

291 2225 332 2245 «..
349 2213 451 2243 abbati
462 2212 634 2242 monasterii
653 2210 1057 2246 villariensis,cisterciensis
1069 2210 1254 2246 orclim's,ec..

247 2266 489 2308 ρνὶονὶᾒίιίνιιηι
499 2265 729 2295 predicatorum
740 2265 768 2294 in
780 2264 925 2302 Lomnio,
938 2264 1107 2294 Lcodietzsz‘s
1118 2264 1252 2294 diocesis.

249 2320 301 2350 Ad
315 2320 460 2350 nostram
477 2319 628 2358 pervenit
638 2318 841 2348 audientiam
853 2317 941 2356 quod
949 2317 1115 2356 quondam
1127 2317 1256 2352 H.‚dux

246 2372 460 2411 Lotlioringie
477 2382 514 2403 ae
540 2371 730 2406 Brabantie,
748 2380 823 2401 cum
845 2372 954 2409 ageret
970 2371 1004 2400 in
1025 2370 1193 2404 extremis,
1215 2371 1254 2401 de

247 2426 356 2457 anime
376 2434 434 2456 sue
454 2425 568 2455 salute
586 2424 761 2460 sollicitus,
779 2424 886 2454 crucis
902 2424 1084 2463 assumpsit
1102 2423 1252 2460 signacu-

248 2479 317 2509 lum
336 2479 369 2509 in
385 2478 573 2508 subsidium
589 2479 689 2508 Terre
708 2478 825 2509 Sancte
841 2486 877 2507 ac
892 2477 1027 2507 demum
1042 2477 1183 2515 quatuor
1193 2477 1252 2506 mi-

244 2531 291 2563 lia
307 2532 479 2567 librarum,
498 2531 872 2566 Lovaniensismonete,
891 2530 974 2560 dicte
989 2530 1072 2560 terre
1090 2530 1122 2559 in
1137 2530 1253 2559 ultima

246 2585 415 2616 voluntate
431 2585 564 2624 legavit,
582 2584 791 2615 committens
804 2583 995 2622 hujusmodi
1012 2584 1124 2613 votum
1146 2583 1254 2613 crucis

252 2637 357 2668 nobili
369 2638 440 2669 viro
454 2638 612 2673 Gerardo,
625 2637 759 2668 domino
774 2637 814 2668 de
830 2636 988 2671 Marbais,
1006 2637 1081 2666 tunc
1097 2636 1168 2675 ejus
1177 2644 1252 2666 cou-

250 2690 376 2721 siliario
395 2691 435 2721 ad
467 2691 689 2730 importunam
714 2690 863 2730 ejusdem
890 2689 1029 2720 Gerardi
1061 2689 1253 2719 instantiam

245 2751 304 2783 per
319 2752 394 2773 eum
418 2752 493 2774 cum
523 2744 714 2783 hujusmodi
740 2743 882 2782 pecunia
907 2741 1148 2780 exequendum.
1170 2741 1253 2772 Cum

247 2795 348 2834 igitur
366 2798 478 2827 nostra
494 2797 622 2827 intersit
639 2796 678 2827 de
698 2796 780 2826 dicte
808 2796 892 2826 terre
910 2794 1060 2825 subsidio
1079 2794 1253 2833 disponere

243 2856 281 2879 ac
292 2848 390 2879 etiam
402 2849 566 2884 ordinare,
576 2857 635 2879 nos
645 2850 710 2880 tam
720 2849 826 2888 ipsius
834 2849 919 2879 terre
928 2856 1027 2886 quam
1037 2847 1134 2878 etiam
1144 2847 1253 2878 anime

246 2900 326 2932 dicti
342 2901 435 2932 ducis
461 2902 662 2941 profectibus
682 2902 856 2941 providere
879 2901 1042 2936 volentes,
1062 2900 1253 2931 discretioni

243 2955 352 2986 vestre
373 2963 431 2994 per
447 2955 628 2994 apostolica
642 2956 765 2995 scripta
779 2955 925 2985 districte
939 2953 1149 2993 precipiendo
1165 2962 1255 2984 man-

1011 279 1262 310 REGISTRES
1286 278 1500 309 D'URBAIN
1524 279 1580 309 1V.

1321 361 1439 391 damus
1457 363 1621 400 quatenus
1648 363 1748 393 totam
1766 363 1956 403 hujusmodi
1972 365 2146 404 pecuniam
2171 366 2330 398 facientes

1320 414 1416 444 vobis
1432 415 1585 453 protinus
1601 416 1782 454 assignare,
1803 416 1991 447 detentores
2005 417 2096 447 illius
2113 418 2155 449 ad
2170 418 2328 450 exhiben-

1319 467 1395 496 dam
1413 475 1485 496 eam
1502 467 1597 498 vobis
1613 476 1671 506 per
1688 476 1865 498 censuram
1886 469 2156 507 ecclesiasticam,
2183 471 2329 510 appella-

1319 519 1408 550 tione
1423 521 1614 559 postposita,
1632 520 1973 559 compellendo,mille
1989 523 2092 553 libras
2101 524 2250 562 ejusdem
2262 532 2329 554 mo-

1319 573 1392 602 nete
1419 572 1505 602 dicto
1536 572 1684 603 Gerardo
1704 581 1763 611 pro
1790 573 1842 603 sui
1869 575 1939 604 voti
1965 576 2158 606 executione
2182 585 2218 606 ac
2244 576 2328 607 alias

1318 624 1522 655 millelibras
1531 625 1647 656 dilecte
1659 626 1691 656 in
1703 626 1835 656 Christo
1845 626 1913 658 filie
1927 627 2031 658 nobili
2043 629 2177 659 mulieri
2195 629 2327 668 Aleydh

1319 677 1430 708 relicte
1446 677 1585 716 predicti
1607 678 1712 713 ducis,
1729 679 1964 717 expendendas
1982 688 2041 719 per
2062 681 2170 720 ipsam
2196 689 2255 720 pro
2278 690 2328 712 re—

1318 730 1427 760 medio
1445 730 1554 761 anime
1576 731 1683 770 ipsius
1706 731 1812 767 ducis,
1842 733 1940 771 prout
1956 733 2110 772 expedire
2126 734 2257 770 viderit,
2276 743 2326 765 as-

1290 798 1291 806 2
1318 783 1464 821 signare;
1485 783 1612 822 reliqua
1629 793 1707 814 vero
1726 785 1791 815 duo
1807 785 1900 816 milia
1918 785 2079 816 librarum
2097 787 2241 825 predicte
2256 795 2327 818 mo-

1318 836 1391 866 nete
1408 836 1441 866 in
1457 836 1568 875 aliquo
1584 838 1653 867 tuto
1670 837 1741 868 loco
1758 837 1819 868 sub
1831 838 1953 877 sigillis
1969 839 2089 869 vestris
2101 841 2131 869 et
2150 839 2328 879 fidedigna—

1319 897 1392 918 rum
1413 898 1631 928 personarum
1654 890 1843 921 testimonio
1865 891 2030 929 deponere
2051 893 2163 922 nostro
2181 892 2326 927 nomine,

1319 950 1385 972 non
1398 942 1548 973 obstante
1570 943 1748 982 cujuslibet
1767 944 2037 979 contradictione,
2057 945 2192 980 curetis,
2206 945 2240 975 in
2255 953 2324 984 pre·

1318 995 1402 1026 dicte
1418 996 1501 1026 terre
1521 996 1709 1026 subsidium
1720 997 1817 1035 juxta
1830 997 2085 1036 dispositionem
2105 999 2251 1028 nostram
2266 998 2326 1029 uti-

1318 1048 1393 1078 liter
1408 1049 1638 1079 convertenda.
1658 1049 1922 1080 Contradictores
1942 1068 1989 1080 —.
2010 1051 2087 1081 Non
2112 1051 2261 1081 obstante
2275 1067 2325 1081 —.

1318 1101 1525 1140 Rescripturi
1544 1102 1640 1132 nohis
1660 1102 1802 1133 fideliter
1814 1102 1872 1133 ubi
1890 1104 1921 1133 et
1936 1112 2046 1133 coram
2065 1104 2188 1142 quibus
2202 1103 2326 1143 predic-

1318 1155 1385 1184 tam
1400 1155 1577 1193 pecuniam
1592 1155 1813 1194 deposueritis
1827 1157 1857 1186 et
1869 1156 2028 1195 quicquid
2046 1165 2145 1195 super
2156 1156 2217 1187 hoc
2228 1157 2328 1187 duxe-

1319 1207 1393 1237 ritis
1410 1207 1610 1238 faciendum.
1626 1209 1750 1238 Datum
1766 1208 1853 1247 apud
1869 1209 2207 1243 montemflasconem,
2223 1219 2245 1238 11
2272 1209 2330 1239 ka-

1320 1261 1436 1290 lendas
1453 1260 1661 1299 septembris,
1679 1269 1765 1291 anno
1779 1261 1898 1300 primo.
1916 1273 1931 1288 »

1800 1418 2028 1451 Montefiascoue‚
2045 1419 2079 1443 22
2096 1421 2162 1445 nont
2181 1420 2257 1446 1262.

1389 1420 1460 1450 12ss

1355 1501 1457 1528 Abbati
1477 1501 1646 1528 monasterii
1669 1510 1691 1528 s.
1709 1501 1870 1534 Theofredi,
1888 1501 2045 1528 Anitiensis
2063 1501 2196 1534 diocesis,
2212 1502 2331 1530 officiali

1319 1550 1598 1583 claromontensi7et
1615 1550 1750 1577 Durando
1762 1551 1795 1577 de
1808 1551 2069 1584 Saysac,canonico
2085 1551 2331 1587 :tuitienstnego-

1290 1607 1291 1632 ;
1319 1599 1392 1626 tium
1418 1599 1616 1635 Lugdunensis
1640 1599 1818 1626 camerariae
1837 1600 2008 1627 committit.
2032 1600 2114 1635 (Res.
2140 1601 2185 1632 ⁴26,
2211 1600 2260 1628 sol.
2285 1601 2330 1635 33,

250 1636 296 1666 rit
306 1644 339 1665 se
354 1635 505 1669 facultas,
519 1635 652 1665 studeas
668 1634 936 1673 providereNon
949 1633 1099 1663 obstante
1113 1649 1162 1661 —.
1177 1632 1260 1662 Con·
1289 1641 1291 1670 ς
1318 1653 1350 1675 n,
1371 1649 1441 1683 124.)

251 1688 446 1719 tradietores
458 1705 507 1718 —.
520 1688 590 1718 Nos
607 1688 695 1718 enim
714 1687 846 1717 irritum
863 1705 910 1716 —.
922 1687 1045 1716 Datum
1062 1686 1148 1724 apud
1168 1685 1260 1715 Mon·
1289 1705 1291 1720 ι

249 1742 515 1778 temtlasconesn‚
533 1751 578 1771 vn
596 1741 755 1771 kalendas
773 1740 981 1779 septembris,
1002 1748 1088 1769 anno
1106 1739 1225 1778 primo.
1245 1749 1260 1765 »
1289 1734 1291 1743 ¹
1340 1776 1344 1780 η

1289 1790 1290 1795 ’
1319 1790 1449 1830 officiali
1475 1790 1715 1820 Claromontensi
1736 1794 1762 1819 e!
1793 1789 1937 1818 Durando
1963 1789 1997 1819 de
2023 1789 2150 1829 Saysac,
2182 1790 2328 1821 canonico

1360 1749 1402 1768 «..
1427 1737 1533 1767 abbati
1552 1737 1727 1766 »nonasterii
1742 1746 1765 1767 s.
1790 1736 1964 1775 Theosrcd1'‚
1985 1737 2155 1766 Anilicnsis
2178 1737 2329 1774 diocesis„

1318 1844 1483 1874 Aniciensi.
1496 1844 1641 1874 Vacante
1659 1843 1841 1873 cameraria
1852 1843 2088 1882 Lugdunensis
2107 1843 2256 1878 ecclesie,
2268 1851 2329 1874 nos

1318 1905 1390 1927 eam
1409 1905 1484 1927 eum
1499 1896 1655 1927 omnibus
1666 1896 1800 1935 juribus
1816 1896 1846 1925 et
1861 1896 2070 1935 pertinentiis
2088 1896 2158 1926 suis
2179 1898 2211 1927 et
2233 1905 2328 1927 cano-

1288 1959 1289 1968 *
1319 1950 1427 1979 nicatu
1443 1949 1550 1988 ipsius
1564 1948 1699 1978 ecclesie
1714 1948 1834 1978 dilecto
1851 1948 1920 1978 filio
1934 1948 2068 1987 Hugoni
2084 1949 2123 1979 de
2142 1949 2260 1985 Turre,
2279 1957 2328 1980 ca-

1317 2002 1449 2040 pellano
1467 2003 1590 2037 nostro,
1603 2002 1761 2031 duximus
1787 2001 2032 2035 conserendam,
2049 2001 2264 2032 decernentes
2286 2002 2327 2032 ir-

1318 2055 1416 2084 ritum
1434 2056 1465 2084 et
1486 2056 1582 2084 inane
1599 2055 1627 2084 si
1650 2062 1745 2084 secus
1772 2054 1811 2083 de
1835 2054 1883 2084 eis
1901 2054 2103 2092 contingeret
2128 2055 2326 2093 attemptari,

1317 2108 1381 2138 Sed
1405 2108 1477 2146 post
1508 2106 1719 2137 collationem
1741 2108 1771 2136 et
1801 2106 1970 2136 decretum
1997 2106 2192 2144 hujusmodi
2216 2107 2328 2138 dilecti

1316 2160 1402 2190 filii..
1417 2160 1561 2189 decanus
1577 2161 1607 2189 et
1619 2159 1754 2197 quidam
1772 2159 1829 2188 alii
1843 2159 1994 2188 canonici
2008 2159 2248 2197 Lugdunenses
2263 2160 2329 2190 sibi

1315 2211 1962 2247 adherentes,Gaudemarum‚custodem
1972 2211 2109 2242 ecclesie
2126 2221 2153 2242 s.
2168 2212 2327 2252 Stephani

1313 2265 1558 2304 Lugdunensis,
1573 2265 1728 2294 dicuntur
1745 2264 1778 2294 in
1803 2264 1910 2303 ipsius
1935 2264 2169 2301 Lugdunensis
2187 2264 2327 2296 ecclesie

1313 2319 1531 2349 camerarium
1549 2317 1700 2355 elegisse.
1718 2317 1808 2347 Inter
1828 2317 1938 2355 ipsum
1965 2317 2074 2355 itaque
2093 2317 2269 2356 lIugonem
2285 2326 2326 2348 ex

1312 2373 1402 2411 parte
1417 2380 1484 2401 una
1495 2372 1526 2401 ct
1541 2371 1715 2404 decanum,
1730 2370 1794 2399 sibi
1810 2370 2017 2405 adherentes,
2032 2371 2062 2400 et
2077 2370 2325 2401 Gaudemarum

1312 2425 1477 2463 predictos
1488 2432 1528 2453 ex
1546 2423 1659 2458 altera,
1672 2431 1771 2462 snper
1781 2423 1852 2461 ipsa
1865 2423 2046 2453 cameraria
2059 2423 2231 2461 questione
2247 2423 2325 2454 sub-

1312 2479 1392 2513 orta,
1409 2486 1470 2507 nos
1498 2477 1531 2507 in
1553 2485 1591 2506 ea
1616 2476 1760 2515 legitime
1783 2475 1824 2506 ad
1849 2476 1961 2506 sedem
1985 2475 2201 2514 apostolicam
2226 2476 2324 2507 devo-

1311 2531 1392 2563 luta,
1411 2530 1567 2560 dilectum
1583 2529 1689 2559 filium
1707 2530 1856 2559 nostrum
1875 2529 1930 2563 H.,
1946 2529 2035 2559 tituli
2049 2537 2075 2558 s.
2095 2528 2216 2560 Sabine
2231 2537 2323 2568 pres-

1311 2583 1455 2613 biterum
1465 2582 1668 2613 cardinalem
1681 2582 1834 2612 dedimus
1847 2581 1929 2620 ipsis
1955 2581 2106 2620 partibus
2127 2581 2321 2613 auditorem.

1309 2637 1380 2666 Lite
1390 2637 1510 2671 autem,
1526 2634 1759 2675 superlibellis
1777 2633 1852 2665 hinc
1870 2634 1946 2664 inde
1963 2634 2132 2673 porrectis,
2151 2635 2237 2665 inter
2250 2642 2324 2674 pro—

1311 2691 1496 2720 curatorem
1512 2688 1628 2718 decani
1641 2689 1672 2718 et
1685 2687 1916 2717 adherentium
1932 2695 1968 2717 ac
1980 2687 2183 2718 Gaudemari
2198 2687 2324 2726 predic·

1311 2744 1420 2772 torum
1436 2743 1467 2772 et
1485 2741 1595 2779 ipsum
1616 2741 1792 2779 Hugonem
1809 2740 1973 2779 petentem
1986 2740 2144 2770 interalia
2156 2740 2255 2779 seJus
2270 2739 2324 2770 ha-

1311 2795 1388 2825 bere
1407 2795 1438 2824 in
1456 2794 1527 2833 ipsa
1541 2793 1723 2824 cameraria
1743 2792 1984 2823 sententialiter
2002 2792 2162 2823 declarari
2179 2792 2323 2832 legitime

1312 2848 1505 2882 contestata,
1531 2846 1626 2877 factis
1648 2845 1883 2885 positionibus,
1908 2845 2184 2885 responsionibus
2199 2843 2323 2875 secutis

1313 2901 1353 2931 ad
1370 2909 1437 2935 eas,
1447 2900 1477 2930 et
1489 2899 1639 2929 articulis
1655 2898 1695 2928 ab
1709 2899 1848 2937 utraque
1861 2899 1952 2938 parte
1968 2897 2129 2931 formatis,
2140 2905 2197 2936 per
2205 2905 2243 2928 ea
2257 2904 2322 2935 que

1313 2962 1423 2985 coram
1441 2953 1513 2992 ipso
1531 2951 1698 2982 cardinale
1712 2952 1781 2982 acta
1799 2951 1942 2987 suerunt,
1961 2959 2027 2982 non
2042 2949 2196 2989 potuitde
2208 2948 2320 2989 huJus·
