2547 3289
1180 298 1413 336 PREMIERE
1432 299 1598 336 ANNEE.
2389 318 2423 345 31

344 388 511 418 ficentiam
532 389 624 418 tuam
639 388 754 418 decere
778 397 843 418 non
868 388 1034 418 credimus
1060 397 1119 419 nec
1140 390 1169 419 te
1188 389 1355 425 volumus,

344 442 652 480 quantumcumque
675 441 732 470 tua
750 441 891 471 libenter
909 442 1096 471 frueremur
1112 443 1203 480 grata
1222 451 1358 481 presen-

342 493 403 528 tia,
419 502 479 532 pro
495 493 688 532 hujusmodi
705 494 898 523 tractatibus
914 494 1077 529 laborare,
1097 495 1154 525 sed
1173 495 1211 525 de
1229 495 1358 525 liberali

343 546 510 576 oblatione
524 547 581 576 tua
592 546 654 576 tibi
675 548 784 584 grates
794 547 914 577 uberes
923 548 1115 584 referentes,
1126 548 1358 578 celsitudinem
1387 549 1388 554 ’

342 599 434 628 tuam
453 599 630 629 affectuose
654 608 823 637 rogamus,
848 602 1012 638 quatenus
1029 600 1177 630 sinistris
1193 600 1264 639 ejus
1286 609 1359 640 sug-

344 652 553 690 gestionibus
570 661 636 682 non
661 654 789 691 prestes
807 652 969 689 auditum,
988 661 1046 683 nec
1062 653 1168 692 ipsius
1183 653 1359 683 fraudibus

342 705 373 735 te
382 704 520 743 patiaris
534 705 661 735 involvi
670 706 849 739 Ceterum,
860 706 938 744 quia
948 706 1017 735 zelo
1033 705 1232 736 sinceritatis
1243 706 1358 736 intime

342 757 431 787 circa
447 759 500 787 tue
517 758 760 797 magnitudinis
780 758 985 788 incrementa
1001 767 1133 796 semper
1149 759 1287 788 intendit
1305 768 1357 788 cc-

341 810 457 846 clesia,
485 811 563 849 quia
584 812 777 841 continuate
804 811 1032 841 benivolentie
1059 811 1169 840 studio
1195 811 1297 849 gessit
1317 811 1358 841 ab

342 863 423 893 olim
446 864 476 894 et
497 864 581 903 gerit
603 864 636 893 in
655 863 741 893 votis
759 863 948 901 augmentis
964 863 1108 892 exaltare
1124 863 1312 901 magnificis
1328 865 1359 893 et

341 916 504 954 insignire
519 916 694 946 titulorum
707 916 894 954 adjectione
906 915 1103 945 sublimium
1115 924 1235 945 nomen
1249 917 1355 953 tuum,

340 976 413 1004 nOS‚
432 969 488 1006 qui
519 969 793 1006 predecessorum
826 968 1017 997 nostrorum
1045 968 1185 1005 vestigia
1215 968 1300 998 cirea
1326 970 1356 998 te

339 1021 464 1050 imitari
474 1020 691 1059 proponimus
703 1021 737 1050 in
756 1020 926 1050 affluentia
941 1020 1182 1050 benedictionis
1194 1022 1225 1050 et
1240 1022 1355 1060 gratie,

339 1073 438 1102 silere
463 1081 528 1102 non
543 1081 724 1111 possumus
741 1072 823 1111 quin
846 1074 990 1102 mentem
1008 1074 1154 1103 nostram
1172 1073 1232 1103 tibi
1246 1075 1353 1113 pater<

339 1125 392 1155 nis
406 1125 559 1155 affatibus
580 1125 820 1164 exprimamus.
840 1125 1146 1164 Consideraigitur,
1167 1126 1353 1162 fili‚c0nsi-

335 1179 416 1209 dera
424 1178 471 1208 tui
483 1179 616 1217 generis
629 1178 1016 1217 claritatem,quantaque
1031 1188 1049 1209 a
1061 1179 1178 1209 diebus
1193 1180 1352 1218 antiquis,

336 1239 480 1271 quorum
496 1231 656 1262 memoria
675 1240 740 1261 non
761 1231 1112 1270 existit‚generositate
1133 1232 1274 1263 illustris
1291 1233 1352 1263 cla<

336 1284 441 1315 ruerit
456 1285 575 1314 domus
587 1285 655 1318 tua,
673 1285 796 1322 quanta
808 1284 867 1314 tibi
884 1284 1051 1314 Dominus
1064 1285 1189 1315 dederit
1206 1286 1353 1324 potentia

338 1338 370 1367 et
396 1345 536 1376 persone
564 1337 759 1368 strenuitate
787 1337 910 1376 vigere,
941 1338 1021 1376 quot
1051 1339 1082 1367 et
1111 1338 1226 1376 quanti
1263 1338 1352 1377 regie

337 1390 509 1429 dignitatis
533 1390 712 1429 participes
741 1390 801 1420 tibi
825 1390 978 1429 proxima
1003 1391 1302 1430 consanguinitatis
1321 1393 1352 1422 et

336 1442 510 1473 affinitatis
536 1443 626 1473 linea
642 1443 902 1482 conjunguntur.
920 1443 1092 1478 Quomodo
1116 1443 1217 1482 igitur
1234 1444 1350 1474 cadere

334 1496 441 1534 potuit
456 1496 490 1526 in
506 1497 678 1529 cortuum,
689 1496 855 1534 quomodo
864 1496 970 1534 potuit
986 1497 1145 1526 animitui
1162 1497 1351 1527 sublimitas

334 1547 490 1577 inclinari
502 1548 537 1577 ut
560 1548 599 1577 de
623 1548 847 1578 contrahendo
862 1548 1073 1579 matrimonio
1089 1549 1174 1578 inter
1189 1572 1210 1579 .,
1228 1549 1348 1587 primo-

334 1601 483 1639 genitum
499 1601 594 1630 tunm
612 1600 776 1630 illustrem
793 1602 852 1630 et..
872 1602 983 1631 natam
994 1601 1166 1632 memorati
1182 1601 1351 1637 M.,verba

335 1653 433 1683 etiam
447 1654 608 1692 patereris
627 1653 763 1683 audire?
780 1653 951 1692 Numquid
963 1654 1208 1693 contempnitur
1222 1655 1262 1684 ab
1274 1655 1350 1684 aliis

334 1707 454 1737 mundi
479 1707 687 1745 principibus
714 1707 812 1737 natus
833 1707 932 1737 tuus?
953 1707 1125 1746 Numquid
1142 1708 1243 1737 deerit
1264 1708 1293 1737 ei
1309 1708 1349 1737 de

333 1760 437 1798 stirpe
462 1760 552 1798 regia
579 1760 699 1790 decens
723 1760 865 1799 conjux?
887 1760 913 1787 O
939 1762 1101 1799 quantum
1128 1761 1270 1790 dedecus
1290 1761 1348 1791 tali

332 1812 502 1843 connubio
536 1813 661 1842 tantam
695 1813 825 1851 generis
858 1813 1056 1843 dedecorare
1086 1813 1290 1852 prosapiam!
1321 1813 1348 1843 O

333 1874 433 1905 quam
450 1866 574 1903 fedum,
588 1874 662 1895 cum
674 1867 741 1896 tam
755 1865 830 1896 fedo
846 1865 957 1896 federa
969 1867 1165 1905 cujusquam
1176 1867 1348 1896 affinitatis

333 1919 435 1949 inire!
457 1919 484 1949 O
501 1928 600 1957 quam
617 1919 822 1955 detestabile,
834 1920 901 1948 tam
918 1919 1074 1949 devotum
1085 1919 1223 1949 ecclesie
1240 1919 1348 1949 filium

334 1972 443 2011 ipsius
460 1972 596 2002 inimico
622 1973 653 2002 et
677 1972 879 2010 persecutori
902 1972 1080 2002 manifesto
1106 1972 1240 2002 vinculo
1259 1974 1348 2003 tante

332 2025 578 2064 conjunctionis
603 2024 757 2063 astringit
783 2024 902 2054 Nonne
920 2033 1036 2062 posses
1058 2033 1169 2054 amare
1186 2025 1296 2055 dolere
1319 2025 1348 2055 si

332 2087 375 2109 ex
390 2078 449 2108 tali
462 2087 548 2108 nuru
560 2077 619 2107 tibi
632 2077 744 2116 proles
755 2078 966 2109 accresceret.
981 2077 1039 2107 toti
1054 2078 1110 2107 tuo
1126 2078 1239 2116 generi
1252 2078 1348 2117 eique

331 2131 520 2169 conjunctis
544 2131 576 2160 et
600 2130 662 2160 tibi
684 2130 831 2160 maxime
845 2130 965 2169 pudori
989 2130 1124 2160 futura?
1140 2130 1234 2161 Certe
1257 2131 1292 2160 in
1316 2132 1346 2161 te

330 2192 397 2215 non
413 2184 497 2214 bene
513 2183 632 2222 primis
647 2183 766 2213 ultima
781 2183 1031 2221 responderent,
1048 2183 1106 2213 sed
1122 2183 1186 2222 ipsi
1202 2183 1263 2213 tibi
1280 2193 1345 2214 om-

330 2237 410 2267 nino
426 2236 603 2266 dissimilis
620 2245 809 2275 appareres,
824 2236 853 2265 si
871 2237 905 2266 tu
919 2235 959 2265 ab
976 2236 1048 2274 ipsa
1064 2237 1147 2266 etate
1160 2238 1272 2266 tenera
1287 2237 1346 2267 ini-

330 2290 436 2320 micos
454 2289 592 2320 ecclesie
610 2298 647 2319 ac
664 2289 846 2319 christiane
862 2289 939 2318 fidei
955 2290 1162 2327 persecutus,
1176 2298 1264 2319 nunc
1280 2298 1347 2320 ma-

330 2343 494 2373 turiorum
520 2342 720 2372 constitutus
743 2350 907 2372 annorum
932 2342 1048 2372 talium
1074 2342 1218 2381 aliquem
1243 2343 1277 2373 in
1299 2338 1347 2373 tui

331 2395 580 2434 derogationem
611 2395 759 2425 nominis
792 2396 882 2425 tanto
911 2394 1024 2425 favore
1054 2404 1090 2425 ac
1121 2395 1348 2426 benivolentia

330 2448 557 2487 prosequaris.
585 2448 660 2478 Non
689 2448 778 2478 enim
802 2448 937 2486 preterit
959 2448 1047 2486 regie
1069 2448 1346 2479 considerationis

334 2500 491 2531 intuitum
515 2501 605 2539 quod
633 2509 674 2530 ex
689 2501 747 2530 tali
769 2500 1003 2539 conjunctione
1028 2502 1211 2531 memorato
1235 2501 1279 2531 M.
1297 2501 1345 2531 ni-

331 2554 418 2583 mius
444 2553 538 2583 favor
556 2554 769 2590 accresceret,
786 2562 852 2583 non
871 2553 942 2584 sinc
959 2562 1079 2592 magna
1094 2554 1219 2584 offensa
1233 2554 1297 2584 Dei
1315 2555 1346 2585 et

332 2606 483 2640 ecclesie,
512 2614 613 2644 quam
642 2606 714 2645 ipse
741 2607 818 2636 totis
842 2607 1055 2646 persequitur
1079 2607 1265 2641 nisibus,et
1289 2608 1344 2638 tue

332 2658 571 2697 magnitudinis
587 2657 713 2688 lesione
740 2659 819 2688 dum
844 2659 873 2689 ei
896 2661 926 2688 te
954 2659 1196 2698 conjungendo,
1217 2660 1275 2697 qui
1298 2660 1345 2690 sic

331 2711 472 2741 eandem
488 2711 662 2749 impugnat
679 2711 865 2746 ecclesiam,
877 2711 918 2741 ab
933 2712 1005 2751 ipsa
1020 2712 1168 2750 separari
1183 2714 1214 2742 et
1230 2713 1346 2743 adver-

330 2764 396 2794 sari
412 2764 572 2793 nimirum
591 2763 754 2793 videreris
770 2764 889 2794 eidem.
906 2764 1003 2794 Absit
1018 2765 1139 2803 itaque,
1156 2765 1242 2795 absit
1259 2766 1345 2803 quod

331 2818 364 2847 in
386 2816 492 2856 gloria
522 2817 577 2846 tua
600 2816 767 2846 maculam
789 2817 914 2846 tantam
940 2826 1056 2855 ponas.
1080 2818 1189 2853 Absit,
1213 2819 1248 2848 ut
1269 2818 1345 2848 talis

330 2877 490 2908 umquam
513 2868 572 2898 tibi
599 2870 676 2899 nota
696 2869 801 2907 possit
818 2869 955 2907 imponi.
976 2870 1084 2905 Absit,
1101 2871 1137 2900 ut
1153 2872 1265 2901 contra
1282 2871 1343 2901 cla-

330 2932 401 2954 ram
417 2923 508 2952 tuam
533 2923 565 2952 et
585 2921 733 2961 ejusdem
751 2921 884 2959 generis
901 2922 948 2952 tui
967 2922 1090 2952 famam
1107 2923 1249 2963 suspitio
1265 2924 1297 2953 in
1314 2925 1345 2954 te

331 2975 585 3013 qualiscumque
606 2975 802 3009 succrescat,
820 2974 907 3012 quod
936 2983 954 3004 a
979 2975 1086 3005 solitis
1106 2975 1293 3006 devotionis
1314 2978 1345 3007 et
1374 2994 1375 2997 =

1386 421 1388 441 ζ
1417 390 1600 420 affectionis
1623 392 1751 422 semitis
1775 401 1852 431 erga
1872 394 1980 424 Deum
1999 396 2029 425 et
2045 396 2229 426 Romanam
2248 399 2419 428 ecclesiam

1416 441 1538 472 dicaris
1559 445 1806 481 quomodolibet
1823 446 2191 485 claudicare.P1·ofecto,
2205 451 2359 490 princeps
2375 453 2420 482 in-

1417 495 1503 530 clite,
1515 496 1543 525 si
1559 497 1587 525 te
1604 505 1813 536 nequaquam
1828 499 1867 528 ab
1881 499 2071 538 hujusmodi
2088 503 2318 541 conjunctione
2328 506 2428 534 retra-

1418 548 1510 578 heret
1532 549 1646 579 nativa
1669 550 1826 580 nobilitas
1844 553 1875 581 et
1900 554 2012 582 votum
2035 554 2144 584 debite
2163 557 2430 587 conservationis

1418 598 1537 638 ipsius,
1550 600 1682 631 devotio
1698 601 1813 632 saltem
1827 603 1867 632 ad
1884 605 2019 633 matrem
2034 605 2205 636 ecclesiam
2228 607 2257 635 in
2273 608 2302 637 te
2314 616 2348 637 ac
2361 607 2430 637 tuis

1419 652 1690 690 progenitoribus
1703 654 1848 684 radicata
1861 664 2016 687 revocare
2030 657 2172 688 deberet.
2185 659 2317 689 Placeat
2327 660 2430 698 igitur

1419 704 1613 735 excellentie
1638 707 1692 736 tue
1709 707 1857 744 paternis
1874 709 2083 746 acquiescere
2106 712 2242 741 monitis
2260 714 2288 741 ct
2305 713 2429 742 nostris

1420 756 1709 788 exhortationibus
1725 762 1915 798 promptum
1934 763 2147 793 accomodare
2163 772 2374 800 consensum,
2392 767 2428 795 ut

1418 810 1643 846 prosecutioni
1663 811 1909 849 conjunctionis
1927 813 2120 851 hujusmodi
2138 817 2282 855 amplius
2299 826 2361 847 non
2380 818 2426 848 111-

1418 861 1531 895 sistas,
1555 862 1613 891 sed
1635 862 1676 892 ab
1701 871 1738 892 ea
1756 865 1822 892 tam
1847 865 1894 894 tui
1922 867 2120 905 tuorumque
2147 868 2284 899 honoris
2304 870 2425 900 intuitu

1418 922 1517 951 quam
1542 914 1649 944 divini
1679 916 1804 946 amoris
1831 917 1967 948 obtentu
1984 919 2120 949 omnino
2142 920 2295 955 desistas,
2313 925 2348 952 ut
2365 923 2424 952 tibi

1417 966 1506 996 fame
1545 969 1697 998 servetur
1734 969 1919 1007 integritas,
1950 971 1981 1000 et
1995 971 2123 1002 illibata
2137 973 2185 1002 tui
2220 974 2353 1004 claritas
2372 984 2425 1013 ge-

1417 1019 1510 1049 neris
1534 1022 1758 1051 conservetur.
1782 1022 1904 1052 Datum
1929 1024 2085 1061 Yiterbii,
2103 1034 2135 1054 vi
2155 1026 2314 1057 kalendas
2333 1028 2424 1063 maii,

1416 1080 1502 1103 anno
1518 1073 1558 1104 1⁰.
1577 1085 1591 1100 »

1480 1231 1528 1261 95
1919 1232 2045 1265 Viterbe,
2065 1235 2092 1259 13
2108 1234 2257 1261 decembre
2278 1237 2352 1262 1261.

1449 1314 1519 1340 Cum
1542 1313 1692 1348 Rodulpho
1716 1314 1750 1341 de
1772 1314 1984 1349 Freningeliam
2009 1324 2093 1350 super
2113 1317 2274 1344 detentione
2298 1319 2422 1352 plurium

1412 1362 1618 1389 beneficiorum
1637 1363 1794 1397 dispensat.
1813 1364 1893 1397 inm.
1910 1365 1955 1397 26,
1972 1364 2021 1392 sol.
2041 1365 2070 1391 {l
2091 1374 2130 1398 ro,
2147 1374 2179 1392 no
2197 1368 2253 1396 923.)

1454 1454 1467 1467 «
1487 1442 1636 1481 Maqistro
1652 1442 1815 1482 liudulpho
1829 1442 1865 1472 dc
1883 1443 2240 1482 Freninqclzam,rectori
2253 1447 2373 1476 ecclesie
2389 1448 2424 1478 (le

1412 1495 1622 1530 Euereslzolte,
1651 1495 1869 1525 LivzcoltzIerzsis
1893 1497 2248 1530 diocesiS.Devoti01iis
2274 1502 2327 1531 tue
2348 1511 2421 1540 pre-

1411 1549 1506 1579 cibus
1529 1549 1692 1583 inclinati,
1714 1550 1748 1579 ut
1767 1550 1878 1588 preter
1895 1550 2055 1581 beneficia
2073 1552 2294 1583 ecclesiastica
2309 1563 2421 1585 curam

1411 1602 1598 1632 animarum
1623 1601 1789 1638 habentia,
1815 1611 1878 1641 que
1897 1612 1938 1633 ex
1961 1603 2208 1642 dispensatione
2222 1606 2309 1636 sedis
2327 1616 2420 1646 apos-

1410 1655 1506 1685 tolice
1530 1656 1561 1684 et
1583 1655 1648 1685 duo
1672 1664 1747 1685 cum
1770 1655 1873 1686 simili
1891 1665 1968 1686 cura
1993 1657 2065 1687 sine
2091 1658 2338 1696 dispensatione
2360 1661 2420 1690 1111-

1406 1708 1554 1746 jusmodi
1580 1709 1821 1744 commendata,
1852 1717 1978 1740 necnon
1998 1712 2028 1740 et
2054 1711 2254 1749 prebendam
2290 1713 2418 1744 Londo-

1410 1761 1537 1791 niensis
1560 1761 1698 1791 ecclesie
1723 1770 1786 1800 que
1803 1762 1943 1797 obtines,
1962 1764 2070 1801 possis
2095 1764 2230 1794 unicum
2245 1765 2351 1795 adhuc
2370 1775 2419 1796 ec-

1409 1814 1633 1844 clesiasticum
1656 1814 1868 1850 beneficium,
1898 1817 2111 1857 personatum
2133 1817 2186 1847 vel
2211 1818 2417 1856 dignitatem,

1410 1866 1540 1896 etiamsi
1553 1866 1698 1896 similem
1711 1875 1824 1896 curam
1836 1867 1953 1897 habeat
1970 1869 1999 1897 et
2010 1868 2070 1898 tibi
2081 1869 2238 1899 canonice
2250 1870 2414 1906 offeratur.v

1409 1919 1496 1949 licite
1511 1919 1655 1957 recipere
1666 1922 1695 1948 et
1711 1927 1785 1949 cum
1805 1920 1930 1949 eisdem
1948 1921 1995 1950 sic
2007 1921 2148 1951 obtentis
2160 1922 2248 1951 licite
2263 1922 2414 1954 retinere,

1409 1972 1439 2000 et
1462 1970 1490 2000 si
1506 1971 1536 2000 te
1554 1969 1666 2007 aliqua
1684 1977 1724 1998 ex
1750 1970 1798 1999 eis
1820 1970 1989 2009 resignare
2007 1973 2336 2011 contigerit,totidem
2352 1975 2417 2006 alia

1408 2023 1479 2053 loco
1496 2023 1631 2053 illorum
1657 2031 1720 2061 que
1738 2023 1973 2062 resignaveris,
1991 2033 2065 2054 cum
2091 2026 2194 2056 simili
2221 2035 2299 2057 cura
2319 2036 2415 2058 cano-

1409 2076 1481 2106 nice
1498 2076 1558 2106 tibi
1575 2075 1684 2106 oblata
1700 2076 1845 2115 recipere
1861 2077 1950 2107 licite
1967 2078 2078 2108 valeas
2094 2080 2125 2108 et
2139 2079 2261 2110 habere
2276 2089 2350 2110 cum
2366 2090 2416 2111 re-

1408 2129 1521 2167 liquis,
1540 2129 1775 2159 constitutione
1800 2130 1964 2168 generalis
1987 2132 2118 2161 concilii
2137 2141 2238 2170 super
2254 2133 2314 2163 hoc
2331 2134 2418 2163 edita

1408 2190 1474 2211 non
1485 2181 1647 2216 obstante,
1660 2182 1768 2212 tecum
1778 2182 1970 2213 auctoritate
1982 2184 2161 2222 apostolica
2170 2185 2415 2224 dispensamus,

1407 2234 1542 2273 proviso
1559 2235 1646 2273 quod
1667 2252 1716 2263 —.
1740 2235 1833 2264 Nulli
1854 2244 1929 2274 ergo
1946 2253 1994 2266 —.
2021 2237 2143 2267 Datum
2169 2238 2323 2272 Viterbii,
2341 2238 2417 2268 idus

1407 2288 1603 2323 decembris,
1623 2297 1709 2318 anno
1730 2288 1770 2318 1⁰.
1789 2301 1802 2314 »

1473 2448 1521 2478 9ss
1976 2447 2102 2479 Viterbc,
2122 2448 2151 2473 12
2169 2455 2246 2474 mars
2267 2449 2341 2475 1262.

1440 2531 1512 2556 Cum
1526 2530 1682 2556 Laurentio
1696 2530 1728 2556 de
1746 2530 1895 2564 Espcriinc
1912 2538 1996 2564 super
2014 2531 2174 2557 retentione
2190 2531 2316 2565 plurium
2334 2532 2415 2558 bene-

1405 2578 1536 2605 ficiorum
1552 2579 1710 2613 dispensat.
1729 2579 1807 2611 (aaa.
1825 2580 1868 2610 26,
1884 2578 1908 2604 fu
1924 2580 1968 2609 22,
1988 2587 2020 2605 no
2036 2580 2093 2611 9¹2.)

1444 2671 1459 2687 «
1475 2659 1640 2689 Laurentio
1655 2658 1689 2687 de
1706 2659 1878 2698 Espmime,
1896 2659 2006 2688 rectori
2025 2659 2145 2688 ecclesie
2160 2659 2195 2689 de
2212 2659 2412 2700 Heyfordwa-

1403 2722 1481 2749 rum,
1504 2712 1723 2741 Lincolniensis
1742 2711 1876 2741 diocesis.
1897 2712 1987 2742 Licet
2012 2721 2051 2742 ne
2073 2713 2148 2751 quis
2170 2713 2285 2751 plures
2311 2714 2412 2745 eccle-

1405 2767 1473 2796 sias
1502 2765 1554 2795 vel
1573 2765 1814 2795 ecclesiasticas
1836 2765 2014 2803 dignitates
2030 2764 2159 2800 habeat,
2172 2766 2257 2796 sacri
2279 2767 2413 2797 concilii

1375 2823 1376 2831 ¹
1403 2818 1594 2848 constitutio
1617 2818 1802 2852 interdicat,
1822 2817 1899 2847 illos
1923 2819 2033 2848 tamen
2060 2827 2299 2857 nonnunquam
2322 2828 2414 2858 apos·

1375 2865 1376 2879 ³
1403 2871 1501 2901 tolica
1528 2871 1624 2901 sedes
1647 2870 1797 2909 ampliori
1834 2871 2047 2909 prosequitur
2070 2871 2186 2910 gratia,
2206 2881 2288 2910 quos
2319 2873 2412 2902 novit

1402 2924 1588 2964 potioribus
1605 2923 1732 2953 meritis
1756 2923 1918 2962 adjuvari.
1946 2923 2032 2954 Hinc
2053 2925 2103 2954 est
2123 2925 2211 2962 quod
2230 2933 2290 2954 nos
2310 2926 2411 2954 atten-

1404 2977 1519 3007 dentes
1542 2977 1595 3007 tue
1620 2976 1737 3006 merita
1753 2976 1927 3015 probitatis
1952 2978 1982 3006 et
2009 2985 2068 3016 per
2097 2977 2157 3007 hoc
2177 2977 2326 3007 volentes
2351 2977 2410 3007 tibi
