2547 3289
1115 249 1350 286 PREMIERE
1372 256 1464 287 ANN
1473 253 1538 288 lssjE.

262 341 452 379 frequenter
464 340 625 378 contingit
639 340 728 378 quod
753 339 904 369 canonici
920 339 1208 370 Autisiodorensis
1223 348 1273 370 ec-

263 394 364 424 clesie
380 393 422 424 ab
438 402 487 428 ea,
512 393 546 423 in
564 401 630 431 qua
645 392 791 423 residere
807 393 846 423 de
864 393 1104 423 consuetudine
1119 401 1274 431 persona-

263 446 339 477 liter
356 455 422 476 non
440 446 606 480 tenentur,
620 453 721 475 causa
735 445 837 475 studii
858 447 914 476 aut
928 446 1205 485 peregrinationis
1217 455 1274 490 seu

263 499 348 529 alias
365 507 424 537 pro
439 507 553 528 eorum
568 498 662 528 libito
681 507 715 528 se
735 498 922 534 absentant,
934 500 1068 538 propter
1083 499 1183 537 quod,
1197 508 1274 538 pau-

263 551 312 582 cis
330 551 364 581 in
382 551 453 590 ipsa
472 551 613 581 ecclesia
629 551 798 581 canonicis
824 552 1086 587 remanentibus
1105 552 1219 582 eadem
1235 552 1276 582 ob

263 604 465 635 servitorum
499 604 665 634 defectum
696 604 818 634 debitis
849 604 1020 643 obsequiis
1048 605 1274 635 defraudatur.

262 657 371 693 Quare
397 656 493 686 nobis
517 656 689 687 humiliter
711 657 907 696 supplicasti
926 659 970 692 ut,
984 666 1057 687 cum
1074 658 1107 687 in
1130 658 1277 696 predicta

262 710 413 744 ecclesia,
438 710 472 740 in
495 718 561 748 qua
584 710 829 749 prebendarum
852 710 985 740 collatio
1004 710 1046 741 ad
1070 711 1100 740 te
1122 710 1275 748 pertinet,

261 763 329 793 sint
345 763 502 793 nonnulle
515 763 681 801 prebende
697 771 838 801 quarum
855 763 1004 792 redditus
1018 764 1095 792 sunt
1107 764 1187 792 adeo
1203 763 1274 800 pin-

261 825 354 855 gues,
366 816 452 854 quod
463 824 502 845 ex
515 825 581 846 una
595 824 792 854 quacunque
805 816 967 854 ipsarum,
977 815 1041 844 duo
1054 817 1193 853 possunt
1207 824 1277 844 sus-

260 869 381 900 tentari
397 869 547 899 canonici
561 870 794 907 competenter,
812 868 852 897 ad
867 868 993 897 cultum
1009 867 1116 897 divini
1130 868 1276 898 nominis

260 921 775 961 ampliandum,tibicuraremus
791 921 968 950 concedere
986 921 1073 958 quod
1089 921 1200 959 possis
1218 930 1276 951 sex

260 975 300 1005 de
324 974 503 1013 prebendis
529 974 635 1012 ipsius
661 973 811 1007 ecclesie,
833 982 973 1012 quarum
997 974 1170 1003 facultates
1187 974 1227 1003 ad
1242 974 1275 1004 id

259 1027 382 1058 melius
403 1027 556 1056 sufficere
578 1027 786 1065 cognoveris,
809 1035 885 1056 cum
912 1027 946 1056 in
961 1027 1101 1056 ecclesia
1115 1027 1276 1066 jamdicta

260 1079 465 1113 vacaverint,
476 1079 637 1114 dividere,
649 1088 684 1109 ac
697 1079 736 1109 de
754 1079 838 1118 ipsis
852 1088 911 1109 sex
927 1080 1114 1115 duodecim,
1132 1080 1214 1109 duas
1228 1080 1274 1109 vi-

260 1132 379 1163 delicet
395 1133 434 1162 de
451 1133 598 1171 qualibet
612 1132 771 1171 ipsarum,
790 1132 976 1171 prebendas
993 1133 1100 1163 facere
1123 1134 1153 1163 et
1168 1134 1275 1163 aucto-
1300 1159 1301 1162 ,

261 1185 357 1216 ritate
376 1187 487 1215 nostra
504 1186 647 1215 statuere
675 1185 765 1223 quod
787 1187 930 1223 quatuor
945 1193 986 1215 ex
1000 1185 1084 1224 ipsis
1098 1185 1272 1215 duodecim
1300 1182 1301 1187 ’

260 1238 440 1277 prebendis
448 1238 716 1273 sacerdotales‚et
727 1240 869 1277 quatuor
881 1238 1122 1272 diaconales&
1132 1240 1274 1276 quatuor

260 1291 516 1322 subdiaconales
538 1292 692 1326 existant,
717 1291 871 1330 quodque
902 1291 1095 1330 hujusmodi
1121 1292 1272 1322 sacerdo-

257 1344 342 1375 tales
359 1353 423 1374 non
444 1344 510 1374 nisi
527 1344 657 1374 clericis
672 1345 802 1374 idoneis
816 1347 872 1383 qui
888 1345 955 1374 sint
971 1344 1004 1374 in
1019 1344 1270 1383 presbiteratus,

256 1398 410 1428 eteedem
420 1398 609 1427 diaconales
620 1398 654 1427 in
665 1398 871 1432 diaconatus,
880 1398 910 1428 et
922 1397 1005 1428 dicte
1016 1398 1271 1428 subdiaconales

256 1451 292 1481 in
302 1451 563 1481 subdiaconatus
573 1451 748 1481 ordinibus
759 1451 1002 1486 constituti‚vel
1012 1451 1136 1481 talibus
1147 1451 1204 1490 qui
1216 1460 1269 1481 ve-
1293 1454 1294 1490 ζ

255 1504 320 1534 11111
331 1504 499 1542 etpossint
509 1504 596 1534 infra
610 1512 735 1534 annum
746 1505 765 1534 a
775 1505 921 1542 tempore
939 1504 1126 1534 collationis
1136 1504 1269 1534 illarum
1293 1494 1294 1513 ¹
1327 1529 1414 1555 rens,
1430 1529 1546 1559 capere
1560 1530 1625 1551 non
1638 1522 1709 1552 sine
1721 1522 1867 1553 violenta
1881 1523 1914 1552 in
1931 1525 1963 1554 te
1976 1524 2151 1563 injectione
2164 1534 2323 1556 manuum

258 1557 300 1588 ad
316 1557 707 1596 hujusmodipromoveri
721 1557 867 1591 ordines,
879 1557 1102 1591 conferantur,
1115 1558 1269 1596 quodque
1293 1553 1294 1601 i
2328 1550 2336 1561 '

253 1610 443 1649 juramento
466 1612 639 1640 teneantur
666 1610 802 1648 prestito
829 1610 865 1640 in
884 1610 1115 1648 prenominata
1131 1610 1270 1640 ecclesia
1293 1617 1294 1639 1

256 1671 317 1702 per
332 1671 452 1692 novem
468 1671 600 1693 menses
618 1663 659 1692 ad
674 1662 787 1692 minus
803 1662 1016 1693 residentiam
1032 1663 1138 1693 facere
1156 1672 1268 1702 perso-
1292 1644 1294 1685 i

257 1716 379 1752 nalem,
390 1716 468 1746 nisit
480 1716 597 1746 nterim
611 1716 897 1746 Antisiodorensis
909 1716 1055 1755 episcopi
1066 1717 1122 1746 aut
1131 1716 1268 1747 ecclesie
1292 1715 1294 1766 ]

257 1769 420 1808 premisse
435 1769 572 1808 capituli
584 1769 772 1808 specialiter
788 1771 942 1799 vacarent
958 1769 1140 1808 obsequiis,
1159 1778 1218 1799 seu
1234 1769 1268 1799 in
1292 1773 1293 1813 ᾗ
1326 1795 1457 1821 mmen,
1480 1787 1594 1821 donec,
1624 1788 1794 1827 assignato
1819 1789 1884 1819 sibi
1907 1791 2014 1820 castro
2038 1791 2196 1829 predicto.
2216 1792 2335 1830 presti-

256 1823 342 1853 terre
359 1824 469 1853 sancte
481 1823 670 1855 subsidium
682 1823 789 1852 autad
803 1822 1008 1852 visitandum
1021 1822 1193 1853 beatorum
1209 1823 1269 1852 Pe-

257 1875 300 1906 tri
324 1877 356 1906 et
381 1876 479 1906 Pauli
502 1876 620 1906 limina
643 1876 921 1914 peregrinationis
946 1884 1046 1906 causa
1069 1876 1210 1906 forsitan
1233 1884 1267 1906 se
1291 1870 1293 1903 t

254 1929 455 1964 conferrent,
471 1931 502 1959 et
516 1929 619 1959 iidem
642 1929 677 1959 in
693 1929 779 1959 dicta
801 1929 941 1959 ecclesia
957 1928 1091 1959 stallum
1117 1929 1152 1959 in
1168 1929 1267 1960 choro
1292 1926 1293 1941 ³

253 1983 287 2013 et
310 1982 420 2012 locum
445 1982 479 2011 in
508 1981 652 2020 capitulo
675 1990 712 2012 ac
731 1981 869 2020 plenum
892 1980 944 2018 jus
967 1981 1182 2011 canonicatus
1212 1982 1268 2012 ha-
1291 1954 1293 2006 i

252 2034 460 2070 beant,sicut
469 2034 591 2064 babent
606 2034 706 2064 ceteri
718 2034 869 2064 canonici
881 2034 1019 2064 ecclesie
1035 2034 1267 2065 antedicte.De
1291 2042 1292 2077 1

250 2088 310 2118 tua
324 2087 425 2126 igitur
440 2087 736 2125 circumspectione
751 2087 883 2125 plenam
896 2086 930 2116 in
947 2087 1092 2117 Domino
1110 2087 1267 2117 fiduciam
1292 2104 1293 2110 1

255 2140 457 2175 obtinentes,
477 2140 656 2171 ordinandi
672 2141 701 2170 et
718 2140 885 2170 statuendi
901 2148 937 2170 ac
953 2140 1153 2178 providendi
1167 2149 1268 2179 super
1292 2159 1293 2162 =

252 2193 327 2228 hoc,
344 2195 442 2232 prout
457 2194 640 2224 secundum
654 2193 763 2224 Deum
779 2193 913 2223 utilitati
931 2195 961 2223 et
980 2193 1099 2224 honori
1118 2194 1267 2231 ejusdem

254 2247 392 2277 ecclesie
416 2246 543 2277 videris
570 2246 736 2285 expedire,
763 2246 962 2276 fraternitati
991 2246 1047 2276 tue
1076 2247 1267 2276 auctoritate

253 2300 459 2338 presentium
479 2300 619 2330 liberam
636 2300 849 2330 concedimus
875 2299 1078 2330 facultatem.
1102 2300 1178 2330 Non
1190 2300 1266 2330 obs·
1292 2320 1293 2327 ,

251 2353 341 2383 131110
353 2370 402 2382 -.
421 2352 687 2383 Contradictores
702 2370 751 2382 —-.
769 2353 818 2382 lta
838 2354 950 2383 tamen
969 2353 1056 2391 quod
1072 2353 1267 2391 hujusmodi

250 2405 431 2436 residentia
446 2405 569 2436 remitti
587 2407 728 2444 nequeat
745 2406 870 2444 absque
886 2414 1052 2436 consensu
1073 2406 1219 2445 episcopi
1236 2407 1267 2436 et

251 2458 387 2496 capituli
404 2458 541 2488 ecclesie
557 2460 749 2493 memorate,
772 2459 926 2497 quodque
949 2459 978 2489 si
999 2468 1017 2489 a
1034 2460 1182 2498 tempore
1200 2467 1265 2497 quo

253 2512 290 2542 tu
306 2511 436 2549 aliquas
452 2511 491 2541 de
507 2511 681 2550 premissis
698 2520 757 2541 sex
773 2512 952 2550 prebendis
972 2512 1123 2542 dividere
1138 2512 1266 2551 ceperis

253 2564 316 2594 alie
334 2564 524 2594 vacaverint
542 2565 576 2594 in
590 2565 706 2595 eadem
723 2565 874 2599 ecclesia,
893 2565 1024 2595 nullum
1048 2565 1109 2594 tibi
1129 2573 1188 2603 per
1203 2565 1265 2595 hoc

250 2618 481 2656 interponatur
497 2617 706 2647 obstaculum
721 2618 802 2656 quin
815 2618 890 2648 illas
906 2618 1052 2657 integras
1071 2618 1173 2648 libere
1189 2627 1262 2648 con-

251 2670 351 2704 feras,
369 2671 465 2708 prout
480 2670 522 2700 ad
538 2671 572 2700 te
586 2671 729 2708 pertinet
745 2672 776 2700 et
794 2671 919 2700 videris
937 2671 1104 2709 expedire.
1122 2671 1264 2701 Proviso

252 2724 340 2763 quod
362 2724 492 2753 tantum
520 2723 657 2753 cuilibet
688 2723 850 2753 dictorum
878 2724 1051 2754 duodecim
1077 2724 1265 2762 assignetur

232 2782 236 2786 ’
252 2776 341 2815 quod
356 2785 415 2814 pro
432 2776 631 2814 competenti
651 2776 812 2806 beneficio
828 2775 989 2806 habeatur
1009 2777 1040 2806 et
1055 2776 1143 2815 quod
1161 2776 1265 2806 nichi-

251 2829 401 2860 lominus
419 2829 540 2868 reliqui
558 2829 696 2859 ecclesie
717 2829 945 2867 111-011οω111310
969 2829 1120 2859 0311011101
1134 2830 1265 2860 tenean-

252 2883 307 2914 tur
321 2883 362 2913 ad
381 2882 526 2913 debitam
544 2883 576 2912 et
596 2883 786 2912 consuetam
802 2881 838 2912 in
853 2890 891 2912 ea
908 2882 1123 2912 residentiam
1141 2882 1262 2913 facien-

255 2936 344 2967 dam.
360 2936 483 2967 Datum
499 2935 651 2970 viterbii,
668 2945 688 2964 v
706 2935 781 2965 idus
800 2934 957 2971 octobris,
971 2944 1058 2966 anno
1072 2935 1101 2965 1⁰
1121 2946 1147 2965 ».

2325 271 2343 297 Cn

1405 343 1450 373 10
1872 347 1995 380 Viterbe,
2017 350 2042 374 tt
2063 350 2178 376 octobre
2197 352 2271 379 ¹26¹.

1372 424 1544 459 Episcopum
1564 427 1773 462 Tripolitanum
1793 438 1808 456 a
1822 430 1989 465 juramento
2007 433 2089 460 solvit
2105 434 2178 468 quod
2193 435 2228 460 ab
2242 436 2333 466 eo‚x·io

1335 471 1413 499 lenta
1434 473 1588 508 injectione
1610 484 1762 510 munuum,
1785 478 1822 511 J.,
1844 479 1876 505 de
1893 480 1957 506 l'olo
1970 489 2077 514 comes,
2101 485 2270 517 extorquere
2281 492 2343 517 pre-

1335 525 1512 556 sumpserat.
1530 524 1608 558 (Rea.
1624 527 1658 551 ‘20
1674 525 1722 552 sol.
1741 527 1765 559 3,
1783 531 1815 552 n0
1831 528 1870 561 8.)

1376 629 1416 646 «..
1438 618 1488 652 P„
1509 620 1648 659 episcopo
1679 621 1880 660 Tripolitano.
1902 623 1951 653 Ad
1976 624 2179 655 audientiam
2197 629 2343 657 nostram

1334 672 1483 708 pervenit
1499 673 1599 710 quod,
1610 682 1685 703 cum
1703 684 1803 713 super
1814 678 1921 706 castro
1938 676 2192 717 Marini‚utpote
2205 688 2238 710 re
2249 682 2344 710 testa*

1334 724 1507 760 mentaria,
1527 725 1652 755 dudum
1678 727 1763 756 inter
1785 728 1939 758 dilectum
1959 730 2065 760 silium
2087 734 2234 762 nostrum
2250 733 2295 766 J„
2314 742 2340 762 s.

1334 775 1463 805 Nicolai
1481 777 1514 806 in
1527 777 1664 808 Carcere
1681 779 1837 810 Tulliano
1853 782 2028 812 diaconum
2045 784 2258 820 cardinalem,
2271 795 2342 815 exe-

1333 829 1481 858 cutorem
1504 831 1695 860 testamenti
1722 833 1888 870 quondam
1900 834 2063 865 Jobannis
2089 837 2281 876 Fraiapani,
2301 847 2342 869 ex

1333 883 1425 920 parte
1440 891 1518 917 una,
1540 884 1570 912 et
1588 885 1756 922 quondam
1774 885 1804 915 J.
1826 886 1865 915 de
1881 887 1963 916 Polo
1977 889 2131 919 comitem
2148 892 2177 919 et
2195 891 2339 921 nobilem

1335 935 1513 964 muliemn
1536 936 1766 973 Sarracenam,
1784 947 1923 968 uxorem
1938 940 2021 977 ejus,
2039 942 2187 972 relictam
2205 945 2340 981 predicti

1331 986 1496 1017 Joliannis
1506 988 1686 1027 Fraiapani
1700 998 1741 1019 ex
1753 990 1867 1024 altera,
1888 992 2017 1030 questio
2035 995 2191 1028 vertetur,
2210 996 2341 1026 tandem

1333 1039 1419 1069 idem
1446 1049 1557 1070 comes
1575 1041 1608 1071 in
1626 1043 1743 1073 mortis
1762 1037 1904 1074 'articulo
1930 1046 2142 1082 constitutus,
2167 1048 2267 1078 saluti
2283 1057 2341 1078 sue

1332 1093 1448 1123 volens
1472 1095 1657 1130 consulere,
1674 1095 1753 1125 fecit
1772 1097 1833 1126 tibi
1856 1099 2001 1128 castrum
2020 1099 2130 1137 ipsum
2153 1109 2171 1129 a
2185 1102 2215 1131 te
2232 1103 2341 1131 tenen—

1331 1146 1411 1176 dum
1438 1147 1499 1177 sub
1518 1148 1618 1178 certis
1635 1149 1740 1186 pactis
1756 1151 1785 1179 et
1801 1151 2055 1181 condicionibus
2069 1161 2152 1191 quas
2168 1154 2255 1184 idem
2272 1164 2339 1184 car-

1330 1199 1453 1230 dinalis
1468 1202 1556 1230 ratas
1569 1201 1684 1231 babuit
1699 1203 1876 1241 assignari.
1887 1204 2106 1235 Postmodum
2125 1215 2213 1241 ver-3,
2226 1208 2339 1237 eodem

1330 1253 1450 1282 comite
1468 1254 1556 1284 viam
1575 1255 1733 1285 universe
1755 1256 1866 1286 carnis
1885 1257 2047 1296 ingresso,
2066 1259 2190 1289 nobilis
2215 1261 2265 1290 vir
2282 1260 2341 1290 Ni-

1298 1327 1299 1332 ,
1329 1306 1455 1343 colans,
1484 1308 1581 1337 natus
1613 1308 1696 1346 ejus,
1723 1309 1809 1339 sicut
1838 1310 1915 1340 facti
1941 1311 2109 1342 evidentia
2136 1313 2339 1344 demonstrat

1329 1362 1453 1399 aperte,
1471 1361 1624 1399 nequiter
1641 1362 1681 1391 ad
1697 1364 1843 1392 castrum
1858 1363 1967 1401 ipsum
1981 1365 2146 1403 aspirans,
2163 1374 2338 1403 personam

1329 1415 1419 1444 tuam
1433 1414 1619 1452 pontificali
1636 1415 1792 1454 dignitati
1809 1418 1839 1446 et
1858 1417 1956 1447 etiam
1975 1418 2125 1456 proxime
2142 1421 2338 1458 consangui-

1328 1467 1434 1502 nitati,
1455 1476 1519 1506 qua
1530 1468 1559 1497 ei
1583 1469 1779 1507 conjunctus
1797 1477 1843 1504 es,
1864 1479 1900 1500 ac
1918 1471 2072 1509 religioni
2095 1473 2150 1502 tue
2169 1481 2235 1502 non
2252 1473 2339 1504 defe-

1326 1582 1362 1603 ac
1389 1573 1462 1603 diro
1487 1569 1609 1604 carceri
1627 1575 1829 1614 mancipare,
1848 1576 1960 1615 ibique
1983 1578 2107 1607 tamdiu
2137 1580 2168 1608 te
2190 1579 2336 1609 detinere

1327 1627 1488 1665 sacrilego
1515 1636 1599 1657 ausu
1615 1629 1817 1667 presumpsit
1828 1629 1862 1658 in
1880 1630 2017 1660 ecclesie
2026 1630 2176 1661 Romane
2192 1634 2336 1662 contem·

1326 1681 1432 1718 ptum,
1448 1680 1694 1719 derogationem
1712 1682 1935 1713 ecclesiastice
1956 1683 2130 1720 libertatis,
2151 1685 2262 1715 anime
2276 1695 2335 1716 sue

1325 1733 1510 1772 periculum
1526 1735 1558 1763 et
1581 1735 1675 1764 tuum
1702 1744 1768 1765 non
1785 1736 1952 1766 modicum
1970 1737 2192 1776 prejudicium
2211 1740 2243 1769 et
2261 1747 2334 1777 gra—

1324 1839 1394 1869 tisti
1420 1839 1451 1868 ei
1477 1840 1516 1869 de
1544 1840 1647 1870 illatis
1677 1841 1738 1870 tibi
1761 1850 1827 1872 non
1850 1843 2093 1880 prosequendis
2117 1846 2231 1874 contra
2259 1853 2335 1875 eum

1326 1892 1481 1931 dampnis
1493 1894 1524 1923 et
1537 1893 1670 1932 injuriis
1683 1895 1898 1933 corporaliter
1911 1895 2150 1934 juramentum.
2161 1898 2246 1933 Quia
2256 1906 2335 1929 vero

1325 1953 1364 1975 ea
1387 1954 1450 1983 que
1474 1946 1506 1975 vi
1533 1948 1685 1976 metusve
1706 1956 1807 1977 causa
1830 1947 1926 1984 fiunt,
1952 1957 2063 1978 carere
2081 1949 2201 1980 debent
2218 1950 2335 1980 robore

1325 1998 1505 2035 firmitatis,
1517 2008 1576 2030 nos
1588 2002 1619 2030 et
1633 2000 1720 2030 fame
1732 2002 1787 2030 tue
1795 2002 1982 2040 providere,
1991 2011 2027 2032 ac
2036 2002 2270 2042 indempnitati
2280 2012 2335 2043 pa-

1324 2053 1419 2082 terna
1436 2053 1662 2084 sollicitudine
1677 2053 1857 2084 subvenire
1876 2055 2036 2090 volentes,
2059 2065 2098 2086 ne
2116 2057 2184 2086 tam
2200 2065 2335 2095 gravem

1325 2113 1500 2135 excessum
1514 2107 1543 2136 et
1554 2106 1715 2137 lesionem
1726 2115 1896 2137 enormem
1913 2109 2086 2139 videamur
2097 2109 2159 2139 sub
2176 2110 2333 2140 dissimu-

1325 2159 1448 2189 latione
1467 2160 1622 2194 transire,
1640 2160 1725 2190 sicut
1750 2169 1808 2191 nec
1830 2161 1986 2192 volumus
2004 2170 2063 2192 nec
2080 2162 2251 2199 debemus,
2269 2172 2337 2193 om-

1326 2212 1381 2242 nia
1395 2221 1458 2251 que
1482 2222 1582 2252 super
1605 2213 1666 2243 hoc
1690 2214 1800 2244 taliter
1822 2216 1893 2244 acta
1910 2215 2034 2245 suntin
2054 2215 2184 2245 1111111111
2203 2216 2335 2254 penitus

1326 2268 1531 2300 revocantes,
1552 2267 1752 2297 ,auctoritate
1775 2268 1957 2306 apostoliea
1976 2270 2008 2298 te
2023 2268 2065 2298 ab
2082 2268 2335 2307 hujusmodiju-

1325 2321 1474 2349 ramento
1501 2320 1547 2354 ut,
1561 2328 1598 2350 eo
1620 2329 1684 2350 non
1701 2320 1866 2354 obstante,
1890 2320 1993 2351 libere
2017 2323 2131 2351 contra
2156 2322 2265 2360 ipsum
2290 2321 2332 2351 N.

1325 2372 1469 2410 experiri
1486 2381 1586 2411 super
1608 2373 1719 2403 taliter
1736 2373 1839 2403 illatis
1857 2374 1918 2403 tibi
1936 2374 2090 2412 dampnis
2107 2376 2138 2403 et
2153 2374 2286 2412 injuriis
2303 2376 2333 2404 et

1324 2426 1574 2464 recuperatione
1598 2426 1705 2464 ipsius
1730 2427 1828 2456 castri
1850 2427 2026 2465 procedere
2047 2427 2171 2461 valeas,
2189 2427 2334 2457 absolvi—

1323 2487 1400 2508 mus
1427 2480 1457 2508 et
1482 2480 1513 2509 te
1540 2479 1579 2508 ad
1597 2479 1669 2517 ejus
1691 2479 1938 2510 observantiam
1963 2479 2174 2509 decernimus
2197 2488 2261 2510 non
2286 2482 2331 2510 te-

1323 2531 1406 2561 neri.
1431 2531 1526 2561 Nulli
1558 2540 1635 2570 ergo
1660 2534 1772 2562 nostre
1797 2532 2031 2567 revocationis,
2060 2532 2281 2562 absolutionis
2301 2533 2332 2562 et

1323 2585 1574 2615 constitutionis
1604 2587 1665 2615 etc.
1700 2585 1823 2615 Datum
1848 2584 2002 2621 Viterbiit
2034 2594 2052 2614 v
2077 2585 2152 2615 idus
2188 2585 2331 2616 octobris

1323 2646 1413 2668 anno
1429 2638 1458 2667 1⁰
1477 2650 1506 2668 ».

1389 2807 1433 2837 11
1873 2805 1996 2838 Viterbe,
2015 2807 2031 2832 6
2047 2807 2161 2833 octobre
2182 2808 2258 2834 ¹26¹.

1356 2890 1497 2921 Generali,
1518 2889 1658 2924 prioribus
1681 2891 1709 2915 et
1731 2888 1868 2916 fratribus
1889 2889 2055 2923 Hei-emitis,
2075 2890 2184 2918 ordinis
2205 2899 2226 2917 s.
2258 2891 2332 2918 Guil-
2354 2918 2357 2921 ,

1321 2939 1390 2966 lelm
1412 2939 1559 2966 iconcedit
1572 2941 1600 2965 ut
1612 2938 1646 2965 ud
1657 2938 1865 2972 prestationem
1882 2939 2129 2973 procurationum,
2146 2939 2328 2967 exactionum
