2547 3289
276 265 336 296 486

316 360 331 373 «
352 345 529 386 [raymundo
550 345 585 373 (le
608 344 720 379 Crosi's,
741 342 852 371 rectori
879 341 1002 370 ecclesie
1027 340 1062 370 de
1086 341 1240 370 Bolermco
1260 341 1280 377 ¹,

275 399 479 430 Narbonensis
493 397 627 431 diocesis,
648 395 803 435 capellano
820 393 1000 423 venerabilis
1015 393 1127 432 fratris
1143 393 1240 422 nostri
1260 418 1280 424 ..

274 453 408 494 episcopi
433 450 619 481 Sabinensis.
643 450 743 479 Lecta
759 456 870 478 coram
898 447 995 477 nobis
1019 447 1209 477 devotionis
1228 449 1282 477 tue

274 507 391 546 petitio
420 503 610 535 continebat
637 502 725 541 quod
752 501 879 531 dudum
904 500 1014 531 felicis
1038 500 1282 530 recordationis

274 558 465 590 Alexander
481 566 576 596 papa,
596 555 813 594 predecessor
834 556 958 587 noster,
972 553 1199 583 venerabilem
1218 553 1281 584 fra-

273 615 357 642 trem
377 612 528 641 nostruin
547 633 564 638 ..
577 609 784 647 episcopum,
797 609 827 637 et
841 607 982 637 dilectos
996 606 1085 636 lilios
1097 606 1281 645 capitulum

274 665 488 695 Lodovenses
515 661 645 701 rogavit
669 661 831 690 attentius
860 660 977 698 elsque
1003 659 1094 690 dedit
1121 668 1180 698 per
1203 668 1283 691 suas

273 718 404 748 litteras
426 717 459 746 in
483 715 652 746 mandatis
673 715 708 744 ut
728 715 770 749 te,
792 713 819 742 si
845 713 884 743 de
903 713 1042 752 majoris
1063 713 1117 743 vel
1137 713 1283 744 sanioris

271 771 379 810 partis
395 778 509 800 eorum
527 768 721 807 procederet
736 767 919 802 voluntate,
932 767 965 796 in
983 766 1182 797 canonicum
1201 767 1284 797 reci-

272 826 386 863 perent
412 826 440 853 et
464 823 499 852 in
522 822 672 857 fratrem,
693 820 822 859 tibique
845 820 884 850 de
908 819 1089 858 prebenda,
1111 820 1140 849 si
1161 829 1226 859 qua
1250 821 1283 850 in

272 886 388 907 eorum
407 876 548 906 ecclesia
571 877 649 905 tunc
673 873 809 904 vacabat
828 873 880 903 vel
899 882 999 912 quam
1023 873 1171 911 primum
1189 873 1231 903 ad
1250 873 1283 903 id

273 939 307 960 se
338 930 469 960 offerret
500 928 748 968 opportunitas,
775 926 1003 965 providerent,
1031 935 1098 957 non
1127 926 1283 958 obstante

273 983 378 1022 partis
402 981 664 1012 contradictione
688 980 841 1010 minoris,
876 979 969 1009 L'nde
997 979 1077 1009 dicti
1104 980 1284 1019 episcopus

272 1039 301 1067 et
331 1035 514 1074 capitulum
544 1034 759 1064 Lodovenses
788 1032 973 1063 venerabili
1003 1032 1100 1063 fratri
1127 1035 1282 1064 nostro..

273 1089 429 1127 episcopo
447 1087 636 1121 Sabinensi,
657 1086 841 1125 recipiendi
860 1088 891 1116 te
911 1094 1026 1116 eorum
1046 1086 1116 1116 vice
1138 1086 1171 1117 in
1188 1094 1284 1116 cano-

274 1143 385 1172 nicum
416 1141 648 1171 Lodovensem
674 1141 912 1170 concesserunt
938 1148 998 1178 per
1024 1148 1103 1169 suas
1129 1141 1284 1179 patentes

274 1196 404 1225 litteras
422 1194 627 1224 facultatem.
646 1193 739 1223 Idem
757 1194 867 1223 autem
885 1192 1065 1231 episcopus
1084 1192 1284 1224 Sabinensis

272 1251 316 1283 te,
333 1249 431 1287 juxta
451 1247 644 1277 facultatem
662 1246 867 1284 hujusmodi,
887 1246 919 1275 in
940 1245 1138 1276 canonicum
1158 1245 1284 1284 recepit

274 1302 414 1331 00010510
433 1300 635 1339 supradicte,
658 1302 756 1338 prout
775 1299 807 1328 in
825 1299 949 1329 litteris
970 1298 1046 1328 inde
1071 1298 1234 1330 confectis
1253 1300 1284 1328 et
1314 1287 1316 1318 ,²

1314 1345 1316 1367 ³
1346 1351 1679 1386 Cittonis'l'ania'cdi,
1695 1351 1907 1380 sacrosancte
1920 1350 2072 1381 Romane
2089 1349 2231 1379 ecclesie
2248 1349 2361 1378 aucto-

275 1355 383 1393 ipsius
415 1354 565 1392 episcopi
590 1353 789 1383 Sabinensis
820 1352 933 1391 sigillo
963 1351 1116 1388 munitis,
1148 1352 1284 1390 plenius

274 1407 556 1437 i·ontim·tu1·.Nos
575 1406 687 1443 igilur,
704 1405 772 1434 tuis
790 1404 1098 1443 supplicationibus
1117 1404 1282 1440 inclinati,

274 1461 500 1498 receptionem
526 1459 721 1497 hujusmodi
748 1460 855 1487 ratam
887 1459 919 1487 et
948 1459 1078 1495 gratam
1108 1456 1281 1492 habentes,

274 1522 359 1547 eam,
379 1522 444 1542 non
462 1512 614 1542 obstante
633 1511 721 1550 quod
741 1511 780 1541 de
799 1510 941 1540 ecclesia
956 1510 996 1540 de
1012 1511 1179 1542 Botenaco
1194 1519 1285 1540 men-

273 1566 397 1596 tionem
428 1565 461 1594 in
493 1564 655 1603 predictis
679 1564 804 1594 litteris
831 1572 896 1593 non
929 1563 1051 1601 fecisti,
1084 1564 1284 1593 auctoritate

273 1618 459 1658 apostolica
480 1617 720 1647 confirmamus
747 1618 779 1647 et
804 1616 973 1655 presentis
999 1616 1117 1655 scripti
1144 1616 1287 1655 patroci-

274 1672 329 1702 nio
357 1671 618 1706 (mininunimus,
646 1672 797 1700 tenorem
827 1669 1055 1708 predictarum
1085 1669 1285 1700 Sabinensis

273 1725 424 1764 episcopi
446 1724 637 1754 litterarum
662 1724 702 1753 de
726 1723 826 1753 verbo
846 1723 884 1753 ad
904 1723 1044 1754 verbum
1068 1722 1286 1762 presentibus

274 1778 378 1808 inseri
398 1777 569 1813 facientes,
591 1777 648 1816 qui
663 1776 742 1806 talis
760 1777 810 1806 est
828 1786 833 1804 z

314 1842 328 1859 11
349 1830 458 1867 Guido,
479 1830 668 1859 miseratione
686 1829 791 1859 divina
806 1829 982 1860 sabinensis
993 1829 1162 1869 episcopus,
1177 1829 1286 1859 dilecto

274 1883 455 1924 It'aymunclo
471 1883 506 1912 cle
525 1882 636 1919 Crosis,
654 1881 812 1922 capellano
829 1888 943 1919 nostro,
961 1883 1085 1912 salutem
1100 1883 1132 1912 in
1144 1882 1284 1913 Domino.

277 1938 361 1967 Cum
385 1937 465 1967 olim
496 1936 605 1966 felicis
633 1936 878 1966 recordationis
909 1936 1066 1966 dominus
1094 1936 1286 1967 Alexander

276 1998 362 2028 papa
382 1990 522 2028 quartus
542 1988 729 2019 venerabili
750 1989 837 2027 patri
855 2011 882 2018 ..
901 1989 1059 2027 episcopo
1076 1991 1107 2019 et
1129 1989 1287 2019 discretis

276 2042 360 2072 viris
373 2042 520 2080 capitulo
533 2040 788 2072 Lodovensibus
803 2050 882 2071 suas
896 2041 958 2071 sub
971 2043 1060 2071 certa
1078 2041 1186 2071 forma
1202 2041 1288 2072 litte-

279 2104 332 2125 ras
347 2095 539 2131 direxisset,
552 2096 587 2125 ut
604 2096 647 2130 te,
659 2096 738 2124 tunc
752 2094 912 2124 clericum
924 2094 1130 2124 venerabilis
1145 2095 1285 2133 patris..

279 2148 521 2186 archiepiscopi
541 2147 786 2185 Narbonensis,
809 2147 837 2177 51
860 2147 899 2177 110
926 2147 1061 2186 majoris
1085 2148 1115 2177 et
1140 2147 1288 2177 sanioris

277 2202 383 2240 partis
401 2201 551 2239 ipsorum
563 2200 759 2239 procederet
772 2200 955 2235 voluntate,
968 2200 1001 2230 in
1016 2209 1131 2231 eorum
1144 2200 1287 2231 ccclesia
1318 2221 1319 2227 ,

279 2256 463 2293 reciperent
481 2254 515 2284 in
530 2254 728 2284 canonicum
747 2257 777 2284 et
796 2254 827 2283 in
848 2253 987 2284 fratrem
1006 2253 1135 2292 tibique
1156 2254 1196 2283 de
1215 2263 1288 2292 pre-

278 2308 398 2344 benda,
417 2308 444 2337 51
462 2316 527 2346 qua
544 2308 623 2337 tunc
641 2307 779 2337 vacabat
802 2306 927 2336 ibidem
945 2306 997 2337 vel
1017 2316 1117 2345 11113111
1139 2308 1288 2345 prinlum
1318 2316 1319 2323 ¹

278 2361 318 2391 ad
340 2361 372 2390 id
392 2370 427 2390 se
448 2360 590 2390 facultas
619 2360 764 2394 offerret,
792 2359 1034 2390 nichilominus
1060 2360 1286 2398 providerent,

278 2416 310 2444 et
336 2423 397 2444 nos
422 2414 638 2452 postmodum
659 2422 760 2452 super
781 2413 852 2450 1100,
874 2413 952 2443 dum
972 2422 1126 2444 essemus
1154 2414 1187 2443 111
1205 2414 1289 2453 regi-

279 2467 367 2498 mine
384 2467 525 2497 ecclesie
546 2466 792 2502 Narbonensis,
817 2466 1010 2506 frequenter
1030 2467 1288 2505 scripsissemus

278 2520 405 2550 eisdem
427 2520 585 2559 episcopo
608 2521 640 2550 et
667 2519 814 2558 capitulo
840 2528 957 2558 preces
985 2509 1129 2556 nostras,
1152 2520 1288 2550 tandem

278 2573 380 2603 iidem
393 2573 571 2611 episcopus
588 2573 827 2611 eteapitulum‚
846 2574 922 2611 post
939 2574 1130 2603 nostrarum
1151 2581 1289 2611 precum
1321 2581 1322 2592 ¹

279 2626 486 2662 instantiam,
504 2634 563 2664 per
581 2634 661 2656 suas
682 2626 813 2656 litteras
833 2625 930 2656 uobis
949 2626 989 2656 ad
1004 2625 1179 2656 ecclesiam
1197 2626 1290 2656 53111-
1321 2648 1322 2654 ,

279 2687 418 2709 1101150111
437 2679 625 2715 translatis,
652 2679 817 2709 dederunt
835 2678 1085 2718 plenitudinem
1112 2680 1291 2717 potestatis

278 2732 464 2771 recipiendi
477 2734 521 2769 te,
537 2733 688 2771 ipsorum
706 2732 790 2766 vice,
807 2732 841 2762 111
858 2732 1011 2771 ipsorum
1028 2731 1170 2763 ecclesia
1188 2733 1220 2762 in
1240 2742 1291 2763 ca-

279 2785 437 2816 nonicum
459 2786 490 2815 et
510 2785 544 2815 iu
564 2785 714 2822 fratrem,
733 2787 832 2823 prout
858 2785 892 2815 in
909 2793 1026 2816 eorum
1049 2785 1174 2815 litteris
1193 2785 1290 2816 nobis

280 2847 381 2878 super
406 2838 466 2870 1100
490 2839 640 2877 directis,
656 2839 790 2878 plenius
815 2838 1017 2870 continetur.
1039 2839 1134 2870 Unde
1156 2848 1228 2875 1105,
1250 2848 1292 2870 ex

313 2951 333 2974 l.
351 2956 394 2974 ms
410 2955 415 2975 2
430 2951 564 2975 Boisnaco.

1026 258 1053 288 R
1060 257 1269 288 EGISTRES
1300 257 1515 288 D’URBAIN
1547 257 1604 287 lv.

1343 342 1509 379 potestate
1531 340 1629 370 nobis
1645 340 1685 370 ab
1702 340 1830 370 eisdem
1851 340 2009 379 episcopo
2027 342 2059 370 et
2079 340 2225 379 capitulo
2245 340 2278 370 in
2295 341 2357 371 hae

1343 395 1438 432 parte
1463 402 1634 430 concessa,
1660 394 1704 429 te,
1723 393 1794 424 vice
1813 393 1963 432 episcopi
1983 394 2014 423 et
2034 393 2174 432 capituli
2191 393 2357 432 predicto-

1344 455 1432 483 rum,
1445 447 1595 477 omnium
1613 448 1645 477 et
1664 446 1874 486 singulorum
1892 447 2044 485 ipsorum
2060 446 2166 476 salvis
2179 448 2358 477 consuetu-

1344 499 1492 536 dinibus,
1516 499 1743 536 libertatibus,
1773 499 2074 530 constitutionibus
2090 501 2122 530 et
2141 500 2278 529 statutis
2295 499 2359 530 Lo-

1344 552 1503 583 dovensis
1523 553 1664 583 ecclesie
1679 554 1710 583 et
1723 552 1858 591 juribus
1877 554 2101 592 receptorum=
2119 552 2304 590 recipimus
2323 553 2357 582 in

1345 606 1419 645 ipsa
1436 606 1627 636 Lodovensi
1651 606 1795 636 ecclesia
1820 606 1853 636 in
1875 606 2073 636 canonicum
2095 607 2125 636 et
2146 606 2179 636 in
2204 606 2355 636 fratrem.

1344 660 1382 689 In
1398 659 1499 698 hujus
1516 660 1629 699 itaque
1646 660 1694 690 rei
1713 659 1946 690 testimonium
1959 661 1990 689 et
2007 659 2212 689 evidentiam
2229 659 2356 698 plenio-

1345 714 1613 751 rem‚presentes
1624 712 1755 742 litteras
1772 720 1832 751 per
1847 720 1984 742 manum
1997 712 2107 749 Baldi,
2120 711 2242 742 notarii
2257 714 2358 750 atque

1341 766 1466 804 judicis
1490 766 1654 796 ordinarii
1678 765 1900 804 infrascripti,
1922 765 2024 795 scribi
2043 765 2224 803 jussimus
2240 767 2271 795 et
2300 773 2358 795 eas

1345 819 1451 849 nostri
1478 819 1583 858 sigilli
1606 819 1794 849 munimine
1815 818 1957 848 fecimus
1979 817 2145 848 roborari.
2166 818 2289 848 Actum
2307 819 2359 848 est

1344 871 1405 902 hoc
1424 872 1512 911 apud
1532 871 1819 908 [⁷rbe1nvete1e1n,
1843 880 1930 902 anno
1954 871 2196 901 incarnationis
2220 870 2359 901 Domini

1313 943 1315 953 i
1344 926 1452 955 nostri
1480 926 1563 956 Jesu
1589 925 1715 956 Christi
1746 925 1930 956 millesimo
1958 925 2191 954 ducentesimo
2223 932 2362 963 sexage-

1345 979 1432 1009 simo
1448 979 1560 1016 tertio,
1580 979 1762 1009 indictione
1778 980 1884 1013 sexta,
1898 986 2014 1008 mense
2024 977 2144 1016 aprilis
2159 977 2212 1007 die
2227 977 2360 1007 decima

1345 1032 1473 1068 octava,
1496 1032 1711 1071 pontificatus
1729 1032 1856 1062 domini
1881 1031 2008 1062 Urbani
2034 1040 2119 1070 pape
2138 1030 2250 1070 quarti
2271 1038 2359 1060 anno

1346 1085 1505 1122 secundo,
1535 1085 1751 1124 presentibus
1767 1085 1833 1114 hiis
1852 1083 1997 1114 testibus
2016 1084 2145 1114 vocatis
2167 1084 2198 1113 et
2217 1083 2357 1122 rogatis,

1346 1138 1475 1169 50111001
1505 1138 1653 1168 (1011111115
1691 1138 1861 1168 Bernardo
1892 1138 1931 1167 de
1967 1137 2167 1176 Laguscello
2198 1136 2359 1166 canonico

1345 1192 1540 1227 Bitterensi,
1571 1191 1698 1221 domini
1735 1199 1820 1230 pape
1854 1191 2063 1229 cappellano,
2101 1189 2287 1220 Bertrando
2318 1189 2360 1219 de

1346 1245 1459 1275 Pratis
1487 1244 1699 1283 presbytero,
1720 1246 1751 1274 et
1772 1243 1957 1274 Guillelmo
1976 1243 2016 1272 de
2036 1243 2150 1273 Turno
2173 1241 2360 1281 capellanis

1345 1298 1488 1337 predicti
1517 1298 1644 1328 domini
1674 1296 1886 1328 Sabinensis.
1907 1297 1976 1336 Ego
1997 1295 2136 1329 Baldus,
2158 1295 2251 1325 filius
2277 1294 2359 1325 olim

1347 1404 1445 1434 ritate
1463 1404 1615 1434 notarius
1633 1406 1734 1443 atque
1746 1403 1851 1442 judex
1868 1403 2074 1439 ordinarius,
2087 1402 2153 1432 hiis
2170 1401 2310 1432 interfui
2327 1402 2360 1432 et

1346 1466 1384 1487 ea
1408 1457 1447 1488 de
1468 1458 1624 1488 mandato
1651 1457 1731 1487 dicti
1755 1456 1884 1487 domini
1908 1456 2092 1486 cardinalis
2120 1455 2242 1494 scripsi
2268 1456 2300 1485 et
2323 1454 2359 1484 in

1345 1510 1517 1549 publicam
1535 1510 1679 1541 formam
1698 1510 1823 1549 redegi,
1840 1511 1871 1540 et
1888 1509 2022 1549 signum
2041 1517 2152 1539 meum
2168 1507 2323 1548 apposui.
2343 1517 2360 1537 »

1386 1577 1481 1608 Nulli
1506 1586 1584 1616 ergo
1607 1579 1670 1608 etc.
1688 1594 1728 1599 —
1749 1577 1875 1608 Datum
1895 1576 1984 1615 apud
2003 1575 2294 1610 Urhemveterem,
2315 1582 2359 1604 xn

1346 1631 1510 1661 kalendas
1528 1631 1655 1666 martii,
1676 1639 1762 1661 anno
1778 1630 1891 1660 tertio.
1913 1638 1929 1658 »

1437 1891 1510 1922 995
1898 1887 2024 1921 Orvicto,
2038 1887 2072 1914 19
2089 1886 2192 1914 fex-rior
2210 1886 2289 1914 1264.

1383 1987 1503 2015 Officiali
1520 1990 1546 2014 et
1565 1987 1702 2014 sacristae
1724 1987 1828 2013 minori
1847 1986 1984 2013 secularis
1999 1985 2139 2013 ecclesiae
2157 1994 2180 2011 s.
2198 1983 2277 2011 Pauli
2292 1984 2362 2011 Nar-

1348 2037 1483 2064 bonensis
1505 2037 1622 2063 mandat
1638 2039 1777 2071 quatenus
1792 2035 1971 2070 praedictum
1994 2035 2197 2070 Raymuuduin
2212 2034 2247 2060 de
2264 2033 2360 2060 Crosis

1348 2086 1377 2112 in
1392 2086 1514 2112 ccclesia
1536 2085 1693 2111 Lodovensi
1710 2093 1759 2119 pro
1775 2085 1912 2111 canonico
1935 2083 2054 2110 tractari
2073 2083 2191 2110 faciant.
2216 2083 2295 2117 111110.
2313 2083 2358 2113 29,

1348 2134 1397 2161 fol.
1414 2135 1448 2162 23
1464 2138 1503 2165 νῦ,
1520 2140 1549 2160 11⁰
1562 2134 1618 2161 43.»

1390 2286 1404 2301 «
1430 2273 1566 2312 Officiali
1589 2277 1615 2302 el
1641 2273 1766 2302 sacriste
1789 2273 1898 2302 minori
1921 2271 2066 2301 secularis
2085 2271 2206 2301 ecclesie
2225 2281 2249 2302 s,
2271 2270 2364 2301 Pauli

1349 2326 1566 2356 Narbonensis.
1598 2326 1699 2357 Lecta
1724 2335 1837 2357 corani
1862 2325 1961 2356 nobis
1982 2343 2032 2354 —.
2050 2325 2175 2356 Datum
2196 2324 2287 2364 apud
2302 2325 2364 2356 rr·

1319 2407 1321 2417 ,
1350 2378 1588 2413 bemveterem,
1604 2388 1647 2408 xii
1667 2378 1829 2408 kalendas
1850 2378 1974 2416 martii,
1990 2386 2076 2408 anno
2096 2379 2206 2408 tertio.
2227 2387 2242 2405 »

1440 2641 1514 2671 896
1948 2638 2072 2667 Officio,
2090 2638 2106 2665 3
2121 2645 2197 2664 mars
2216 2636 2294 2664 1264.

1387 2737 1524 2772 Magistro
1541 2736 1666 2763 Diouisio
1685 2734 1885 2762 Leiuoviceusi
1906 2736 2099 2770 praebendam
2119 2735 2263 2762 sententia
2279 2735 2366 2762 Alba·

1352 2786 1450 2813 nensis
1477 2785 1604 2820 episcopi
1628 2785 1834 2821 adjudicatam.
1853 2784 2014 2811 confirmat.
2040 2784 2120 2818 ineu.
2149 2785 2193 2816 29,
2210 2783 2258 2811 fol.
2276 2784 2311 2812 23
2328 2789 2366 2815 ι’,

1354 2841 1383 2862 n⁰
1397 2835 1454 2862 42.»
