2547 3289
277 266 317 304 6³2

776 361 901 394 Orvieto,
919 362 934 387 6
951 360 1114 395 septembre
1135 361 1212 387 1203.

345 367 416 398 218

313 450 447 483 Magistro
467 448 629 479 Guillelmo,
648 446 796 481 capellano
815 446 970 480 apostolico
991 446 1026 472 nd
1047 448 1142 480 partes
1165 446 1284 480 Angliae

274 499 426 530 destinato,
453 496 582 530 indulget
607 498 638 522 ut
663 495 748 522 alicui
774 502 910 530 personae
935 494 1053 522 idoneae
1079 495 1283 522 tabellionatus

277 546 403 572 osticium
418 545 511 571 valeat
523 544 663 572 conferre.
680 544 758 578 (Rea.
776 544 819 575 27,
837 543 886 570 fol.
903 544 935 569 55
951 551 993 574 vo,
1010 551 1044 569 no
1060 543 1100 577 2.)

315 637 462 677 Mnyislro
476 635 810 675 Guillelmo,capellano
827 641 942 672 nostro,
958 635 1172 666 archidiacono
1186 637 1216 665 in
1237 646 1281 665 ec-

274 690 364 720 clesia
387 689 564 719 Parisz'ensi.
586 690 625 720 In
644 691 756 720 nostra
774 689 974 719 constitutus
987 690 1167 728 presentia,
1186 689 1282 720 nobis

274 743 444 774 humiliter
467 743 663 781 supplicasti
682 744 729 778 ut,
748 751 823 772 cum
845 743 875 772 te
891 742 931 772 ad
955 744 1064 781 partes
1081 743 1201 781 Anglie
1224 751 1281 781 pro

274 796 470 835 urgentibus
493 795 631 826 ecclesie
658 795 862 825 universalis
889 795 1032 833 negotiis
1062 795 1280 830 destinemus,

274 849 475 880 concedendi
488 848 720 879 tabellionatus
730 848 876 878 officium
886 847 985 877 alicui
999 856 1140 887 persone
1154 848 1282 886 ydonee

273 911 336 941 que
352 903 392 932 ad
409 902 600 931 mandatum
613 903 708 931 tuum
722 901 847 939 redigat
864 901 898 930 in
914 900 1081 939 publicam
1099 902 1130 930 et
1145 900 1282 930 autenti-

274 963 345 985 cam
368 954 567 992 scripturam
592 963 631 984 ea
656 962 718 992 que
741 954 782 983 ad
807 953 1053 992 expeditionem
1075 954 1282 991 negotiorum

274 1007 422 1046 ipsorum
436 1007 531 1036 utilia
542 1006 611 1036 fore
624 1006 831 1044 cognoveris²
846 1006 905 1036 tibi
920 1006 1087 1036 licentiam
1103 1006 1282 1036 concedere

273 1068 479 1090 curaremus.
508 1059 579 1090 Nos
596 1060 706 1098 itaque
725 1060 791 1089 tuis
807 1059 1109 1098 supplicationibus
1133 1060 1281 1089 inclinati

272 1112 474 1143 concedendi
495 1112 687 1152 hujusmodi
707 1112 856 1142 officium
880 1112 936 1142 uni
959 1112 1129 1142 dumtaxat
1143 1122 1282 1151 persone

274 1166 401 1204 ydonee
415 1166 511 1204 juxta
526 1166 666 1196 formam
678 1174 778 1204 quam
794 1166 946 1195 Romana
959 1166 1099 1196 ecclesia
1109 1167 1284 1196 consuevit

277 1220 311 1248 in
327 1219 449 1249 talibus
465 1219 653 1252 observare,
670 1218 808 1248 liberam
832 1218 892 1248 tibi
910 1219 1125 1248 concedimus
1142 1219 1282 1249 auctori-

275 1273 339 1301 tate
357 1272 563 1310 presentium
587 1271 788 1301 facultatem.
814 1271 937 1301 Datum
964 1271 1050 1309 apud
1074 1272 1283 1302 L'rbemvete·

277 1333 357 1360 rem,
376 1334 433 1354 vin
453 1325 529 1354 idus
545 1324 754 1363 septembris,
771 1333 857 1354 anno
874 1324 1001 1354 tertio.»

787 1501 910 1532 Orvieto,
927 1502 943 1528 4
958 1502 1114 1528 novembre
1131 1503 1209 1530 1263.

341 1504 413 1534 219

307 1587 444 1621 Episcopo
465 1585 674 1612 Cenomanensi
698 1585 815 1611 mandat
837 1587 977 1619 quatenus
1000 1588 1166 1613 executores
1189 1589 1280 1613 testa-

220 1653 224 1656 ·
273 1637 437 1661 mentorum
456 1635 600 1668 quondam
614 1634 787 1660 Pictavensis
800 1633 924 1667 episcopi
942 1642 997 1660 nou
1015 1634 1152 1668 impediat
1169 1636 1280 1670 quemi«

273 1692 324 1710 nus
342 1685 515 1709 testamenta
531 1683 592 1717 ipsa
605 1682 706 1716 exequi
724 1682 847 1708 valeant.
865 1683 942 1716 tltsc.
960 1683 1003 1715 27,
1020 1682 1070 1709 sol.
1088 1685 1120 1709 55
1135 1692 1174 1716 vo,
1191 1692 1226 1710 no
1241 1686 1278 1719 3.)

311 1801 326 1815 «
346 1813 365 1818 ..
386 1789 526 1828 episcopo
550 1786 789 1817 Cenomanensis.
815 1788 865 1817 Ex
880 1789 992 1818 tenore
1010 1787 1194 1818 litterarum
1211 1790 1279 1819 tua-

271 1850 343 1871 rum
361 1841 458 1871 nobis
474 1841 629 1874 innotuit,
639 1840 725 1878 quod
734 1839 819 1870 bone
836 1840 994 1870 memorie
1009 1841 1054 1877 J.‚
1070 1840 1280 1871 Pictavensis

270 1895 458 1933 episcopus,
476 1894 542 1924 duo
559 1893 707 1924 conlidit
722 1894 929 1928 testamenta,
949 1902 1052 1923 unum
1072 1893 1223 1924 videlicet
1240 1894 1279 1924 de

271 1947 367 1977 bonis
383 1956 446 1985 quo
463 1947 497 1976 in
514 1945 702 1976 pictavensi
720 1945 856 1981 diocesi,
873 1947 903 1975 et
919 1945 1010 1975 aliud
1025 1954 1088 1984 que
1107 1946 1140 1976 in
1156 1947 1280 1976 diocesi

271 2000 385 2030 habuit
397 1998 593 2030 Senonensi.
607 1999 743 2032 Verum,
756 2007 831 2028 cum
841 1999 932 2028 extra
943 1998 1107 2036 predictas
1120 1999 1280 2036 dioceses,

271 2052 431 2090 quasdam
451 2052 485 2081 in
504 2051 664 2091 deposito,
685 2051 845 2089 quasdam
863 2060 940 2080 vero
962 2051 995 2080 in
1018 2051 1209 2082 nominibus
1226 2052 1280 2082 ha-

271 2105 361 2135 beret
377 2105 551 2143 episcopus
568 2104 649 2142 ipsc,
667 2104 705 2133 de
723 2103 845 2142 quibus
861 2112 926 2133 non
943 2104 1164 2140 ordinaverat,
1184 2113 1281 2143 pecu-

272 2159 325 2188 nie
356 2157 566 2196 quantitates,
599 2158 698 2194 tuque
728 2157 767 2186 de
801 2156 991 2194 hujusmodi
1018 2158 1160 2196 pecunia
1190 2157 1282 2188 mille

270 2211 431 2241 ducentas
443 2209 615 2248 sexaginta
632 2211 698 2239 tres
715 2209 818 2239 libras
834 2211 863 2239 et
880 2209 1026 2248 quinque
1042 2210 1167 2240 solidos
1179 2211 1283 2241 ano—

272 2264 426 2294 nensium
452 2263 547 2302 juxta
577 2263 770 2292 mandatum
806 2264 956 2292 nostrum
987 2264 1027 2293 ad
1058 2272 1177 2294 manus
1210 2266 1284 2294 tuas

272 2317 435 2355 receperis
448 2316 635 2354 nostrisque
646 2316 762 2345 seceris
771 2316 1010 2346 mercatoribus
1022 2318 1134 2346 nostro
1149 2317 1283 2347 nomine

270 2369 446 2407 assignari,
469 2377 529 2398 nos
551 2368 761 2399 devotionem
781 2370 811 2398 et
830 2369 1036 2407 diligentiam
1056 2371 1145 2399 tuam
1163 2370 1283 2400 exinde

273 2423 305 2453 iu
323 2421 467 2453 Domino
488 2421 768 2454 commendantes,
790 2421 944 2451 volumus
962 2422 992 2451 ot
1011 2422 1209 2452 fraternitati
1227 2425 1282 2453 tue

271 2483 329 2513 per
351 2473 531 2512 apostolica
548 2473 670 2512 scripta
686 2473 884 2503 mandamus
902 2475 1067 2512 quatenus
1090 2476 1284 2505 executores

272 2528 542 2557 testamentorum
578 2526 725 2564 ipsorum
737 2548 744 2560 ,
773 2526 953 2564 quominus
985 2528 1181 2557 testamenta
1211 2529 1284 2566 ipsa

272 2580 390 2619 exequi
408 2579 509 2609 libere
528 2578 668 2614 valeant,
687 2587 751 2608 non
769 2579 932 2618 impedias
949 2579 982 2609 in
1003 2580 1114 2618 aliquo
1136 2581 1188 2610 vel
1214 2590 1282 2611 mo-

273 2634 389 2667 lestes:
416 2631 600 2670 quinimmo
630 2631 707 2666 illis,
735 2632 823 2670 qnod
849 2632 888 2661 de
926 2633 1067 2671 pecunia
1097 2633 1169 2672 ipsa
1199 2634 1284 2664 ultra

275 2686 454 2725 prelictam
476 2684 693 2723 quantitatem
708 2685 948 2715 mercatoribus
969 2686 1185 2724 assignatam,
1207 2687 1285 2716 resi-

276 2740 377 2769 duum
395 2738 505 2771 suerit,
521 2737 673 2775 exigendi
687 2747 704 2767 a
720 2737 986 2777 quibuscumque
1003 2738 1209 2769 debitoribus
1225 2748 1284 2769 seu

277 2790 502 2821 detentoribus
519 2790 553 2820 in
568 2790 642 2829 pios
660 2799 742 2820 usus
760 2799 817 2830 per
833 2800 952 2821 manus
968 2793 1180 2822 executorum
1199 2792 1284 2830 ipso-

279 2853 351 2874 rum
378 2852 435 2881 pro
455 2844 564 2873 anime
583 2843 727 2873 defuncti
751 2844 897 2874 remedio
913 2844 1184 2879 convertendum,
1210 2854 1284 2875 con-

280 2896 376 2925 cedas
405 2896 594 2925 anctoritate
622 2896 802 2934 apostolica
826 2896 1025 2927 facultatem.
1053 2897 1174 2928 Datum
1199 2898 1286 2936 apud

282 2948 562 2978 Urbemveterem.
584 2958 603 2977 n
622 2957 726 2978 nonas
742 2949 945 2983 novembris,
964 2958 1051 2980 auno
1069 2949 1176 2980 tertio.
1195 2962 1209 2976 »

1317 2922 1321 2978 t

1128 267 1355 298 REGISTRE
1376 267 1590 299 CAMERAL

1413 354 1486 386 220

1859 355 1985 388 Orvieto,
1999 356 2016 383 8
2031 357 2186 385 novembre
2204 359 2281 386 ¹263.

1381 438 1481 464 Eidem
1502 439 1623 465 mandat
1640 440 1670 465 ut
1690 446 1870 473 quecumque
1885 438 1921 465 de
1935 439 2016 466 bonis
2035 438 2212 467 Pictavensis
2228 442 2354 477 episcopi

1346 488 1495 521 receperit,
1515 487 1600 514 certis
1617 487 1825 514 mercatoribus
1849 487 2024 515 Senensibus
2045 488 2184 523 assignet.
2206 489 2287 523 (Rae.
2309 492 2354 523 27,

1345 534 1392 561 sol.
1411 536 1455 567 55,
1471 543 1504 561 no
1520 535 1558 566 4.)

1385 660 1400 676 «
1418 648 1538 678 Eidem.
1562 649 1669 680 Tuam
1692 657 1792 688 super
1814 657 1852 680 eo
1867 649 2066 680 industriam
2081 650 2355 681 commendamus

1345 701 1433 740 quod
1462 703 1645 740 nongentas
1671 710 1707 732 ac
1737 702 1910 740 sexaginta
1932 703 2000 732 tres
2026 702 2130 732 libras
2155 704 2187 733 et
2208 703 2355 742 quinque

1345 754 1470 784 solidos
1491 755 1698 785 Turonensis
1717 764 1775 785 nec
1792 764 1858 785 non
1878 757 2042 786 trecentas
2059 755 2163 786 libras
2182 756 2356 787 Pictaven-

1345 808 1404 841 sis,
1422 808 1674 846 Andegavensis
1689 809 1720 838 et
1734 808 1998 840 Cenomanensis
2018 810 2224 839 monetarum
2240 809 2356 839 mixta-

1345 869 1418 890 rum
1436 869 1520 898 quas
1537 860 1578 890 ad
1595 861 1787 891 mandatum
1812 863 1963 892 nostrum
1990 861 2170 900 percepisti
2193 862 2233 892 de
2258 862 2356 893 bonis

1345 921 1408 951 que
1424 913 1549 943 suerint
1561 913 1646 943 hone
1662 914 1823 944 memorie
1839 914 2019 949 Johannis,
2042 914 2253 945 pictavensis
2269 915 2356 954 epis-

1344 966 1429 1005 copi,
1441 966 1572 996 dilectis
1585 966 1666 996 filiis
1680 966 2069 1006 Bonsignori,Raynerio
2081 970 2110 998 et
2121 968 2246 999 Jacobo
2261 969 2355 1005 Gilii,

1344 1019 1475 1049 civibus
1485 1028 1521 1049 ac
1530 1019 1771 1050 mercatoribus
1782 1019 1999 1057 Senensibus,
2011 1021 2111 1051 sociis
2121 1020 2259 1051 Orlandi
2269 1021 2356 1052 Bon·

1345 1073 1751 1112 signoriS‚B011aventure
1777 1073 1987 1108 Bernardini,
2021 1074 2153 1104 Andree
2178 1074 2294 1105 Jacobi
2325 1076 2356 1105 et

1346 1126 1519 1157 'tholomei
1536 1126 1713 1162 Manentis,
1729 1127 1854 1156 civium
1865 1128 1895 1156 et
1908 1128 2130 1157 mercatorum
2141 1128 2354 1163 Senensium,

1345 1180 1489 1210 Parisiis
1497 1180 1760 1215 demorantibus,
1771 1179 1874 1211 facias
1884 1182 1997 1210 nostro
2009 1182 2040 1210 et
2051 1181 2188 1211 ecclesie
2205 1181 2356 1211 Romane

1346 1233 1479 1263 nomine
1507 1233 1683 1271 assignari.
1716 1233 1802 1268 Quia
1825 1241 1902 1263 vero
1930 1233 1970 1263 de
2002 1233 2193 1272 hujusmodi
2217 1234 2357 1272 pecunia

1345 1286 1442 1316 nobis
1462 1287 1492 1316 et
1513 1295 1640 1317 camere
1671 1287 1781 1316 nostre
1806 1294 1864 1324 per
1887 1286 1990 1317 dictos
2010 1289 2210 1317 mercatores
2233 1289 2281 1317 est
2304 1288 2352 1317 in-

1344 1340 1433 1377 tegre
1460 1339 1679 1374 satissactum,
1695 1348 1757 1369 nos
1779 1341 1809 1369 te
1832 1342 1862 1369 et
1882 1339 2161 1370 ecclesiamtuam
2187 1339 2228 1370 ab
2242 1340 2357 1377 hujus-

1344 1393 1435 1422 modi
1451 1392 1543 1422 mille
1555 1392 1707 1422 ducentis
1730 1394 1761 1423 et
1788 1393 1961 1431 sexaginta
1976 1392 2084 1422 tribus
2102 1392 2199 1422 libris
2215 1394 2245 1423 et
2262 1393 2357 1431 quin-

1344 1453 1407 1483 que
1423 1445 1540 1475 solidis
1556 1447 1587 1475 et
1601 1445 1750 1483 qualibet
1765 1445 1830 1475 alia
1847 1445 2072 1475 satisfactione
2082 1445 2137 1475 vel
2149 1445 2357 1476 restitutione

1344 1494 1493 1531 ipsarum
1522 1494 1656 1532 penitus
1686 1493 1910 1528 absolventes,
1941 1493 2064 1524 tibine
2091 1494 2131 1523 de
2161 1494 2228 1523 hiis
2252 1495 2359 1532 possit

1343 1546 1561 1584 imposterum
1589 1546 1752 1576 dubitatio
1782 1547 1918 1581 exoriri,
1946 1547 2118 1585 presentes
2146 1548 2277 1577 nostras
2306 1546 2358 1577 lit-

1342 1600 1430 1628 teras
1464 1599 1497 1628 in
1517 1599 1744 1629 testimonium
1777 1599 1937 1629 duximus
1969 1599 2208 1629 concedendas.
2234 1599 2358 1630 Datum

1343 1652 1432 1690 apud
1446 1652 1733 1687 Urbemveterem,
1749 1661 1782 1681 vi
1800 1652 1876 1682 idus
1894 1652 2099 1687 novembrIs‚
2119 1660 2205 1682 anno
2219 1653 2327 1683 tertio.
2342 1665 2357 1680 υ

1377 1775 1408 1801 In
1422 1776 1565 1809 provincia
1581 1776 1800 1810 Rothomaycnsi.

1409 1962 1480 1993 221
1839 1961 1964 1995 Orvieto,
1981 1962 2014 1987 20
2030 1961 2183 1988 decembre
2203 1963 2280 1988 ¹262.

1379 2059 1513 2093 Magistro
1535 2059 1689 2086 Guillelmo
1715 2060 1803 2086 noant
1827 2059 1957 2094 indulget.
1977 2062 2007 2086 ut
2033 2068 2091 2086 una
2115 2067 2180 2086 cum
2205 2060 2356 2088 scolastria

1343 2108 1478 2135 ccclesiae
1499 2109 1695 2141 Abrincensis,
1717 2108 1870 2135 ecclesiam
1892 2109 1926 2134 de
1949 2110 2036 2135 Cruce
2061 2116 2162 2135 curam
2186 2109 2354 2136 animarum

1344 2157 1499 2183 habentem
1511 2165 1665 2185 annexam.
1678 2157 1754 2183 licite
1767 2157 1891 2184 retinere
1903 2157 2006 2184 valeat.
2018 2157 2096 2191 (nee.
2111 2158 2155 2189 27,
2167 2156 2309 2190 s01.57,n⁶
2322 2159 2358 2190 l.)

1386 2283 1400 2297 «
1418 2271 1566 2310 Mayislro
1597 2271 1756 2302 Gnillclmo
1779 2272 1892 2308 Boane,
1911 2271 2066 2301 scolastico
2096 2273 2215 2302 ecclesie
2245 2271 2357 2302 Abrin-

1346 2326 1448 2356 censis.
1477 2325 1694 2356 Attendentes
1721 2327 1807 2356 circa
1836 2334 2013 2364 personam
2037 2342 2087 2354 —-.
2118 2326 2244 2356 Datum
2269 2327 2357 2365 apud

1346 2378 1630 2414 Urbemvetereni,
1647 2388 1677 2408 xi
1686 2388 1718 2408 111
1732 2378 2056 2416 kalendasjanuarii‚
2069 2387 2156 2409 anno
2167 2379 2326 2410 secundo.
2341 2391 2356 2406 ι)

1412 2551 1485 2581 222
1845 2549 1968 2581 Orrieto,
1986 2550 2020 2575 ‘20
2034 2549 2186 2576 decembre
2204 2551 2284 2577 ¹262.

1381 2646 1496 2673 Nicolao
1515 2648 1549 2673 de
1564 2647 1687 2674 Oiuvilla
1705 2646 1831 2679 indulget
1852 2650 1879 2673 ut
1899 2655 1954 2673 una
1969 2655 2035 2674 cum
2051 2647 2174 2674 ecclesia
2187 2655 2210 2673 S.
2229 2647 2357 2682 Dionysii

1345 2695 1378 2722 de
1390 2696 1532 2730 annom-p,
1546 2695 1783 2729 Rotbomagcnsis
1795 2695 1927 2728 diocesis,
1940 2704 1972 2723 cu
1979 2704 2040 2722 ram
2054 2696 2175 2723 habente
2187 2695 2355 2722 animarum

1345 2752 1501 2776 annexam,
1513 2745 1629 2770 unicum
1641 2744 1718 2770 alind
1734 2744 1903 2771 bcuclicium
1917 2745 2157 2775 ecclesiasticum,
2169 2744 2258 2770 etiam
2268 2743 2355 2771 sicu·

1348 2801 1410 2819 ram
1424 2793 1552 2820 similem
1564 2793 1676 2820 babeat.
1693 2793 1818 2827 recipcre
1829 2796 1855 2819 ct
1873 2793 1950 2820 licite
1962 2793 2086 2820 retinere
2103 2792 2203 2819 valeat.
2217 2792 2296 2824 (Rso.
2309 2792 2355 2822 27,

1347 2841 1397 2869 sol.
1414 2843 1458 2874 57,
1475 2848 1506 2868 u⁰
1521 2843 1561 2874 Ξ.)

1389 2961 1404 2977 «
1423 2949 1550 2979 Nicoluo
1567 2949 1602 2979 da.-
1621 2949 1765 2984 Oa'nrilla,
1789 2949 1900 2979 rectori
1917 2947 2036 2978 ecclesie
2051 2957 2076 2977 s.
2095 2946 2225 2977 Dionisii
2241 2947 2277 2978 de
2291 2947 2354 2978 Ha-
