2547 3289
1058 292 1297 330 Dnuxifflffl
1321 293 1487 330 Asuui-2.
2284 303 2323 331 ἔτ

239 395 256 414 a
275 385 459 423 receptione
478 385 684 423 presentium
705 393 875 414 assumere
896 384 1090 423 procuretis.
1116 383 1170 414 Sic
1195 391 1248 413 au·-

239 439 303 467 tem
322 437 502 476 assumptis
514 437 626 467 statim
644 437 835 466 auctoritate
857 438 970 467 nostra
984 436 1046 466 sub
1064 436 1250 466 obedientie

239 490 349 520 debito
373 490 556 520 districtius
581 489 775 527 injungatis,
800 490 888 527 quod
913 490 977 528 ipsi
1008 489 1095 519 infra
1113 489 1250 519 totidem

239 543 323 573 alios
347 542 419 572 dies
444 542 635 572 immediate
665 544 852 580 sequentes,
866 543 977 572 nostro
1002 551 1036 572 se
1059 541 1251 581 conspectui

240 596 439 634 presentent,
455 603 555 633 super
571 595 743 633 premissis
758 595 1028 625 commissionem
1040 604 1059 624 a
1076 595 1173 624 nobis
1188 594 1249 624 sub

240 647 345 678 forma
355 656 454 686 quam
472 647 520 677 eis
538 648 734 678 duxerimus
755 648 1075 687 presci·ibendain‚et
1091 656 1109 677 a
1124 647 1249 686 predic-

238 701 281 730 tis
296 700 531 730 executoribus
548 702 613 731 tam
635 701 810 740 pecuniam
831 701 1059 736 memoratam,
1076 709 1175 738 quam
1197 700 1250 729 de-

238 754 315 792 poni
333 753 493 789 fecerunt,
510 762 610 792 quam
631 754 698 784 alia
725 763 789 792 que
809 754 1040 784 remanserunt
1059 761 1161 791 penes
1181 761 1251 782 eos-

239 806 324 841 dem,
345 807 380 836 ut
404 807 560 845 superius
576 808 625 837 est
641 815 848 845 expressum,
866 814 992 836 necnon
1016 806 1047 835 et
1063 805 1248 835 instructio-

239 867 315 889 nem
334 859 374 889 ab
390 860 439 889 eis
456 861 487 890 et
503 860 600 890 dictis
617 860 799 898 capellanis
818 867 931 889 eorum
948 866 1048 896 super
1064 858 1250 887 rationibus

239 914 269 942 et
285 913 451 951 computis
463 913 533 951 jam
544 913 667 942 habitis
685 921 760 942 cum
776 911 1015 942 mercatoribus
1024 911 1197 949 prelibatis
1213 919 1250 940 ac

239 965 314 995 aliis
327 974 391 1004 que
408 966 442 995 in
458 965 573 995 eodem
587 965 716 1003 negotio
728 966 805 994 suut
822 965 1005 1003 peracta‚ut
1016 972 1057 994 ex
1070 964 1153 1002 ipsis
1167 963 1249 993 scire

240 1018 371 1048 valeant
382 1027 420 1048 ea
432 1027 494 1056 que
505 1017 692 1056 recipienda
701 1020 732 1047 et
742 1017 869 1055 agenda
879 1018 1058 1055 supersunt
1070 1017 1249 1055 presentia-

238 1071 313 1100 liter
327 1070 503 1108 recepturi,
524 1070 646 1108 quibus
662 1078 720 1108 pro
743 1070 911 1108 expensis,
928 1078 1011 1108 quas
1029 1070 1064 1099 iu
1087 1069 1250 1100 veniendo

240 1123 280 1153 ad
299 1132 359 1153 nos
375 1123 530 1153 duxerint
547 1123 727 1156 faciendas,
748 1123 787 1152 de
804 1122 901 1152 bonis
920 1123 1087 1153 testatoris
1103 1123 1250 1161 ejusdem

239 1176 395 1206 satisfieri
408 1176 578 1206 faciemus.
602 1175 746 1206 Omnino
763 1184 906 1214 namque
920 1177 1030 1205 nostre
1043 1177 1073 1205 et
1086 1175 1251 1205 dictorum

238 1231 451 1259 executorum
472 1229 666 1259 intentionis
683 1229 796 1259 existit
817 1230 853 1258 ut
868 1228 1009 1258 ulterius
1027 1228 1068 1258 ad
1084 1230 1249 1258 construc-

239 1282 361 1312 tionem
378 1281 554 1320 hospitalis
562 1281 835 1320 predictiabsque
845 1281 1003 1311 dilatione
1018 1281 1165 1320 qualibet
1180 1290 1250 1320 pro-

237 1334 382 1364 cedatur.
396 1335 562 1365 Volumus
580 1335 718 1373 insuper
732 1334 970 1365 etmandamus
988 1335 1087 1373 quod,
1106 1334 1134 1364 si
1152 1343 1250 1373 quem

238 1396 279 1417 ex
295 1387 362 1417 illis
379 1389 521 1426 quatuor
534 1388 699 1426 personis,
716 1396 799 1426 quas
814 1388 848 1417 ut
867 1387 991 1417 dictum
1009 1388 1068 1422 est,
1087 1387 1251 1417 duxeritis

238 1441 469 1474 assumendas,
481 1441 515 1470 in
528 1441 758 1479 prosecutione
777 1440 856 1470 dicti
873 1440 996 1478 negotii
1013 1440 1170 1471 decedere
1198 1440 1251 1470 vel

238 1493 348 1524 taliter
368 1494 524 1532 impediri
546 1493 630 1524 forte
647 1494 821 1532 contigerit
837 1493 925 1532 quod
943 1494 1135 1532 hujusmodi
1154 1502 1252 1531 nego-

241 1547 283 1577 tio
303 1555 419 1577 vacare
437 1555 503 1577 non
525 1547 647 1585 posset,
659 1547 689 1577 ei
708 1547 877 1576 decedenti
898 1547 950 1576 vel
968 1546 1078 1576 taIIter
1096 1547 1251 1585 impedite

240 1599 305 1630 alia
319 1607 403 1638 eque
418 1600 547 1638 ydonea
561 1600 590 1629 et
606 1599 716 1629 fidelis
739 1599 923 1630 secundum
950 1599 1091 1629 formam
1115 1599 1253 1638 premis-

240 1661 312 1682 sam
332 1652 524 1683 auctoritate
549 1653 754 1691 presentium
784 1652 992 1691 subrogetur.
1024 1653 1144 1682 Datum
1166 1653 1253 1691 apud

242 1705 595 1739 U1·bemvetere1n‚x-111
613 1705 772 1736 kalendas
788 1705 993 1739 novembris,
1012 1713 1099 1735 anno
1121 1709 1169 1734 11⁰.
1191 1718 1204 1732 »

313 1864 381 1894 1151

735 1863 859 1895 Orvieto,
880 1864 906 1889 Η
927 1863 1084 1889 novembre
1104 1864 1180 1890 1262.

277 1941 423 1968 Universis
437 1941 495 1968 suis
512 1943 540 1967 et
554 1941 692 1968 ecclesiae
712 1942 857 1968 Romanae
888 1942 1047 1976 ceterisque
1064 1942 1171 1969 Christi
1185 1941 1251 1969 fide-

241 1989 315 2017 libus
331 1992 432 2016 notum
449 1990 515 2016 facit
533 1998 562 2016 se
579 1990 607 2016 in
620 1990 665 2017 die
681 1990 791 2017 Coenae
809 1991 922 2017 Domini
941 1990 1070 2025 proxime
1086 1991 1252 2025 praeterito,

243 2039 435 2071 Mansredum,
448 2039 591 2073 quondam
610 2039 771 2073 principem
786 2039 988 2071 Tarentinum,
1005 2047 1091 2073 super
1107 2040 1193 2066 certiS
1209 2048 1254 2066 ur-

242 2087 310 2114 ticul
318 2087 340 2114 is
356 2088 489 2114 citavisse
502 2090 531 2114 ut
548 2087 575 2114 in
592 2088 722 2114 kalendis
741 2088 854 2122 angusti
869 2096 965 2114 eorem
979 2096 1051 2122 papa
1063 2091 1254 2123 compareret,

240 2136 324 2163 illum
342 2139 452 2168 autem,
473 2137 722 2171 appropinquante
743 2137 882 2167 termino,
901 2137 1031 2172 judicem
1051 2137 1202 2164 Aitardum
1220 2138 1254 2164 de

243 2185 367 2212 Venusio
379 2187 406 2211 et
423 2185 585 2211 Johanuem
601 2186 635 2212 de
654 2185 813 2212 Brundusio
826 2186 985 2218 notarium,
1001 2186 1162 2213 familiares
1177 2195 1254 2217 suos,

243 2234 279 2260 ad
296 2234 394 2260 sedem
412 2234 599 2268 apostolicam
621 2234 791 2265 destinasse,
811 2236 852 2265 ut,
870 2243 937 2261 cum
955 2235 1041 2261 vellet
1063 2235 1255 2269 personaliter

243 2283 399 2317 apostolico
413 2291 442 2309 se
458 2284 624 2317 conspectui
644 2284 905 2318 praesentare,ipsi
915 2284 1057 2311 securitas
1069 2284 1201 2318 plenaria
1209 2293 1255 2311 ve-

244 2331 340 2358 niendi
358 2331 394 2358 ud
410 2340 513 2366 papum
533 2334 593 2358 tute
614 2339 664 2366 per
680 2335 791 2359 terram
809 2334 837 2358 et
857 2332 1023 2359 districtum
1042 2333 1180 2360 ccclesiae
1201 2333 1256 2360 ler-

245 2377 362 2414 giretur.
376 2380 461 2406 Addit
473 2389 503 2406 se
520 2380 562 2407 ilii
574 2381 687 2407 dedisse
701 2380 848 2407 licentiam
860 2381 1035 2415 postulatam
1052 2383 1079 2408 et
1096 2381 1207 2408 inhibet
1220 2390 1255 2408 ne

245 2429 307 2462 quis
325 2428 420 2461 illum,
438 2429 473 2454 ad
490 2437 595 2463 papam
614 2429 810 2462 accedentem,
829 2430 857 2456 in
875 2438 996 2464 persona
1009 2430 1051 2456 vel
1067 2431 1151 2457 rebus
1166 2431 1253 2457 offen-

245 2478 312 2504 dere
331 2477 373 2503 vel
392 2477 508 2504 turbare
524 2480 702 2512 praesumat.
723 2479 803 2513 (linc.
822 2480 867 2510 26,
886 2478 934 2505 sol.
956 2480 999 2512 52,
1017 2479 1086 2506 anni
1103 2479 1137 2512 11,
1155 2485 1187 2506 n⁰
1207 2481 1253 2513 133

248 2526 387 2552 l'o'rrussi·
406 2527 512 2560 ist-28.)

290 2619 303 2632 «
324 2605 478 2635 Universis
500 2605 610 2634 nostris
625 2610 650 2634 el
667 2605 788 2635 ecclesie
804 2606 937 2635 Romane
958 2606 1123 2646 ceterisque
1141 2606 1262 2636 Christi

246 2658 398 2698 fidelibus.
420 2658 506 2688 Olim
534 2658 568 2688 in
587 2658 639 2688 die
658 2658 745 2688 Cene
762 2658 899 2688 Domini
916 2659 1068 2697 proximo
1089 2660 1257 2698 preterito,

247 2720 312 2750 quo
331 2711 486 2741 videlicet
508 2711 572 2745 die,
590 2711 687 2741 aunis
706 2711 861 2749 singulis,
879 2712 967 2750 apud
990 2713 1100 2742 sedem
1130 2714 1259 2751 aposto-

248 2764 345 2794 licam
368 2764 408 2794 de
425 2763 594 2793 universis
604 2763 720 2793 mundi
743 2764 894 2802 partibus
910 2764 1167 2796 innumerabilis
1182 2765 1262 2795 fide-

250 2817 331 2847 tium
349 2816 507 2846 convenit
524 2815 946 2852 multitudo,Matifredum‚
959 2817 1128 2855 quondam
1140 2818 1262 2855 princi-

247 2878 323 2908 pem
345 2869 576 2903 Tarentiuum,
593 2877 694 2907 super
716 2869 814 2898 certis
833 2869 996 2904 articulis,
1013 2872 1167 2908 presente
1189 2871 1264 2909 ipsa

247 2922 473 2957 multitudine,
499 2921 674 2951 manifeste
700 2921 891 2956 citavimus,
913 2923 950 2952 ut
972 2922 1006 2952 in
1031 2923 1184 2953 kalendis
1207 2932 1263 2953 au-

249 2975 337 3013 gusti
364 2974 518 3013 proximo
540 2974 706 3013 preteritis
732 2982 843 3004 coram
869 2974 966 3004 nobis
987 2983 1046 3013 per
1068 2983 1103 3005 se
1128 2975 1181 3005 vel
1205 2984 1264 3014 per

393 3023 539 3050 URBMN
562 3021 780 3063 Iv,t.11.1ieq.
793 3022 852 3050 ord.

1312 383 1515 423 sollempnes
1532 386 1761 423 procuratores
1778 394 1852 414 cum
1868 385 2048 415 sufficienti
2067 386 2221 416 mandato
2236 394 2321 416 com-

1281 459 1283 480 ,³
1310 445 1426 475 parere
1442 439 1582 472 curaret,
1600 438 1748 468 facturus
1771 439 1802 468 et
1823 439 2016 477 recepturus
2033 447 2133 477 super
2148 438 2216 468 illis
2233 439 2322 477 quod

1306 490 1435 527 justitia
1451 491 1617 525 suaderet,
1642 491 1794 521 videlicet
1822 500 1922 530 super
1939 491 2156 521 distructione
2177 492 2322 522 civitatis

1312 542 1519 578 Arianensis,
1530 552 1630 582 quam
1640 552 1697 582 per
1708 544 1891 574 Saracenos
1901 544 1976 574 fecit
1988 544 2138 574 funditus
2151 545 2319 583 dissipari,

1310 597 1341 625 et
1360 604 1459 634 super
1476 596 1702 626 intersectione
1717 597 1913 635 turpissima
1929 597 2101 627 Thomasii
2125 597 2164 626 de
2193 597 2272 627 Oria
2290 599 2321 627 ct

1311 647 1481 678 Thomasii
1504 649 1543 678 de
1563 649 1683 684 Salice,
1703 657 1739 678 ac
1763 658 1863 687 super
1878 650 2005 679 crudeli
2021 650 2053 679 et
2067 649 2250 688 proditiosa
2271 659 2321 679 oc-

1310 700 1434 730 cisione
1452 701 1540 731 Petri
1558 702 1597 730 de
1617 701 1922 735 Calabria‚coinitis
1939 702 2116 732 Catanzzini
2134 704 2163 732 et
2184 702 2321 733 horren-

1310 753 1350 782 da
1367 753 1528 783 effusione
1542 755 1716 792 sanguinis
1734 755 1915 784 multorum
1928 755 2092 790 fidelium,
2108 764 2166 785 nec
2183 764 2247 785 non
2265 765 2319 785 su-

1309 813 1368 843 per
1385 814 1435 839 eo,
1452 806 1541 844 quod
1560 807 1591 836 in
1608 806 1855 845 derogationem
1878 808 2082 838 auctoritatis
2097 808 2319 839 ecclesiastice

1311 857 1364 887 vel
1379 866 1529 892 censure,
1547 867 1609 896 que
1626 859 1857 889 fulcimentum
1875 862 1924 889 est
1946 861 2103 891 catholice
2128 861 2204 891 fidei
2222 863 2319 899 atque

1310 910 1463 945 robur‚et
1481 911 1514 941 iu
1530 911 1637 950 ipsius
1654 912 1914 942 debilitationem
1928 922 1965 943 ac
1977 914 2211 944 detractionem
2228 914 2319 949 fidei,

1310 963 1542 1002 pluribusjam
1558 964 1654 994 annis
1671 965 1735 994 sibi
1748 965 1834 1000 fecit,
1845 968 1875 995 et
1887 966 1964 996 facit
1975 966 2081 997 adhuc
2093 967 2223 1005 publice
2239 967 2322 997 cele-

1311 1015 1486 1051 brarinel,
1506 1017 1713 1054 quantumin
1726 1026 1764 1047 eo
1780 1019 1960 1057 est,potius
1972 1019 2173 1058 prophanari
2191 1020 2318 1054 divina,

1311 1069 1399 1106 quod
1419 1077 1484 1099 non
1500 1065 1588 1100 caret
1605 1071 1761 1109 scrupulo
1782 1071 1923 1101 heretice
1939 1072 2123 1110 pravitatis.
2149 1072 2190 1102 Et
2202 1073 2321 1102 citatus

1310 1123 1443 1160 propter
1472 1123 1533 1152 hoc
1563 1132 1581 1152 a
1612 1123 1718 1153 felicis
1744 1124 1983 1155 recordationis
2007 1125 2196 1155 Alexandro
2223 1134 2319 1164 papa,

1310 1175 1542 1213 predecessore
1556 1177 1678 1212 nostro,
1689 1177 1767 1214 quia
1783 1177 1817 1206 in
1830 1177 1955 1215 prefixo
1973 1178 2003 1207 ei
2018 1179 2159 1208 termino
2173 1187 2231 1208 nec.
2247 1179 2322 1217 post

1311 1228 1409 1257 etiam
1426 1236 1615 1267 comparere
1630 1229 1770 1263 curavit,
1787 1229 1849 1259 fuit
1868 1238 1926 1267 per
1947 1231 2215 1268 predecessorem
2241 1240 2321 1261 eun-

1311 1281 1386 1310 dem
1402 1282 1756 1312 excommunicationis
1776 1282 1910 1312 vinculo
1927 1283 1988 1313 hac
2004 1284 2043 1313 de
2059 1292 2158 1313 causa
2174 1284 2322 1322 speciali-

1311 1335 1360 1364 ter
1373 1334 1566 1370 innodatus,
1587 1343 1687 1373 super
1703 1344 1740 1365 eo
1757 1335 1868 1370 etiam,
1887 1336 1974 1374 quot
1993 1336 2065 1374 ipse
2081 1336 2323 1366 Saracenorum

1311 1387 1394 1416 ritus
1419 1387 1634 1426 amplectens,
1652 1388 1793 1426 illosque
1810 1388 1844 1418 in
1863 1389 1934 1418 suis
1951 1389 2155 1427 quotidianis
2173 1389 2324 1427 obsequi-

1312 1440 1341 1470 is
1360 1440 1550 1470 notabiliter
1571 1449 1683 1470 seeum
1707 1443 1822 1471 tenens
1837 1443 1869 1471 et
1893 1442 2064 1480 preferens
2077 1442 2269 1473 christianis
2288 1442 2322 1471 in

1312 1493 1527 1531 opprobrium
1547 1493 1624 1523 fidei
1655 1494 1995 1533 orthodoxe,regnum
2014 1495 2125 1533 ipsum
2145 1495 2257 1526 Sicilie
2282 1495 2323 1524 ad

1312 1546 1469 1576 servilem
1487 1547 1518 1576 et
1535 1546 1795 1585 ignominiosum
1814 1548 1935 1577 statum
1952 1548 2089 1586 redegit,
2107 1548 2178 1586 ejus
2204 1547 2322 1577 incolis⁴

1313 1600 1343 1628 et
1367 1598 1609 1629 habitatoribus
1634 1601 1768 1638 propter
1796 1600 1932 1630 acerbas
1961 1602 1991 1630 et
2019 1601 2245 1631 intolerabiles
2267 1609 2323 1630 ex-

1313 1652 1459 1682 actiones
1479 1652 1538 1681 vix
1561 1652 1753 1683 valentibus
1780 1653 1955 1692 respirare,
1976 1662 2011 1683 ac
2035 1663 2135 1693 super
2152 1654 2224 1683 dira
2243 1662 2322 1684 nece

1313 1705 1476 1743 proximis
1499 1705 1563 1735 sibi
1581 1706 1742 1744 sanguine
1759 1706 1851 1736 illata
1873 1715 1931 1744 per
1955 1707 2081 1745 ipsuing
2103 1716 2203 1746 super
2223 1715 2260 1737 eo
2277 1707 2324 1736 in-

1313 1766 1413 1798 super
1429 1759 1517 1797 quod
1535 1758 1726 1789 Conradum
1743 1759 1907 1794 Enseu-ii,
1921 1760 2074 1790 nuntium
2093 1761 2123 1790 et
2139 1760 2321 1789 vassallum

1315 1812 1456 1843 Conradi
1466 1812 1571 1851 pueri,
1584 1812 1653 1841 nati
1662 1813 1828 1850 quondam
1840 1812 1994 1849 Conradi,
2004 1813 2067 1843 filii
2077 1814 2243 1852 quondam
2252 1814 2322 1846 Flu,

1314 1866 1394 1896 olim
1406 1866 1635 1896 Romanorum
1650 1865 1870 1904 imperatoris,
1888 1866 1964 1896 fecit
1982 1867 2323 1905 proditionalitertru-

1314 1919 1430 1953 cidari,
1447 1919 1478 1948 et
1491 1927 1590 1956 super
1604 1919 1808 1954 enormibus,
1820 1920 1851 1949 et
1867 1919 1963 1948 foedis
1978 1919 2050 1958 ejus
2062 1920 2265 1954 excessibus,
2284 1919 2323 1948 de

1314 1971 1436 2010 quibus
1458 1971 1636 2001 manifesta
1658 1971 1795 2001 infamia
1811 1972 1996 2007 denotatur,
2021 1974 2051 2002 et
2072 1972 2226 2011 pluribus
2250 1972 2326 2002 aliis

1315 2033 1378 2062 que
1393 2025 1427 2054 in
1439 2024 1631 2063 hujusmodi
1647 2025 1758 2054 nostre
1774 2025 1941 2055 citationis
1956 2025 2061 2054 forma
2078 2025 2211 2063 plenius
2223 2025 2325 2055 conti-

1316 2078 1447 2108 nentur.
1472 2077 1537 2108 Sed
1560 2077 1648 2106 idem
1671 2077 1876 2112 Mansredus,
1894 2078 2057 2116 quosdam
2080 2087 2158 2108 suos
2192 2079 2327 2108 nuntios

1314 2132 1393 2160 tunc
1408 2130 1450 2161 ad
1474 2130 1676 2168 presentiam
1704 2132 1852 2160 nostram
1876 2131 1980 2166 misit,
1999 2131 2054 2170 qui
2077 2131 2188 2169 aliqua
2204 2140 2263 2170 pro
2288 2139 2327 2161 eo

1316 2185 1479 2214 innostro
1507 2183 1704 2214 consistorio
1732 2186 1968 2223 proponentes,
1993 2185 2060 2214 nisi
2087 2186 2164 2214 sunt
2185 2185 2327 2215 eundem

1316 2237 1545 2275 multipliciter
1563 2245 1733 2267 excusare.
1750 2237 1820 2267 Nos
1833 2239 1954 2272 autem,
1967 2238 2090 2268 auditis
2106 2239 2136 2267 et
2152 2238 2328 2268 intellectis

1316 2298 1378 2329 que
1395 2290 1497 2320 iidem
1515 2298 1716 2328 proposuere
1736 2290 1857 2326 nuntii,
1877 2291 2033 2320 duximus
2056 2291 2124 2320 sore
2143 2290 2177 2320 in
2196 2291 2328 2328 negotio

1316 2345 1347 2373 et
1362 2352 1420 2381 per
1432 2343 1521 2373 viam
1538 2343 1799 2380 insiquisitiouis
1816 2343 1851 2373 in
1867 2343 1919 2377 iis,
1940 2344 1972 2373 in
1989 2343 2111 2381 quibus
2129 2344 2328 2381 oportunum

1316 2397 1452 2431 foret,et
1465 2396 1548 2426 alias
1572 2396 1671 2426 etiam
1684 2396 1941 2434 procedendum,
1954 2398 2052 2434 prout
2076 2396 2330 2426 videremusse-

1316 2449 1462 2479 cundum
1474 2449 1637 2487 justitiam
1655 2449 2081 2487 expedire.Verumtamen,
2101 2449 2178 2487 quia
2193 2449 2329 2487 quidam

1317 2511 1359 2532 ex
1381 2501 1540 2532 fratribus
1564 2502 1687 2532 nostris
1710 2502 1863 2532 absentes
1886 2503 2023 2531 erantet
2042 2502 2154 2540 plures
2185 2510 2227 2531 ex
2251 2502 2328 2536 hiis,

1318 2555 1376 2594 qui
1392 2556 1471 2585 tunc
1489 2555 1636 2590 aderant,
1649 2564 1715 2585 non
1732 2556 1823 2585 erant
1838 2563 1965 2585 moram
1978 2555 2202 2585 continuaturi
2215 2555 2329 2585 nohis-

1319 2617 1406 2645 cuin,
1421 2608 1613 2646 hujusmodi
1631 2609 1779 2638 nostrum
1804 2616 1999 2646 processum
2017 2616 2122 2645 usque
2139 2608 2180 2637 ad
2199 2609 2332 2638 octavas

1319 2661 1512 2692 festivitatis
1543 2661 1631 2690 beati
1657 2661 1804 2696 Martini,
1829 2661 1980 2698 proximo
2012 2661 2134 2695 future,
2172 2661 2332 2691 duximus
2381 2654 2388 2658 ’

1321 2714 1603 2752 suspendendum,
1627 2714 1833 2752 predicentes
1857 2713 1944 2752 quod
1974 2722 2014 2743 ex
2045 2716 2122 2743 tunc
2138 2714 2172 2744 iu
2205 2714 2334 2753 prefato

1321 2767 1464 2806 negotio,
1483 2768 1579 2804 prout
1603 2766 1909 2805 suaderetjustitia,
1925 2766 2102 2804 procedere
2127 2776 2333 2797 curaremus.

1322 2820 1449 2851 Eodem
1461 2819 1562 2857 igitur
1577 2819 1863 2857 appropinquante
1876 2819 2029 2853 termino,
2044 2819 2128 2849 idem
2139 2819 2334 2850 Mansredus

1319 2872 1465 2911 judicem
1482 2872 1655 2902 Aitardum
1664 2872 1703 2901 de
1719 2871 1867 2901 Venusio
1883 2871 1914 2901 et
1928 2871 2116 2901 Johnnnem
2127 2872 2167 2902 de
2182 2872 2336 2903 Brundu-

1325 2925 1387 2960 sio,
1403 2924 1580 2960 notarium,
1602 2925 1784 2954 familiares
1813 2932 1904 2959 suos,
1923 2923 1964 2953 ad
1980 2924 2092 2954 sedem
2119 2925 2335 2963 apostolicam

1326 2977 1518 3013 destinavit,
1534 2977 1591 3016 qui
1609 2987 1626 3007 a
1647 2977 1743 3007 nobis
1767 2978 1798 3007 et
1814 2977 1972 3015 predictis
1993 2976 2152 3007 fratribus
2169 2985 2244 3007 cum
2270 2978 2336 3008 ius-

2179 3027 2195 3052 8
