2547 3289
1049 228 1285 266 TROISIEME
1307 230 1468 267 ANNJJJE.

253 317 290 346 In
309 326 337 346 e.
357 326 399 346 m.
423 342 426 345 .
446 342 451 347 .
473 317 630 355 episcopo
648 317 802 347 Reatino.

303 501 348 530 67
353 500 375 530 8

785 499 909 526 Orvicto.
926 501 941 525 ἵ)
958 499 1053 533 juillet
1072 500 1147 525 lzo'i.

250 583 378 609 Fratrem
393 583 591 609 Crescentiurn
607 583 641 608 de
659 583 752 613 (juvis,
772 583 880 609 ordinis
900 583 1144 614 1¹rac=ii‹·;1u›ru1n,
1159 582 1221 608 Ala·

212 631 304 658 trinae
333 631 361 657 in
388 632 553 666 episcopum
582 631 709 665 praeficit
744 631 892 658 ccclesiae.
926 632 1004 660 (lieu.
1030 633 1073 662 28,
1102 631 1148 657 t'ol.
1178 631 1221 663 71,

212 688 278 706 ann.
301 680 346 711 ΙΙΙ,
363 686 393 706 11⁰
407 680 484 708 280.»

252 800 266 819 ι(
278 790 385 819 Fratri
397 789 570 819 Crescentis)
585 789 619 818 de
631 789 733 825 Canis,
746 789 862 818 ordinis
877 789 1121 822 Predicatorum,
1132 788 1222 817 electo

212 843 366 873 Alatrino.
385 842 524 872 Exultat
545 844 577 872 et
594 842 718 872 letatur
734 859 782 871 —.
805 842 890 871 Sane
908 841 1063 871 Alatrina
1080 841 1223 871 ecclesia

212 895 337 926 solacio
355 894 517 924 destituta
537 894 697 932 pastoris,
716 894 830 923 dilecti
851 893 912 923 tilii
932 893 1119 931 capitulum
1137 893 1223 931 ejus-

211 949 298 984 dem,
330 947 455 978 vocatis
488 946 645 977 omuibus
674 947 730 985 qui
754 946 944 981 voluerunt,
977 945 1164 976 debuerunt
1193 949 1224 975 et

210 1002 392 1040 potuerunt
406 999 580 1030 commode
598 1000 774 1031 interesse,
787 1008 846 1037 pro
860 999 965 1028 futuri
980 998 1223 1029 substitutione

1251 328 1253 424 Ι

1251 428 1253 484 Ι

1251 490 1253 518 Ι

210 1053 369 1092 pastoris,
399 1055 435 1082 ut
461 1053 566 1082 moris
593 1054 655 1087 est,
684 1052 923 1082 convenientes
948 1051 981 1081 in
1006 1060 1121 1085 unum,
1147 1053 1224 1089 post
1253 1064 1254 1079 ι

210 1106 363 1136 diversos
392 1106 556 1136 tractatus
594 1114 695 1144 super
724 1105 785 1135 hoc
816 1105 969 1140 habitos,
998 1105 1032 1134 in
1062 1104 1222 1134 dilectum

209 1159 318 1190 filiuni
337 1160 492 1190 nostrum
508 1159 562 1195 G„
583 1158 690 1188 sancti
712 1158 848 1197 Georgii
873 1159 912 1188 ad
932 1158 1054 1188 Yelum
1073 1158 1223 1188 Aureum

209 1213 388 1243 diaconum
405 1211 623 1246 cardinalem,
642 1211 849 1242 unanimiter
865 1214 895 1241 et
910 1211 1121 1241 concorditer
1137 1219 1224 1241 com-

209 1265 409 1305 promisisse
436 1265 602 1301 dicuntur,
625 1265 722 1294 illum
743 1265 778 1294 in
802 1273 902 1294 suum
927 1264 1123 1302 episcopum
1140 1264 1223 1293 reci-

209 1327 288 1358 pere
317 1318 565 1357 promittentes,
590 1326 689 1356 quern
719 1318 808 1347 idem
837 1317 1020 1347 cardinalis
1049 1317 1225 1355 preficeret

211 1372 352 1402 ecclesie
376 1373 571 1401 memorate.
596 1371 689 1401 Idem
712 1379 790 1401 vero
815 1371 1010 1404 cardinalis,
1031 1370 1225 1409 hujusmodi

211 1425 455 1463 compromisso
484 1426 630 1462 recepto,
659 1424 803 1462 dataque
832 1423 896 1453 sibi
925 1433 943 1453 a
967 1423 1064 1453 nobis
1090 1423 1225 1454 licentia

210 1477 410 1517 providendi
424 1477 485 1507 hac
501 1478 572 1507 vice
590 1477 656 1516 ipsi
673 1477 813 1507 ecclesie
832 1477 871 1506 de
890 1478 1036 1515 pastore,
1055 1477 1095 1506 ad
1114 1485 1226 1515 perso-

210 1540 287 1561 nam
308 1533 402 1560 tuam
423 1531 574 1569 dirigens
601 1538 660 1560 sue
689 1530 973 1560 considerationis
993 1530 1167 1566 intuitum,
1189 1538 1226 1560 ac

211 1584 352 1623 provida
381 1584 600 1614 meditatione
627 1583 858 1618 considerans,
877 1583 978 1621 quod,
999 1591 1075 1612 cum
1102 1583 1151 1612 sis
1174 1583 1226 1612 vir

212 1637 409 1672 industrius,
435 1637 522 1667 dono
546 1637 686 1666 scientie
706 1637 870 1674 preditus,
894 1636 1068 1666 honestate
1094 1644 1226 1666 morum

213 1694 244 1721 et
260 1690 436 1729 religionis
450 1690 568 1720 decore
586 1690 790 1728 conspicuus
807 1689 979 1727 multaque
996 1689 1226 1719 sollicitudine

213 1744 490 1781 circumspectus,
519 1744 550 1773 et
579 1743 620 1772 ad
647 1743 797 1781 regimen
822 1742 932 1780 ipsius
955 1742 1094 1772 ecclesie
1113 1742 1226 1780 possis

213 1806 286 1827 esse
305 1797 339 1826 in
358 1795 594 1835 spiritualibus
614 1798 645 1826 et
668 1795 914 1834 temporalibus
934 1795 1029 1825 utilis
1053 1804 1090 1825 ac
1114 1795 1227 1825 multi-

212 1850 345 1889 pliciter
363 1850 568 1885 fructuosus,
587 1850 656 1879 tam
676 1857 717 1879 ex
739 1849 889 1887 predicta
909 1848 1044 1878 licentia
1064 1857 1165 1887 quam
1184 1856 1225 1878 ex

212 1904 377 1942 potestate
394 1902 587 1941 hujusmodi
605 1902 854 1940 compromissi,
874 1904 903 1931 te
918 1901 984 1940 ipsi
1000 1901 1141 1931 ecclesie
1154 1909 1226 1939 pre·
1256 1911 1257 1914 ¹

213 1957 291 1986 fecit
316 1956 348 1986 in
366 1956 562 1994 episcopum
586 1957 617 1985 et
634 1957 817 1993 pastorem,
837 1963 978 1993 sperans
998 1954 1087 1993 quod
1108 1954 1225 1984 eadem

213 2009 365 2045 ecclesia,
377 2017 436 2047 per
452 2010 508 2038 tue
527 2007 843 2046 circumspectionis
854 2007 1069 2043 industriam,
1082 2007 1115 2036 in
1126 2007 1226 2037 utris-

213 2072 276 2102 que
295 2062 492 2096 laudabilia,
514 2061 612 2091 dante
644 2061 803 2094 Domino,
825 2061 988 2099 suscipiet
1005 2061 1224 2094 incrementa,

214 2118 312 2155 prout
330 2116 364 2145 in
382 2115 507 2145 litteris
521 2114 598 2144 inde
616 2114 789 2149 confectis,
810 2114 889 2144 dicti
910 2113 1092 2143 cardinalis
1112 2113 1226 2152 sigillo

213 2169 365 2204 munitis,
376 2168 510 2207 plenius
523 2168 725 2197 continetur,
741 2167 810 2196 Nos
825 2167 948 2205 itaque,
960 2167 1000 2196 de
1011 2167 1080 2196 tuis
1094 2167 1226 2197 meritis

214 2222 347 2260 plenam
362 2221 397 2251 in
412 2221 555 2251 Domino
570 2220 729 2250 fiduciam
742 2219 945 2255 obtinentes,
955 2220 1042 2258 quod
1056 2219 1097 2249 ab
1108 2220 1225 2250 eodem

214 2274 376 2305 cardinali
401 2275 524 2304 factum
548 2276 597 2303 est
624 2273 659 2302 in
682 2273 742 2302 hac
767 2276 872 2311 parte,
902 2275 1012 2303 ratum
1037 2275 1068 2302 et
1091 2272 1226 2302 firmum

214 2327 387 2362 habentes,
418 2326 502 2356 illud
531 2326 728 2356 auctoritate
760 2326 947 2363 apostolica
973 2325 1224 2359 confirmamus,

216 2382 290 2415 etc.²
311 2379 417 2418 usque
434 2379 696 2414 communimuS,
716 2378 913 2408 discretioni
937 2380 992 2408 tue
1017 2387 1075 2416 per
1094 2380 1225 2416 aposto-

216 2433 280 2464 lica
305 2432 431 2470 scripta
452 2431 650 2461 mandantes
667 2431 828 2469 quatinus
847 2431 1046 2469 impositum
1063 2432 1126 2461 tibi
1143 2439 1227 2461 onus

216 2486 333 2517 devote
351 2485 553 2523 suscipiens,
582 2484 630 2514 sic
653 2493 769 2514 curam
787 2484 938 2522 ejusdem
956 2485 1096 2515 ecclesie
1115 2485 1228 2515 lauda-

215 2539 330 2569 biliter
356 2547 470 2577 gerere
489 2537 637 2571 studeas,
664 2537 753 2575 quod
770 2536 831 2567 tibi
854 2545 912 2575 per
932 2537 997 2567 vite
1015 2538 1174 2567 meritum
1196 2539 1226 2568 et
1258 2545 1259 2560 Ι

216 2593 293 2623 aliis
311 2591 468 2630 proficias
487 2599 547 2630 per
564 2590 770 2628 exemplum,
790 2598 919 2628 nosque
939 2599 1118 2628 personam
1135 2592 1228 2621 tuam

216 2645 337 2676 exinde
363 2644 541 2683 apostolici
563 2643 689 2673 favoris
712 2643 820 2681 gratia
841 2643 998 2681 prosequi
1026 2652 1092 2673 non
1113 2643 1229 2674 imme-

218 2699 282 2729 rito
299 2701 487 2728 teneamur.

257 2752 425 2782 Tenorem
451 2751 564 2780 autem
588 2749 754 2779 dictarum
782 2748 972 2778 litterarum
997 2748 1037 2778 de
1063 2749 1163 2779 verbo
1188 2750 1229 2779 ad

218 2804 358 2834 verbum
376 2802 592 2843 presentibus
609 2801 715 2831 inseri
733 2801 886 2837 fecimus,
905 2801 962 2839 qui
982 2801 1062 2831 talis
1082 2804 1132 2832 est
1155 2812 1159 2829 z

260 2870 274 2884 «
300 2856 522 2892 Gottet'ridus,
533 2854 751 2885 miseratione
771 2853 886 2883 divina
904 2854 1017 2884 Sancti
1035 2854 1171 2893 Georgii
1189 2856 1229 2885 ad

221 2911 342 2941 Velum
362 2912 512 2940 Aureum
533 2909 695 2939 diaconus
717 2907 911 2940 cardinalis,
931 2907 1091 2946 religioso
1111 2908 1182 2938 viro
1198 2911 1229 2938 et

2240 247 2298 276 323

1285 318 1392 347 amico
1407 319 1588 349 karissimo
1610 320 1703 350 t'rutri
1723 322 1916 351 ‹Ji-‹fscuntio
1935 323 1974 352 de
1990 323 2102 360 Caris,
2123 324 2161 353 dc
2181 326 2297 357 ordine

1284 370 1549 407 Predicatorum,
1570 373 1713 402 salutem
1733 376 1763 403 ot
1784 375 1949 404 sinceram
1968 376 2158 407 i11Doinino
2177 379 2297 408 carita—

1283 423 1361 453 tem.
1376 424 1489 461 Nuper
1504 425 1657 454 Aluti-ina
1671 426 1811 455 cccl-{sia
1823 427 1944 457 solatio
1960 428 2123 459 destituta
2136 431 2294 467 pastoris,

1283 475 1420 506 discreti
1440 477 1500 506 viri
1519 478 1704 516 capitulum
1716 479 1866 517 ejusdem
1883 481 2034 517 ecclesie,
2048 483 2174 512 vocatis
2190 484 2295 514 omni-

1283 527 1346 557 bus
1365 530 1422 567 qui
1447 530 1644 564 debuerunt,
1671 532 1845 562 volucrunt
1866 536 1893 563 et
1921 537 2103 572 potuerunt
2121 537 2294 567 commode

1284 581 1446 612 interesse
1468 592 1525 620 pro
1551 584 1653 613 l'uturi
1682 585 1923 615 substitutione
1945 588 2102 624 salsioris,
2129 594 2162 618 ut
2189 590 2294 619 nioris

1284 636 1345 667 est,
1364 636 1600 665 convenientes
1620 637 1651 666 in
1676 646 1790 673 unuin,
1809 642 1882 676 post
1899 639 2052 669 diversos
2069 643 2243 675 tractatus,
2261 643 2293 672 in

1284 695 1344 716 nos
1360 689 1675 726 compromiserunt,
1696 690 1790 720 illuni
1820 691 1851 720 in
1876 700 1975 722 suum
1996 693 2191 732 episcopum
2212 695 2294 724 reci-

1283 748 1360 777 pere
1387 742 1633 778 promittentes,
1665 752 1763 780 quem
1787 752 1847 773 nos
1875 745 1940 782 ipsi
1967 745 2107 775 ecclesie
2134 749 2293 785 preticere

1283 800 1490 823 curaremus.
1516 795 1584 824 Nos
1611 795 1724 831 igitur.
1751 796 1943 833 hujusmodi
1975 800 2220 837 compromisso
2249 810 2295 830 re-

1284 847 1390 883 cepto,
1420 848 1450 876 et
1480 847 1696 877 sanctissimo
1724 851 1816 885 putre
1841 850 1977 879 domino
2006 853 2132 887 nostro,
2158 852 2294 882 domino

1284 897 1431 934 Urbano,
1449 899 1563 929 divina
1580 901 1792 938 providentia
1811 910 1895 940 papa
1914 903 2002 939 11112,
2021 904 2217 941 providemli
2236 906 2295 935 bac

1285 951 1355 980 vice
1375 951 1440 989 ipsi
1464 952 1603 982 ecclesie
1621 953 1660 982 dc
1685 956 1819 991 pastore
1842 954 1938 984 nobis
1957 956 2030 985 vive
2052 957 2141 986 vocis
2161 958 2294 987 oraculo

1284 1003 1455 1034 licentiam
1480 1005 1656 1044 largiente,
1676 1006 1716 1035 ad
1733 1016 1911 1044 personam
1937 1011 2083 1038 vestram
2105 1013 2296 1041 converten-

1284 1057 1335 1086 tes
1353 1056 1468 1086 oculos
1488 1058 1611 1087 mentis
1640 1061 1764 1093 nostre,
1790 1060 1930 1097 provida
1956 1061 2058 1090 etiam
2079 1063 2296 1093 meditatione

1285 1111 1478 1146 pensantes,
1491 1110 1591 1148 quod,
1605 1119 1679 1140 cum
1691 1112 1767 1141 sitis
1782 1112 1832 1141 vir
1845 1112 2045 1147 industrius,
2057 1114 2143 1143 dono
2157 1115 2297 1145 scientie

1286 1162 1449 1200 preditus,
1472 1163 1647 1193 honestate
1669 1173 1800 1194 morum
1822 1168 1851 1194 et
1879 1165 2053 1204 religionis
2071 1167 2188 1197 decore
2205 1177 2299 1198 cons-

1285 1215 1416 1254 picuus,
1445 1216 1619 1255 multaque
1647 1217 1877 1248 sollicitudine
1904 1219 2182 1258 Cil‘ctllilspectus,
2205 1223 2237 1250 ct
2258 1221 2299 1251 ad

1286 1269 1435 1308 regimen
1453 1269 1563 1307 ipsius
1585 1270 1725 1300 ecclesie
1745 1271 1886 1309 possitis
1905 1280 1979 1302 esse
2000 1272 2034 1302 in
2059 1273 2297 1310 spiritualibus

1286 1324 1317 1352 et
1334 1322 1581 1361 temporalibus
1595 1323 1689 1353 utilis
1707 1326 1737 1355 et
1755 1324 1990 1362 multipliciter
2010 1325 2215 1361 fructuosus,
2230 1329 2298 1357 tam

1286 1384 1327 1405 ex
1355 1375 1505 1413 predicta
1535 1376 1671 1406 licentia
1700 1380 1729 1406 et
1760 1378 1960 1408 auctoritate
1989 1378 2086 1408 nohis
2116 1388 2134 1409 a
2168 1379 2299 1418 prefato

1287 1428 1422 1458 domino
1451 1431 1565 1459 nostro
1591 1429 1753 1466 exhibita,
1784 1439 1884 1469 quam
1915 1434 2081 1470 potestate
2105 1432 2299 1469 hujusmodi

1287 1478 1536 1520 compromissi.
1556 1491 1614 1512 vos
1631 1483 1771 1513 ecclesie
1792 1484 1920 1522 prefate
1943 1484 2138 1522 preficimus
2160 1486 2194 1515 in
2214 1486 2300 1524 epis-

1287 1542 1407 1572 copum
1424 1536 1455 1564 et
1471 1537 1654 1572 pastorem,
1667 1538 1843 1574 sperantes
1859 1537 1944 1575 quod
1958 1537 2074 1567 eadem
2087 1537 2228 1568 ecclesia
2240 1547 2299 1576 per

1287 1588 1397 1617 vestre
1422 1588 1737 1626 circumspectionis
1769 1589 1919 1619 studium
1949 1590 1982 1619 in
2003 1590 2240 1628 spiritualibus
2267 1593 2298 1621 et

1286 1640 1532 1679 temporalibus
1552 1641 1748 1677 laudabilia,
1771 1643 1869 1672 dante
1889 1643 2045 1678 Domino,
2067 1644 2231 1682 suscipiet
2250 1645 2298 1674 in-

1288 1695 1467 1724 crementa.
1496 1695 1619 1724 Datum
1637 1695 1725 1733 apud
1754 1695 2041 1731 Urbemveterem,
2060 1705 2119 1726 vi11
2134 1697 2298 1727 kalendas

1284 1747 1374 1785 julii,
1385 1747 1601 1785 pontificatus
1616 1748 1744 1777 domini
1760 1748 1886 1779 Urbani
1899 1757 1984 1787 pape
1998 1749 2084 1785 11111,
2099 1758 2184 1779 anno
2196 1750 2267 1779 1110,
2283 1760 2297 1779 »

1328 1800 1421 1830 Nulli
1448 1809 1525 1839 ergo
1545 1803 1658 1830 nostre
1683 1802 1961 1835 confirmationis,
1986 1804 2046 1832 etc.
2068 1802 2193 1833 Datum
2210 1803 2298 1842 apud

1288 1853 1575 1889 Urbemveterem,
1599 1864 1631 1884 ιιι
1651 1863 1755 1884 nonas
1768 1855 1857 1893 julii,
1877 1863 1962 1885 anno
1979 1855 2054 1885 1110.
2073 1867 2087 1882 n

1376 2037 1448 2067 679

1859 2036 1982 2062 otvieio.
2001 2036 2017 2062 >2
2030 2036 2123 2071 juillet
2148 2037 2224 2063 1202.

1323 2120 1452 2154 Capitulo
1468 2120 1596 2147 Aluti-ino
1614 2122 1727 2146 maudut
1747 2125 1886 2154 quatenus
1904 2120 2023 2147 fratrem
2045 2120 2241 2148 crescentium
2263 2122 2296 2147 de

1287 2169 1380 2200 Cuvis,
1395 2168 1502 2195 ordinis
1523 2169 1766 2195 l'racdicut01·uin,
1781 2169 1808 2195 iu
1821 2170 1986 2203 episcopum
2000 2169 2152 2203 accipiant.
2164 2170 2296 2203 [iim-28,

1288 2217 1336 2245 fol.
1354 2219 1384 2244 Tl
1403 2224 1439 2249 w,
1453 2226 1520 2244 anu.
1540 2218 1585 2248 ΙΙΙ,
1605 2224 1636 2244 ιιυ
1654 2219 1728 2251 asi.)

1329 2334 1343 2352 (ι
1376 2323 1520 2363 Capitale>
1548 2324 1702 2355 Alam-ino.
1730 2324 1867 2355 Exultat
1894 2326 1924 2354 et
1956 2325 2078 2355 letatur
2098 2343 2146 2354 —.
2172 2325 2296 2355 Datum

1288 2377 1376 2415 apud
1396 2377 1682 2413 Urbemveterem,
1705 2387 1754 2406 ιιιι
1775 2386 1879 2407 nonas
1895 2377 1984 2416 julii,
2005 2386 2090 2407 anno
2109 2378 2181 2408 111⁰.
2203 2389 2216 2403 »

1330 2488 1365 2517 In
1381 2496 1409 2517 e.
1429 2496 1473 2517 ni.
1494 2487 1582 2516 clero
1600 2487 1747 2516 civitatis
1766 2489 1796 2516 et
1814 2486 1959 2516 diocesis
1976 2487 2220 2516 Alatrinarum.

1330 2540 1367 2570 In
1386 2549 1412 2571 e.
1430 2549 1473 2570 m.
1493 2565 1498 2570 .
1516 2563 1520 2568 .
1542 2539 1712 2578 potestati,
1731 2539 1872 2569 consilio
1886 2541 1917 2569 et
1933 2539 2103 2569 communi
2120 2539 2296 2570 Alatrinis.

1858 2672 1982 2703 Orrieto,
1998 2675 2014 2699 (j
2031 2672 2126 2708 juillet
2150 2673 2226 2700 1264.

1330 2750 1368 2779 In
1396 2757 1424 2778 e.
1449 2757 1492 2778 ιιι.
1523 2771 1529 2777 .
1555 2773 1560 2777 .
1591 2748 1749 2785 episcopo
1771 2748 1957 2786 Anagnino.
1981 2747 2138 2778 Alatriua
2159 2749 2301 2779 ecclesia

1291 2802 1416 2832 solacio
1427 2818 1474 2828 ——.
1486 2801 1631 2838 Ideoque
1645 2800 1845 2829 mandamus
1858 2800 2049 2839 Quatenus]
2062 2801 2171 2831 eidem
2181 2801 2298 2838 electo,

1292 2855 1332 2885 ad
1351 2854 1608 2893 requisitionem
1630 2861 1738 2889 suain,
1756 2853 1874 2882 ascitis
1892 2852 1954 2883 tibi
1972 2853 2103 2884 duobus
2122 2854 2174 2883 vel
2192 2853 2301 2884 tribus

1293 2907 1414 2937 vicinis
1446 2906 1628 2944 episcopis,
1652 2914 1774 2935 munus
1810 2906 2074 2936 consecrationis
2113 2906 2300 2945 impendas,
