2547 3289
1040 283 1257 314 D‘L‘RBAIN
1279 283 1336 314 IV.
2188 284 2225 313 79

239 368 311 399 288

742 367 866 400 Orvieto,
883 369 899 394 4
917 367 974 395 mai
995 368 1070 394 ¹263.

186 446 322 481 Magistro
343 446 562 473 Bai-tholomaeo
577 447 610 474 de
627 447 788 474 Bukenhale
804 447 933 481 indulget
953 449 982 473 ut
998 449 1102 481 praeter
1116 454 1158 473 ec-

152 494 269 521 clesiam
288 495 321 521 de
337 495 529 530 Addingtone,
550 503 648 522 curam
667 495 830 522 animarum
848 495 1012 526 habentem,
1024 495 1157 530 cujusque

148 546 303 577 proventus
325 544 448 578 quinque
477 552 641 571 marcarum
662 544 816 571 valentiam
846 552 901 570 non
925 544 1073 573 excedunt,
1097 543 1158 569 uni-

150 599 216 618 cum
231 591 310 618 aliud
334 591 506 618 beneficium
532 593 658 627 recipere
686 601 718 620 ac
746 592 868 619 retinere
886 592 987 619 valeat.
1016 592 1094 626 (Rau.
1113 592 1157 625 27,

153 639 200 666 fol.
218 642 262 674 79,
279 645 311 666 n0
325 640 366 673 2.)

193 754 206 768 «
224 741 373 780 Mayistro
396 741 609 772 Bartlzolomco
634 742 669 771 dc
685 740 871 778 Bulaerzlzale,
903 741 1014 770 rectori
1040 740 1160 771 ecclesie

150 794 185 824 de
201 794 409 834 Addinqtone‚
429 794 649 824 Lincolnz'ensis
658 794 792 824 diocesis*
812 794 886 824 Etsi
902 795 1041 833 propter
1057 793 1160 824 ambi-

148 847 259 878 tiones
289 865 336 876 —.
372 848 497 878 Datum
529 848 617 886 apud
648 847 936 881 Urfflmveterem,
969 857 1018 876 1111
1053 856 1160 878 nonas

150 900 244 936 maii,
263 909 350 931 anno
368 901 526 930 secundo.
544 912 557 926 »

241 1094 313 1125 289
755 1092 880 1124 Orvieto,
899 1093 913 1118 6
932 1093 991 1119 mai
1009 1093 1086 1120 1263.

184 1172 307 1199 Johanni
321 1173 354 1199 de
369 1172 468 1199 Biston
486 1172 615 1207 indulget
636 1177 667 1199 ut
686 1175 790 1207 praeter
805 1172 940 1199 ecclesias
960 1173 993 1199 de
1013 1172 1161 1199 Ywardebi

150 1223 179 1248 et.
194 1221 224 1248 B.
236 1221 333 1248 Mariae
347 1221 380 1247 de
395 1221 551 1252 Wemfled,
566 1229 664 1248 curam
681 1221 818 1248 habentes
831 1222 995 1248 animarum
1009 1229 1161 1253 annexam,

148 1269 286 1297 ecelesias
310 1270 343 1296 de
365 1269 543 1304 llekingtone
567 1272 593 1297 et
616 1270 645 1297 B.
672 1269 749 1296 Petri
765 1271 798 1297 de
821 1270 981 1301 Stansorde‚
1004 1279 1068 1297 cum
1094 1278 1161 1297 cura

149 1318 250 1350 simili,
269 1326 339 1352 quas
358 1318 442 1345 habet
467 1319 695 1350 commendatas,
711 1327 886 1353 quarumque
916 1322 1069 1353 proventus
1085 1327 1161 1345 sum-

149 1374 231 1393 mam
248 1367 438 1402 quadraginta
449 1375 613 1394 marcarum
630 1367 836 1402 sterlingorum
857 1376 912 1394 non
927 1369 1075 1399 excedunt,
1094 1376 1160 1395 nec-

149 1423 206 1442 non
221 1416 338 1442 unicum
354 1416 431 1442 aliud
447 1416 617 1442 heneficium
634 1416 864 1443 ecclesiasticum
886 1417 1012 1451 recipere
1030 1419 1057 1443 et
1085 1416 1161 1443 licite

149 1464 274 1491 retinere
291 1464 393 1492 valeat.
411 1465 489 1499 (Res.
505 1467 549 1496 27,
565 1465 613 1492 sol.
632 1466 675 1496 79,
689 1468 721 1491 11ῦ
737 1465 776 1497 3.)

192 1583 207 1598 «
227 1570 365 1601 Johanni
382 1571 417 1601 (le
435 1572 554 1607 Rislon,
576 1572 690 1602 rectori
708 1572 827 1602 ecclesie
849 1572 884 1602 de
907 1571 1075 1608 Ywardebi,
1094 1572 1164 1601 Lin-

151 1624 312 1654 colnz'ensis
329 1624 467 1654 diocesis.
487 1625 560 1655 Etsi
586 1626 809 1663 propterletc.
837 1626 962 1655 Datum
988 1625 1075 1664 apud
1104 1625 1164 1655 Ur-

150 1677 395 1715 hemveterem,
417 1687 439 1707 11
460 1686 564 1708 nonas
582 1678 674 1714 maii,
696 1687 782 1709 anno
802 1679 960 1708 secundo.
981 1690 994 1705 1>

769 1871 892 1897 Orvieto.
906 1872 921 1897 6
938 1870 997 1897 mai
1016 1871 1092 1897 ¹263.

242 1873 314 1904 290

188 1951 287 1978 Eidem
309 1950 448 1985 indulget,
470 1952 513 1982 ut,
534 1958 599 1977 cum
621 1958 650 1976 se
666 1949 763 1984 cupiat
779 1950 816 1977 ad
837 1950 1005 1985 theologicae
1022 1950 1164 1977 facultatis

152 2000 279 2027 studium
295 1999 463 2030 transferre,
482 2001 638 2033 proventus
655 1999 865 2025 ecclesiasticos
878 2007 948 2034 quos
963 1999 1081 2031 obtinet,
1098 2007 1164 2034 quo-

150 2048 269 2076 tidianis
298 2047 551 2075 distributionibus
577 2048 724 2074 dumtaxat
744 2048 879 2082 exceptis,
903 2048 1047 2082 percipere
1072 2048 1165 2075 valeat

151 2106 201 2133 per
211 2096 439 2132 quinquennium
455 2104 524 2123 eum
537 2104 570 2123 ea
584 2096 749 2131 integritate
764 2105 827 2123 cum
844 2105 898 2131 qua
909 2097 1069 2131 perciperet
1088 2097 1163 2130 illos,

151 2147 176 2174 si
192 2147 221 2174 in
240 2145 368 2173 ecclesiis
386 2145 416 2172 in
430 2145 536 2180 quibus
552 2145 689 2172 beneficia
705 2145 766 2180 ipsa
784 2145 904 2177 obtinet,
918 2146 1109 2180 personaliter
1122 2154 1164 2172 re-

152 2196 268 2223 sideret.
286 2195 364 2230 (Rno.
385 2195 430 2225 27,
449 2193 501 2221 fol.
524 2194 558 2220 79
573 2199 609 2226 νῦ,
626 2198 658 2220 n⁰
674 2194 715 2227 2.)

195 2309 210 2325 «
227 2297 364 2328 Jolzanm·
378 2297 413 2328 de
436 2297 553 2333 Biston,
571 2295 709 2330 diacono,
727 2295 840 2326 rectori
861 2294 980 2325 ecclesie
1002 2295 1037 2325 de
1062 2295 1165 2325 Ywar-

154 2350 232 2385 debi,
258 2350 479 2380 Lincolniensis
508 2349 646 2379 diocesis.
667 2350 752 2380 Cum
768 2349 810 2379 ad
830 2349 1016 2388 theologice
1034 2367 1081 2377 —.
1100 2349 1165 2379 Da-

154 2407 226 2434 tum
243 2405 279 2434 nt
296 2412 398 2442 supra
415 2404 450 2433 in
466 2402 633 2442 proxima.
655 2414 670 2430 »

246 2603 315 2634 291
768 2600 891 2632 Orviet0‚
906 2603 921 2627 7
940 2600 998 2628 mai
1013 2602 1093 2628 1263.

190 2681 284 2708 Priori
311 2682 344 2708 de
372 2681 405 2708 de
437 2679 609 2707 Bernewelle
625 2679 731 2707 indulti
756 2680 942 2715 suprascripti
971 2680 1168 2708 executionem

156 2729 324 2758 committit.
347 2730 426 2765 (Rae.
440 2731 484 2761 27,
508 2728 556 2756 fol.
571 2730 604 2755 79
622 2733 653 2755 νῦ
668 2734 698 2755 n⁰
715 2729 756 2762 3.)

199 2841 214 2859 «
230 2832 338 2862 Priori
353 2831 388 2862 dc
399 2830 594 2869 Bcrnewelle,
612 2830 758 2870 Elyensz's
774 2829 909 2860 diocesis.
931 2831 1014 2862 Cum
1025 2830 1170 2861 dilectus

159 2885 251 2915 filius
279 2902 328 2915 -.
352 2886 477 2915 Datum
505 2884 593 2923 apud
619 2883 910 2919 Urbemveterem,
941 2883 1042 2914 nonis
1074 2883 1168 2918 maii,

161 2947 246 2969 anno
264 2938 422 2968 secundo.
444 2949 459 2965 »

1310 369 1382 399 292
1769 366 1891 397 Orvieto,
1912 366 2057 402 terjuillet
2077 367 2152 393 ¹263.

1253 446 1389 479 Magistro
1416 446 1516 479 Egidio
1547 447 1582 472 de
1601 446 1768 477 Avenebire,
1786 447 1819 473 de
1839 446 1981 473 nobilibus
2000 449 2073 479 orto,
2100 446 2228 481 indulget

1219 495 1249 520 ut
1260 496 1363 527 praeter
1373 494 1585 521 thesaurariam
1600 495 1834 521 lleresordensem
1844 503 1952 521 necnon
1963 495 2098 521 ecclesias
2111 495 2144 521 de
2160 495 2228 521 Ave-

1219 541 1328 573 nebire,
1346 542 1516 576 lx'yriboton,
1542 543 1631 569 Cluna
1646 546 1672 569 et
1695 543 1822 575 Morthir,
1836 543 2061 574 lleresordensis,
2082 543 2228 569 Meneven-

1219 589 1258 616 sis
1276 592 1304 616 et
1321 589 1532 616 LincolnIensis
1545 590 1712 621 diocesium,
1731 599 1829 617 curam
1849 591 1984 618 habentes
2000 591 2162 618 animarum
2178 599 2229 617 an-

1219 644 1336 670 nexam,
1351 645 1529 672 quarumque
1545 641 1709 672 proventus,
1728 641 1841 672 propter
1861 647 2028 673 guerrarum
2049 639 2227 670 discrimina,

1219 694 1291 720 quae
1309 686 1472 720 frequenter
1488 686 1629 712 habentur
1648 686 1765 718 ibidem,
1783 695 1928 713 summum
1949 688 2137 722 quadraginta
2155 696 2229 714 mar·

1220 742 1319 761 carum
1335 734 1541 768 sterlingorum
1556 742 1611 760 non
1623 735 1772 764 excedunt,
1785 735 1899 761 unicum
1915 735 1990 761 aliud
2007 736 2175 761 beneficium
2188 743 2228 761 re-

1220 783 1316 817 cipere
1332 785 1359 809 et
1372 782 1449 809 licito
1466 782 1590 809 retinere
1608 782 1711 809 valeat.
1734 783 1810 816 [lim.
1829 785 1872 814 Ξῖ,
1891 783 1938 809 l'ol.
1957 784 1998 811 80,
2018 789 2046 809 [κ’
2066 786 2098 814 l.)

1262 887 1277 903 «
1296 875 1444 915 Magistro
1479 875 1595 915 Eqiclio
1618 875 1653 905 alc
1671 875 1849 911 Accrzcbirc,
1871 875 2060 905 thesaurario
2086 876 2232 914 Hcs-efor—

1221 928 1317 965 ἀεικεῖ,
1334 928 1495 968 capellano
1515 934 1627 959 nostro,
1641 929 1715 958 Etsi
1734 930 1872 967 propter
1889 928 2091 959 ambitiones
2103 946 2151 959 ·—.
2167 929 2232 959 Da-

1220 984 1293 1012 tum
1324 982 1413 1020 apud
1442 981 1730 1018 L'rliemveterem,
1760 982 1914 1012 kalendis
1942 982 2032 1020 julii,
2068 991 2153 1012 anno
2186 990 2232 1012 se-

1222 1035 1341 1065 cundo.
1362 1045 1377 1062 »

1313 1216 1385 1247 293
1794 1213 1918 1245 Orvieto,
1940 1216 1954 1240 7
1969 1213 2064 1249 juillet
2084 1215 2162 1241 1263.

1258 1294 1396 1329 Magistro
1418 1293 1568 1321 Guillelmo
1589 1294 1622 1320 de
1642 1293 1745 1320 Lawile
1762 1293 1891 1328 indulget
1913 1295 1944 1320 ut
1960 1296 2063 1328 praeter
2082 1293 2234 1320 ecclesiam

1224 1344 1257 1370 de
1289 1342 1421 1369 Waldihc
1453 1342 1524 1376 (sict,
1547 1341 1764 1368 Saresbiriensis
1794 1341 1927 1373 diocesis,
1948 1350 2046 1368 curam
2073 1342 2234 1368 animarum

1191 1410 1192 1413 1
1222 1392 1378 1418 habentem
1412 1399 1552 1417 annexam
1592 1391 1727 1426 cujusque
1755 1392 1907 1425 proventus
1940 1398 2085 1417 summam
2114 1392 2235 1424 quatuor

1222 1448 1388 1467 marearum
1416 1439 1621 1474 sterlingorum
1652 1439 1696 1466 vix
1718 1440 1866 1470 excedunt,
1890 1439 2042 1466 ecelesiam
2067 1440 2099 1465 de
2120 1439 2233 1465 Childe-

1223 1489 1314 1516 frome
1331 1489 1459 1523 recipere
1473 1491 1500 1515 et
1518 1488 1594 1515 licite
1610 1488 1733 1514 retinere
1750 1488 1853 1515 valeat.
1873 1489 1949 1522 (lise.
1966 1489 2009 1521 27,
2028 1487 2077 1514 fol.
2093 1489 2177 1518 80,11ο
2194 1490 2235 1519 2.)

1266 1594 1280 1609 «
1297 1582 1448 1621 ,lloyiscro
1467 1581 1625 1612 Guillelmo
1638 1581 1674 1611 de
1687 1581 1811 1616 Lawile,
1833 1582 1942 1611 rectori
1957 1581 2076 1611 ecclesie
2094 1581 2130 1611 dc
2153 1581 2233 1611 Wal-

1224 1634 1304 1671 dz‘lzc,
1317 1635 1387 1673 (sic)
1404 1634 1640 1664 Saresbiriensis
1656 1634 1791 1664 diocesis.
1807 1635 2030 1665 Attendentes
2045 1637 2100 1665 tue
2114 1635 2235 1665 merita

1226 1703 1275 1718 —.
1297 1687 1420 1717 Datum
1440 1688 1527 1726 apud
1545 1687 1832 1723 Frbemveterem,
1851 1688 1950 1718 nonis
1971 1688 2060 1726 julii,
2081 1696 2167 1718 anno
2187 1696 2237 1717 se-

1223 1740 1343 1771 cundo.

1314 1918 1387 1949 294
1781 1915 1905 1945 Orvieto,
1927 1914 2061 1950 lsjuillet
2084 1916 2157 1941 1263.

1260 1996 1392 2031 Philippo
1409 1995 1539 2030 indulget
1554 1997 1582 2021 ut
1600 1997 1703 2029 prseter
1727 1987 1863 2021 eeclesias
1884 1995 1916 2020 de
1935 1994 1960 2020 S.
1979 1993 2059 2027 Tudi,
2072 1995 2104 2020 de
2125 2002 2179 2028 qua
2194 1994 2235 2020 ni-

1225 2045 1468 2080 cffilpercepernt,
1479 2046 1633 2078 antequam
1647 2051 1735 2077 nuper
1752 2043 1806 2069 iter
1817 2043 1983 2076 arripuisset
1996 2043 2136 2069 adsedem
2153 2051 2231 2077 apos-

1669 2091 1878 2121 Koutelosbere,
1906 2091 2073 2118 Exoniensis
2102 2091 2234 2122 diocesis,

1225 2151 1345 2178 quarum
1375 2144 1528 2176 proventus
1549 2148 1694 2167 summam
1723 2140 1821 2166 decem
1842 2147 2005 2166 marcarum
2031 2138 2235 2174 sterlingorum

1225 2199 1284 2218 non
1296 2191 1446 2222 excedunt,
1462 2189 1580 2217 unicum
1601 2189 1678 2216 aliud
1700 2188 1868 2215 heneficium
1885 2188 2009 2222 recipere
2025 2190 2052 2214 et
2078 2187 2154 2214 licite
2172 2188 2237 2214 reti-

1224 2248 1291 2267 nere
1311 2240 1415 2267 valeat.
1435 2239 1512 2269 (Res.
1531 2240 1575 2265 27,
1597 2238 1644 2264 fol.
1660 2239 1693 2264 80
1708 2243 1745 2268 νο,
1762 2242 1793 2263 n⁰
1809 2237 1848 2270 1.)

1225 2094 1343 2121 tolicam
1375 2092 1518 2123 veniendi,
1549 2095 1574 2119 et
1604 2093 1637 2118 do

1268 2346 1281 2361 «
1302 2332 1464 2372 Philippo,
1482 2331 1592 2361 rectori
1614 2331 1735 2360 ecclesie
1755 2329 1790 2359 de
1806 2328 1839 2359 S.
1860 2328 1948 2362 Tudi,
1969 2327 2152 2357 Ea‘oniensis
2175 2327 2237 2357 dio-

1228 2387 1310 2417 cesis.
1333 2386 1557 2416 Attendentes
1573 2385 1629 2414 tue
1646 2383 1767 2413 merita
1780 2400 1828 2412 —.
1848 2383 1971 2412 Datum
1993 2381 2081 2419 apud
2096 2380 2236 2411 Urbem-

1227 2441 1388 2476 veterem,
1411 2448 1454 2468 xv
1467 2437 1633 2468 kalendas
1652 2435 1798 2475 augusti,
1817 2443 1902 2465 anno
1920 2434 2078 2464 secundo.
2101 2445 2115 2459 »

1318 2615 1390 2646 295
1786 2609 1910 2640 Orvieto,
1934 2608 2069 2644 l9juillet
2089 2610 2163 2636 1263.

1264 2694 1432 2728 Praeposito
1445 2691 1618 2720 Massiliensi
1631 2692 1749 2718 mandat
1760 2693 1898 2724 quatenus
1909 2688 2027 2723 Angfflo,
2045 2689 2122 2715 dicto
2137 2687 2240 2720 Priori,

1229 2743 1378 2778 capellano
1397 2741 1646 2777 apostolico,suas
1663 2740 1692 2766 in
1712 2738 1861 2765 Provincia
1882 2737 2032 2772 pensiones
2055 2736 2125 2763 solvi
2143 2736 2239 2764 saciat.

1231 2792 1310 2827 (Rea.
1329 2793 1374 2822 27,
1394 2790 1442 2818 sol.
1461 2791 1494 2817 80
1510 2795 1547 2820 τ’),
1563 2795 1592 2815 n⁰
1606 2789 1644 2823 Ξ.)

1274 2894 1289 2910 «
1306 2883 1466 2923 Preposito
1482 2880 1679 2914 Massiliensi,
1692 2878 1850 2918 capellano
1862 2882 1974 2907 vostro.
1989 2877 2144 2908 Dilectus
2154 2877 2245 2908 filius

1233 2936 1395 2975 magister
1419 2935 1582 2973 Angelus,
1616 2933 1724 2963 dictus
1749 2931 1858 2967 Prior,
1893 2930 2089 2969 capellanus
2117 2931 2243 2966 noster,
