2547 3289
239 214 299 243 236

239 298 309 326 tuin
341 294 427 333 apud
455 291 747 323 Urbeinvetercm,
781 298 823 317 vu
864 288 938 316 idus
969 285 1127 324 januarii,
1165 294 1250 315 anno
1282 290 1283 296 ¹

239 348 349 379 tertio.
368 358 384 375 ))

330 517 399 548 ,474
800 510 923 536 tlrvicto.
944 511 958 535 7
972 509 1084 543 janvicr
1105 507 1181 534 1202.

276 597 471 631 infrascriptis
489 597 602 622 mundat
623 597 651 620 ut.
666 593 857 620 centesimam
874 601 924 626 pro
937 592 1039 618 Terrae
1055 593 1174 617 Sans-tm·
1191 590 1253 616 sub-

239 648 311 675 sidio
329 648 355 673 in
370 655 458 679 regno
472 645 608 671 Franciac
622 643 827 677 colligendam,
838 642 916 676 juxta
934 648 1086 667 assensum
1108 639 1252 670 Ludovici,

240 697 415 723 Francorum
429 694 517 727 regiS,
532 694 557 719 in
576 692 796 718 suhvvntionem
815 691 917 716 Terrae
935 690 1055 715 Sanctae
1072 690 1252 714 convertant

240 746 322 779 (Rea.
340 743 497 771 2510125
513 746 553 773 νῦ,
571 749 636 768 anu.
656 740 700 770 111,
718 744 749 766 11⁰
765 741 822 771 77.)

282 853 297 871 u
315 867 334 872 ..
354 840 583 880 {zrrlzae‘episcopo
609 838 735 876 Tyrensi
750 842 775 866 ee
796 835 890 865 nobili
909 835 1123 872 uir-odolmnni
1140 834 1176 863 de
1200 833 1255 862 Va-
1284 852 1285 862 i

243 895 384 927 lencenis,
405 893 525 922 domino
557 891 693 931 Cayplaec.
716 890 867 920 Dilectus
884 889 976 918 lilius
997 888 1099 917 trater
1116 886 1255 917 (juillei-

242 957 319 979 mus
347 946 592 985 ‘tripolitanus
624 943 753 973 ordinis
780 942 1032 972 Predicatorum
1062 942 1137 976 etc„
1167 940 1253 969 utin

243 1000 411 1040 superiori
432 999 588 1038 proxima
605 1005 712 1035 usque
732 996 940 1034 contingeret
964 994 1088 1032 colligi,
1110 993 1205 1023 vobis
1224 993 1255 1022 et

242 1055 294 1084 illi
311 1053 363 1083 vel
378 1053 447 1082 illis
465 1060 564 1090 quem
576 1050 627 1080 vel
644 1058 729 1088 quos
745 1049 944 1079 carissimus
965 1048 995 1076 in
1015 1047 1150 1077 Christo
1164 1046 1256 1075 tilius

243 1109 358 1137 noster
382 1105 584 1138 Ludovicus,
607 1103 752 1133 illustris
775 1103 980 1132 Franctnaun
1000 1109 1071 1135 rex,
1090 1099 1186 1129 vobis
1204 1098 1257 1128 vel

243 1161 395 1190 vestrum
421 1158 517 1188 alteri
546 1157 742 1195 adjungeret
761 1155 812 1185 vel
833 1155 935 1184 etiam
962 1153 1171 1190 subrogaret,
1200 1154 1257 1182 aut

242 1212 368 1243 vestris
396 1212 448 1241 vel
475 1219 590 1241 eorum
622 1210 724 1239 certis
755 1208 883 1237 nuntiis
902 1208 977 1240 etc,
998 1215 1104 1245 usque
1122 1214 1256 1235 conver-

243 1266 354 1297 tenda.
386 1265 532 1302 ideoque
563 1262 802 1292 discretionem
831 1262 976 1290 vestram
998 1268 1186 1293 monemus,
1207 1268 1257 1288 ro-

244 1327 363 1358 gamus
391 1320 422 1347 et.
446 1317 618 1346 hortamur
647 1316 772 1345 attente
802 1314 1001 1343 mandantes
1031 1313 1191 1350 quatinus
1218 1312 1256 1341 ad

243 1371 502 1410 requisitionem
521 1369 629 1408 ipsius
646 1368 746 1405 regis,
769 1367 822 1396 cui
839 1375 941 1404 super
959 1366 1044 1403 {hocf
1063 1364 1256 1397 scribimus,

243 1424 404 1463 quicquid
418 1423 458 1453 de
477 1421 638 1461 predictis
653 1420 839 1451 centesima
848 1421 879 1449 et
899 1418 1063 1448 subsidiis
1080 1418 1121 1447 ad
1138 1426 1258 1447 manus

242 1479 376 1507 vestras
394 1476 547 1515 pervenit
572 1475 603 1504 in
623 1473 765 1504 instanti
784 1472 953 1511 passagio,
968 1472 1065 1510 juxta
1082 1471 1191 1509 ipsius
1209 1479 1256 1500 re·
1287 1488 1288 1495 ,

243 1531 296 1570 gis
323 1529 503 1559 consilium
523 1529 553 1558 et
579 1535 770 1564 assensum,
790 1525 995 1555 convertatis
1013 1525 1046 1554 in
1063 1524 1149 1554 dicte
1168 1525 1257 1554 terre
1287 1559 1288 1562 Ἴ

243 1591 455 1618 succursum,
489 1581 709 1620 procurantes
728 1578 969 1609 nichilominus
987 1586 1062 1607 cum
1078 1577 1168 1607 omni
1192 1577 1258 1606 sol-

243 1636 420 1666 licitudine
438 1636 470 1664 et
486 1634 674 1672 diligentia,
691 1631 856 1670 requisito
874 1639 976 1669 super
992 1630 1051 1660 boc
1069 1630 1150 1660 dicti
1168 1629 1258 1667 regis

244 1689 385 1724 auxilio,
404 1687 492 1726 quod
515 1687 629 1725 aliqua
647 1686 733 1715 bona
754 1693 886 1714 summa
906 1683 1046 1722 pecunie
1067 1683 1163 1713 vobis
1181 1685 1258 1717 ete„

244 1750 351 1780 usque
362 1740 522 1771 converti.
535 1740 604 1770 Nos
619 1739 708 1769 enim
727 1737 823 1768 vobis
842 1737 1011 1775 obligandi
1028 1736 1133 1766 libere
1150 1738 1258 1765 cente-

243 1795 367 1825 simam
380 1796 454 1830 etc.,
465 1801 571 1832 usque
588 1793 795 1822 facultatem.
805 1790 1019 1828 Yeruniquia
1033 1790 1118 1819 inter
1131 1791 1259 1819 ceteras

244 1850 353 1879 terras
383 1848 458 1883 etc„
485 1855 592 1885 usque
619 1844 860 1883 occupandum.
881 1844 1014 1873 Attente
1035 1852 1167 1881 quoque
1185 1851 1259 1881 pro-

244 1901 391 1931 videatis
405 1902 440 1930 ut
458 1898 651 1937 hujusmodi
672 1898 812 1936 pecunia
831 1899 905 1929 etc,
925 1905 1032 1935 usque
1049 1905 1133 1935 quas
1149 1895 1259 1925 adhoc

245 1954 335 1984 idem
367 1962 424 1983 rex
453 1953 589 1982 duxerit
617 1951 856 1989 adjungemlas.
882 1952 1039 1979 ueterum
1071 1949 1259 1987 predictum

245 2007 386 2036 fratrem
401 2005 623 2036 (fliuillolnium
639 2004 708 2043 qui,
727 2004 814 2033 sicut
828 2003 913 2032 scire
932 2003 1256 2037 vesci-ed'n11usetc.‚
1288 2020 1289 2024 =

246 2068 353 2098 usque
384 2058 594 2097 exponendo,
621 2059 653 2087 et
676 2057 731 2096 qui
751 2056 792 2087 ad
812 2057 959 2086 Vestram
977 2057 1112 2093 propter
1129 2055 1188 2084 hoc
1208 2063 1258 2084 ac-

245 2113 334 2143 cedit
362 2112 579 2150 presentiam,
606 2110 749 2149 benigne
775 2109 924 2147 recipere
951 2109 1049 2146 eique
1078 2107 1258 2146 benignam

246 2165 454 2197 audientiam
484 2165 516 2194 in
546 2164 689 2202 negotiis
711 2163 797 2193 dicte
822 2164 922 2195 terre,
951 2171 1014 2200 que
1044 2161 1130 2191 idem
1164 2160 1258 2189 vobis

245 2218 452 2250 confidenter
471 2219 626 2256 exponet,
648 2216 806 2247 exhihere
825 2215 971 2249 curetis;
990 2215 1035 2244 ita
1053 2215 1141 2253 quod
1160 2214 1257 2243 devo-

245 2272 350 2303 tionis
361 2270 781 2309 vestrepromptitudinem
798 2269 910 2307 dignis
925 2268 1046 2297 exinde
1060 2268 1093 2297 in
1110 2267 1255 2297 Domino

245 2324 405 2355 laudibus
419 2324 539 2354 merito
557 2323 844 2353 cmnnoendemus
864 2322 987 2352 Datum
1008 2322 1041 2351 ut
1063 2329 1175 2358 supra.
1193 2329 1209 2349 »

336 2502 408 2533 475
735 2498 859 2524 ervit-10.
881 2498 911 2524 21
931 2498 1084 2523 decembr«-
1110 2498 1183 2524 1203.

280 2585 412 2612 Fratrem
439 2583 626 2611 Guillelmum
650 2584 685 2609 de
709 2583 792 2616 Rota,
817 2582 943 2616 priorem
961 2582 994 2608 dc
1022 2581 1131 2613 Cahna,
1160 2589 1258 2607 mona-

244 2633 331 2661 chum
364 2632 533 2660 monasterii
563 2633 651 2659 Casae
677 2631 734 2663 lici,
764 2631 873 2658 ordinis
895 2640 917 2657 s.
940 2630 1095 2656 Benedicti.
1119 2630 1258 2656 ecclcsiae
1286 2664 1288 2674 ἱ

244 2682 386 2710 Auitiensi
401 2681 540 2716 praeficit.
561 2681 639 2716 (Rae.
656 2680 690 2707 28
707 2680 755 2707 sol.
773 2681 807 2707 25
823 2685 860 2706 v⁰.
880 2687 946 2706 ann.
970 2679 1015 2711 ut,
1037 2683 1068 2705 11⁰
1082 2681 1115 2705 78
1132 2680 1139 2711 )

284 2797 302 2818 «
319 2786 424 2817 Fratri
451 2785 610 2816 Guillelmo
633 2785 668 2815 dc
685 2786 774 2820 Rota,
795 2785 912 2815 ordinis
934 2795 960 2815 s.
979 2783 1145 2819 Benedicti,
1165 2783 1257 2813 electo

244 2840 407 2871 Anitiensi.
436 2839 597 2870 Militanti
624 2838 766 2869 ecclesie
784 2838 984 2877 disponente
1001 2856 1049 2867 —.
1072 2837 1157 2867 Sane
1176 2836 1256 2867 Ani-

245 2894 346 2927 tiensi
373 2892 515 2924 ecclesia
542 2891 640 2922 nobis
668 2894 700 2923 et
727 2891 867 2923 ecclesie
883 2892 1033 2922 Romane
1061 2890 1255 2921 immediate

999 201 1245 232 liEGlsTREs
1268 199 1482 230 D'URBAIN
1506 200 1562 229 IV.

1314 283 1476 321 subJecta,
1489 283 1814 322 pertranslationem
1825 282 2028 313 venerabilis
2046 283 2160 314 fratris
2179 285 2326 318 nestri..,

1314 336 1525 372 Sabinensis,
1555 339 1633 366 tunc
1665 336 1854 366 Anitiensis
1887 336 2050 374 episcopi.
2082 337 2121 366 ad
2148 337 2325 367 ecclesian]

1313 390 1581 423 Narbonensem,
1600 392 1738 419 vacante
1760 391 1906 427 pastore,
1928 398 1963 418 ac
1990 389 2021 418 in
2046 398 2084 418 ea
2108 389 2270 420 electione
2287 390 2326 419 de

1314 443 1436 472 dilecto
1458 443 1527 472 tilio
1547 444 1661 473 nostro
1677 442 1725 478 5.,
1745 442 1835 472 tituli
1856 450 1882 472 s.
1902 442 2026 472 Cecilie
2045 442 2243 480 presbytero
2259 452 2327 472 car-

1315 496 1433 529 dinali,
1462 498 1538 525 tunc
1568 495 1659 525 sedis
1690 495 1873 533 apostolice
1902 495 2088 534 capellano,
2119 495 2329 525 concorditer

1315 548 1494 585 celebrata,
1515 549 1654 587 ipsoque
1672 548 1865 587 hujusmodi
1885 548 2096 586 electioni-de
2106 556 2142 578 se
2159 548 2242 577 facte
2253 557 2328 578 con-

1316 602 1441 631 sentire
1465 601 1609 637 nolente,
1628 601 1762 631 dilectis
1782 601 1863 630 tiliis
1882 601 2030 639 capitulo
2045 603 2228 630 memorate
2248 601 2327 630 Ani-

1284 683 1285 686 ,
1316 655 1436 686 tiensis
1460 655 1600 685 ecclesie
1629 654 1919 690 convenientibus,
1946 656 1979 684 ut
1998 653 2103 683 moris
2122 656 2184 690 est,
2205 662 2264 692 pro
2282 654 2331 683 su-

1316 709 1383 739 turi
1407 708 1649 738 substitutione
1681 708 1825 746 pastoris
1844 707 1877 737 in
1899 716 2015 743 unum,
2034 707 2140 745 major
2159 709 2189 736 et
2216 707 2330 737 sanior

1316 771 1394 800 pars
1404 770 1518 791 eorum
1537 763 1580 797 te,
1595 763 1673 791 tunc
1687 761 1834 800 priorem
1850 761 1889 790 de
1905 760 2243 796 (2221111a,1110nachun1
2262 769 2330 790 mo-

1315 815 1457 845 nasterii
1483 818 1567 845 (Iase
1591 815 1665 851 Dei,
1690 815 1790 853 elegit
1819 814 2026 844 unanimiter
2044 814 2076 843 in
2098 813 2240 843 ecclesie
2257 821 2330 851 pre-

1284 884 1285 889 =
1316 869 1402 898 dicte
1429 868 1617 898 Anitiensis
1644 868 1841 906 episcopum
1866 870 1896 897 et
1925 869 2106 905 pastorem.
2128 867 2253 895 Verum
2273 866 2331 895 hu-

1313 921 1462 960 jusmodi
1480 921 1634 951 electioni
1654 921 1788 950 dilectis
1806 921 1925 955 filiis..‚
1945 920 2123 955 ‹lecano,..‚
2145 919 2327 958 preposito,

1316 974 1574 1012 etStephanode
1586 974 1930 1012 Masnilio-Symonis,
1943 974 1998 1012 qui
2018 982 2052 1002 se
2069 973 2177 1011 ipsius
2189 973 2330 1002 ecclesie

1315 1030 1510 1058 canonicum
1543 1027 1729 1063 asserebat,
1756 1030 1787 1057 et
1819 1026 2022 1065 quibusdam
2057 1026 2134 1056 aliis
2167 1026 2331 1064 prelibate

1318 1081 1507 1110 Anitiensis
1534 1081 1674 1110 ecclesie
1692 1080 1862 1110 canonicis
1885 1088 1920 1109 se
1939 1078 2200 1118 opponentibus,
2222 1079 2332 1109 felicis

1317 1134 1561 1164 recordationis
1599 1133 1790 1164 Alexander
1819 1142 1916 1171 papa,
1950 1132 2168 1170 prodes-essm·
2202 1134 2328 1167 noster,

1319 1188 1479 1217 dilectum
1508 1187 1615 1216 tilium
1634 1188 1786 1216 nostrum
1809 1186 1863 1221 u,
1884 1196 1909 1215 s.
1932 1185 2051 1222 angeli
2067 1185 2245 1214 diaconum
2263 1193 2331 1214 car-

1318 1241 1477 1275 dinalem,
1501 1241 1532 1269 in
1555 1239 1747 1277 hujusmodi
1767 1239 1901 1277 negotio
1920 1238 2011 1267 dedit
2030 1237 2182 1276 partibus
2202 1237 2332 1267 audito-

1319 1302 1388 1323 rem
1404 1303 1411 1327 ζ,
1429 1302 1539 1322 eoram
1559 1302 1635 1331 quo,
1655 1293 1731 1322 licet
1753 1292 1862 1322 dictus
1875 1291 2065 1330 Stephanus
2083 1300 2118 1321 se
2137 1291 2243 1321 tuisse
2261 1299 2335 1320 con-

1319 1349 1496 1385 temptum,
1524 1346 1645 1384 reliqui
1679 1354 1756 1375 vero
1787 1345 1952 1383 quasdam
1971 1344 2335 1374 excommunicationis

1319 1400 1505 1430 sententias
1520 1401 1636 1429 contra
1649 1398 1814 1437 quosdam
1830 1398 1869 1427 de
1885 1398 1952 1427 tuis
1965 1397 2171 1427 electoribus
2188 1400 2217 1427 et
2232 1397 2335 1427 etiam

1319 1455 1433 1484 contra
1457 1455 1487 1482 te
1513 1453 1656 1490 quedam
1685 1452 1751 1481 alia
1769 1451 2115 1490 ol‘›Jecissent,·tamen
2138 1451 2249 1481 dictus
2263 1450 2334 1481 Ste-

1319 1506 1450 1545 phanus
1468 1514 1503 1535 se
1529 1506 1636 1535 tuisse
1666 1506 1895 1542 contemptum
1915 1504 1967 1534 vel
1988 1503 2090 1533 etiam
2107 1511 2182 1533 esse
2201 1503 2334 1533 canoni-

1319 1568 1394 1590 cum
1425 1559 1565 1589 ecclesie
1593 1558 1788 1592 memorate,
1814 1566 1873 1587 nec
1897 1557 1954 1586 alii
1981 1565 2019 1586 ea
2040 1565 2104 1595 que
2128 1556 2332 1595 objecerant,

1288 1617 1289 1622 ¹
1319 1612 1557 1650 probaverunt.
1578 1611 1702 1641 Eodem
1722 1612 1833 1640 autem
1852 1610 1986 1649 negotio
2001 1609 2049 1639 sic
2066 1609 2336 1649 pendente-,licet

1318 1666 1490 1696 videretur
1519 1665 1693 1703 aliquibus
1721 1663 1811 1703 quod
1827 1672 1868 1694 ex
1889 1664 2001 1693 ot'ticio
2020 1665 2136 1693 nostro
2156 1671 2336 1702 possemus

1319 1720 1499 1758 procedere
1530 1719 1569 1748 ad
1595 1717 1834 1757 inquirendum
1859 1725 1960 1756 super
1978 1716 2150 1755 aliquibus
2174 1716 2214 1746 de
2230 1716 2337 1755 objec-

1318 1773 1375 1809 tis,
1403 1773 1481 1811 quia
1510 1774 1622 1802 tamen
1654 1771 1685 1801 id
1712 1772 1855 1801 tractum
1882 1770 2047 1809 temporis
2072 1779 2137 1800 non
2163 1770 2334 1800 modicum

1319 1826 1455 1865 exigere
1477 1834 1534 1855 nec
1551 1825 1624 1855 sine
1645 1826 1829 1855 memorate
1848 1823 2039 1854 Anitiensis
2057 1823 2198 1853 ecclesie
2217 1823 2336 1852 discri-

1320 1879 1409 1909 mine
1445 1879 1643 1917 magnisque
1677 1877 1852 1907 laboribus
1880 1879 1910 1907 et
1946 1876 2108 1915 gravibus
2140 1875 2335 1914 sumptibus

1320 1941 1418 1971 posse
1445 1933 1515 1962 tieri
1539 1931 1726 1966 videbatur,
1747 1932 1794 1965 tu,
1815 1930 1886 1960 zelo
1909 1930 2027 1960 devote
2053 1929 2335 1959 considerationis

1287 1990 1289 2000 ¹
1320 1985 1478 2015 inductus
1493 1987 1523 2014 et
1541 1984 1682 2015 ecclesie
1704 1983 1853 2021 predicte
1872 1982 2041 2013 Anitiensi
2061 1982 2283 2020 compatiens,
2302 1983 2334 2012 et

1319 2039 1458 2076 cupiens
1483 2037 1634 2077 ejusdem
1659 2036 1811 2068 ecclesie,
1837 2044 1900 2074 que
1920 2043 1978 2073 per
2001 2035 2210 2065 vacationem
2235 2035 2336 2064 diuti-

1320 2100 1396 2121 nam
1430 2091 1535 2120 variis
1559 2089 1752 2127 subjacebat
1779 2088 2050 2123 discriminibus,
2068 2088 2175 2118 vitare
2199 2088 2335 2126 dispen-

1319 2145 1385 2180 dia,
1406 2144 1475 2182 jus,
1501 2144 1528 2172 si
1558 2143 1645 2181 qnod
1676 2142 1737 2172 tibi
1765 2142 1935 2180 quesitum
1964 2141 2070 2171 fuerat
2101 2150 2142 2171 ex
2172 2141 2335 2171 electione

1318 2197 1481 2236 predicta,
1509 2196 1613 2226 libere
1640 2196 1672 2225 in
1702 2196 1828 2225 nostris
1855 2194 2011 2224 manibus
2040 2194 2233 2233 resignasti.
2261 2195 2333 2224 Nos

1319 2252 1442 2285 autem,
1465 2259 1538 2279 cum
1559 2249 1721 2279 fratribus
1739 2248 1865 2278 nostris
1883 2247 2127 2277 deliberatione
2144 2247 2332 2286 prehabita,

1318 2304 1572 2333 considerantes
1595 2302 1683 2341 quod
1711 2302 1782 2340 ipsa
1809 2301 1951 2331 ecclesia
1979 2300 2157 2340 prolixiori
2182 2303 2335 2340 tempore

1318 2366 1397 2387 cura
1415 2357 1576 2386 destituta
1590 2355 1746 2394 pastoris,
1762 2354 1997 2392 irreparabilia
2015 2356 2143 2392 poterat
2163 2354 2335 2384 incurrere

1319 2410 1534 2440 deuiam-1111
1556 2409 1770 2448 pr'oxidimus
1790 2407 1859 2437 fore
1877 2406 2146 2437 subveniendum
2166 2406 2232 2437 sibi
2251 2406 2337 2437 cele—

1287 2462 1288 2469 ¹
1318 2463 1401 2493 riter
1427 2463 1466 2492 de
1498 2464 1642 2501 pastore.
1668 2461 1890 2491 Attendentes
1918 2460 2029 2499 itaque
2055 2460 2144 2499 quod
2165 2461 2282 2490 contla
2302 2461 2334 2490 te

1286 2494 1288 2547 i
1319 2518 1394 2555 post
1412 2516 1608 2554 diligentem
1628 2515 1838 2552 multamque
1853 2513 2102 2543 discussionem
2119 2513 2247 2552 aliquid
2260 2521 2336 2552 pro-

1287 2552 1288 2587 1
1318 2569 1433 2599 batum
1462 2577 1527 2598 non
1558 2568 1681 2598 extitit
1709 2567 1797 2606 quod
1824 2566 1926 2596 statui
1951 2568 2008 2596 tuo
2032 2566 2086 2596 xel
2112 2566 2200 2596 tame
2219 2568 2335 2605 posset

1319 2622 1599 2661 impedimentum
1626 2621 1757 2655 atl'erre,
1780 2621 1961 2658 pensantes
1979 2620 2080 2649 etiam
2101 2619 2191 2658 quod
2207 2619 2333 2649 claram

1286 2686 1288 2698 ³
1319 2677 1350 2706 et
1367 2675 1531 2714 integram
1553 2674 1675 2704 samam
1692 2676 1797 2705 tuam,
1817 2673 2028 2703 honestatem
2053 2673 2192 2711 insuper
2209 2674 2241 2702 et
2258 2680 2334 2702 con-

1318 2729 1545 2759 versationem
1573 2730 1628 2759 tue
1657 2728 1723 2757 vite
1742 2726 1925 2757 laudabilis
1945 2726 2129 2757 multorum
2150 2725 2335 2764 fidedigno·

1318 2792 1393 2812 rum
1419 2781 1614 2812 testimonio
1629 2779 1870 2819 comprobasti,
1892 2788 1955 2818 que
1974 2779 2060 2809 alias
2077 2787 2136 2818 per
2151 2780 2245 2809 tuam
2263 2778 2333 2809 lon·

1318 2844 1392 2875 gam
1410 2843 1539 2865 moram
1556 2835 1589 2864 in
1607 2834 1759 2864 Romana
1774 2833 1868 2863 curia
1887 2834 1919 2862 et
1939 2832 2142 2862 familiarem
2158 2831 2333 2871 experien-

1318 2889 1399 2919 tiam
1420 2887 1518 2919 nobis
1541 2889 1571 2918 et
1597 2887 1696 2917 dictis
1722 2886 1885 2917 fratribus
1906 2887 1983 2916 nota
2003 2887 2109 2919 erant,
2129 2885 2169 2916 de
2186 2892 2331 2924 persona
