2547 3289
1054 235 1289 274 DEUXIEME
1311 237 1474 275 ANNEE.

219 323 272 353 vel
288 323 478 353 Romanam
504 323 682 354 ecclesiam
704 333 806 363 super
830 324 900 359 illa,
934 333 970 354 ac
991 325 1079 364 qnod
1099 326 1232 356 nobiles
1263 329 1266 347 ἵ

219 375 311 406 viros
329 377 531 407 Anselmum
560 377 599 407 de
618 379 748 407 Arrone
766 379 797 407 et
820 378 1019 416 Malgerium
1042 379 1152 409 (lastri
1172 380 1232 409 La-

218 438 276 459 cus
292 429 460 465 dominos,
482 439 567 468 quos
583 432 743 469 ceperunt
757 440 775 460 a
794 430 946 460 Romana
966 431 1058 461 curia
1079 432 1231 462 receden-

216 483 280 518 tes,
299 482 388 512 infra
416 485 490 513 octo
513 483 586 513 dies
613 483 769 522 proximo
796 487 977 522 sequentes
1002 485 1179 515 restituant
1197 485 1232 514 li·
1262 500 1264 511 ι

216 534 339 566 bert-ati
358 536 410 566 vel
426 536 520 574 ipsos
540 537 692 575 captivos
714 537 747 566 in
771 537 928 566 manibus
950 538 1076 567 nostris
1094 541 1230 576 ponant,
1262 549 1264 570 τ

217 590 248 618 et
265 589 354 627 quod
374 589 459 627 ipsis
476 589 526 619 vel
544 590 644 619 etiam
657 590 735 619 aliis
751 590 898 619 dominis
911 591 950 619 de
963 591 1092 620 Arrone
1108 593 1137 620 et
1154 592 1232 621 Cas-

218 641 260 670 tri
287 642 395 672 Lacus
422 642 551 672 nullam
582 651 738 681 guerram
759 643 884 672 faciant
907 652 965 672 nec
995 643 1153 681 injuriam
1178 645 1230 673 vel
1262 635 1263 640 ¹

217 695 409 725 molestiam
438 695 597 731 inferant,
623 696 675 725 vel
702 696 861 725 vassallis
889 698 946 725 ant
978 696 1078 725 terris
1100 705 1229 731 eorum⁷

216 747 344 786 absque
371 748 528 778 mandato
552 749 642 778 sedis
673 748 858 786 apostolice
890 749 1043 786 speciali,
1064 759 1139 779 rum
1164 750 1230 788 ipsi

218 801 286 830 sint
300 809 413 830 corani
428 801 527 831 nobis
541 802 632 831 stare
646 801 714 839 juri
734 802 855 839 parati,
874 803 906 831 et
922 810 982 831 nos
999 801 1048 831 eis
1069 802 1177 832 facere
1191 803 1230 832 de

216 853 302 892 ipsis
323 854 454 891 J'ustitie
472 854 770 892 complementum,
789 863 825 883 ac
841 854 930 892 qnod
945 854 1100 884 homines
1117 857 1149 884 ot
1167 857 1230 885 ter-

216 915 287 936 ram
301 907 497 937 monasterii
509 907 548 936 de
561 907 760 943 Ferentino,
774 907 950 937 occasione
964 908 1110 945 ponendi
1125 910 1230 938 recto—

215 967 286 989 rem
299 961 356 990 aut
367 961 566 998 potestatem
583 960 616 989 in
630 968 667 989 ea
679 968 737 990 seu
752 960 818 989 alio
833 969 1045 999 quocumque
1060 962 1227 999 pretextu,

215 1012 411 1042 nullatenus
436 1012 624 1051 inquietent
648 1021 707 1042 nec
731 1012 846 1051 aliqua
865 1012 905 1042 ab
923 1013 973 1042 eis
992 1013 1140 1051 exigant,
1162 1014 1227 1043 nisi

215 1065 275 1095 illa
293 1074 356 1104 que
371 1065 421 1095 eis
438 1067 633 1103 competunt
648 1066 688 1096 de
703 1066 842 1105 antiqua
860 1066 1103 1096 consuetudine
1122 1067 1174 1096 vel
1189 1067 1228 1097 de

210 1118 301 1158 jure:
320 1118 367 1149 ita
378 1119 467 1157 quod
481 1119 509 1148 si
527 1119 704 1157 superbiis
717 1119 965 1149 dubitationem
985 1119 1066 1149 oriri
1084 1120 1229 1159 contige—

214 1172 270 1206 rit,
289 1174 401 1210 partes
429 1180 532 1210 super
556 1171 617 1202 hoc
641 1175 756 1203 nostro
776 1172 903 1211 judicio
926 1174 1014 1203 stent
1040 1175 1071 1203 et
1095 1174 1226 1203 cadant.

213 1225 303 1264 Ipsis
323 1233 456 1264 quoque
473 1225 614 1264 syndico
631 1227 662 1256 et
679 1226 850 1256 communi
872 1226 1063 1264 Spoletanis
1085 1227 1228 1266 precipi-

214 1287 291 1308 mus
307 1278 396 1317 quod
416 1278 518 1308 nichil
537 1279 674 1308 omnino
686 1279 823 1322 exigant
843 1279 876 1308 in
895 1281 1004 1309 castro
1022 1279 1228 1310 Collis-statii

214 1333 245 1361 et
264 1333 374 1362 castro
400 1331 537 1368 Litaldi,
567 1340 627 1362 nec
645 1332 800 1362 homines
818 1332 1015 1362 eorumdem
1036 1335 1227 1363 castrorum

214 1384 402 1423 inquietent
432 1384 683 1424 quomodolibet
703 1385 755 1415 vel
782 1385 961 1416 molestent
980 1386 1154 1416 occasione
1171 1395 1227 1425 po-

213 1438 314 1468 nendi
338 1439 502 1468 rectorem
523 1438 575 1468 vel
592 1439 793 1476 potestaten]
821 1438 855 1468 in
877 1439 999 1468 castris
1023 1439 1153 1469 eisdem
1174 1440 1227 1469 vel

213 1491 279 1521 alia
292 1490 441 1529 qualibet
458 1491 599 1525 ratione,
612 1500 687 1521 cum
705 1494 816 1521 castra
834 1491 908 1530 ipsa
927 1491 995 1522 sint
1014 1492 1160 1530 speciale
1175 1493 1228 1522 de-

213 1544 365 1574 manium
388 1544 528 1574 ecclesie
552 1544 756 1582 supradicte,
777 1545 933 1583 quodque
960 1545 1025 1583 ipsi
1051 1545 1226 1584 Spoletani

212 1606 271 1627 nec
291 1597 449 1636 injuriam
467 1598 519 1627 vel
536 1597 728 1628 molestiam
747 1598 892 1627 inserant
910 1598 1226 1628 Interamnensibus

213 1652 268 1681 aut
277 1650 379 1680 terris
390 1658 507 1680 eorum
519 1651 570 1680 vel
581 1651 660 1680 aliis
670 1651 727 1689 qui
742 1651 923 1681 astiterunt
934 1651 1031 1681 nobis
1042 1653 1071 1681 et
1084 1651 1226 1682 ecclesie

211 1705 327 1734 contra
350 1712 418 1733 eos.
442 1704 567 1734 Datum
594 1705 681 1743 apud
709 1704 998 1741 Urbenweterem,
1020 1715 1037 1734 x
1063 1705 1227 1735 kalendas

211 1757 358 1796 augusti,
389 1765 474 1787 anno
501 1758 658 1787 secundo.
680 1769 693 1783 »

301 1940 371 1971 371
810 1939 934 1970 Orvieto,
949 1940 981 1966 31
1000 1939 1059 1966 mai
1077 1940 1154 1967 1203.

244 2022 282 2049 De
297 2022 462 2049 executione
479 2022 646 2048 testamenti
658 2022 803 2056 quondam
820 2022 944 2054 Milonis,
957 2022 1095 2050 ecclesiae
1112 2023 1139 2049 b.
1157 2023 1227 2050 Mar·

207 2070 262 2098 tini
275 2071 451 2098 Turonensis
467 2070 608 2098 canonici.
628 2072 705 2105 (nm.
727 2071 850 2102 :imaum
866 2071 898 2104 11,
912 2077 944 2098 11ο
960 2074 1022 2104 233,
1040 2071 1090 2098 sol.
1110 2072 1159 2099 124
1175 2074 1226 2105 νο).

249 2190 289 2208 «..
312 2178 457 2217 magistro
471 2177 620 2207 scolarum
634 2178 756 2208 ecclesie
774 2188 797 2207 s.
815 2177 941 2218 Hylariz'
954 2178 1157 2210 Pictavensis.
1176 2180 1227 2210 Ex

206 2233 301 2271 parte
318 2231 434 2262 dilecti
457 2232 521 2262 filii
547 2232 659 2271 Egidii
691 2232 732 2262 de
759 2232 955 2268 Bonavalie,
983 2233 1169 2272 granatarii
1197 2235 1229 2264 et

209 2285 363 2316 canonici
381 2285 522 2315 ecclesie
537 2284 625 2316 beati
642 2285 781 2315 Martini
796 2286 1020 2322 Turonensis,
1037 2287 1228 2316 executoris

208 2338 404 2368 testamenti
421 2339 588 2377 quondam
608 2339 760 2374 Milonis,
777 2339 929 2369 canonici
946 2339 1056 2378 ipsius
1074 2340 1226 2377 ecclesie,

209 2392 274 2422 fuit
284 2392 496 2430 propositum
507 2400 620 2422 coram
631 2391 729 2422 nobis
739 2392 828 2430 quod
838 2392 992 2422 nonnulli
1006 2392 1227 2423 ecclesiarum

209 2444 343 2484 prelati,
360 2444 492 2474 nobiles
509 2446 540 2475 et
555 2445 669 2475 clerici
687 2444 899 2475 diversarum
920 2446 1093 2475 civitatum
1112 2447 1143 2476 et
1160 2446 1228 2476 dio-

208 2497 337 2528 cesium
350 2490 452 2536 'regni
472 2498 614 2528 Francie
632 2498 797 2536 quasdam
820 2498 1040 2536 pecuniarum
1061 2507 1224 2535 summas,

206 2552 327 2586 terras,
340 2551 579 2589 possessiones
593 2552 625 2581 et
642 2560 695 2580 res
715 2551 810 2587 alias,
823 2559 907 2590 quas
922 2551 1011 2581 idem
1025 2551 1118 2588 Milo,
1136 2552 1178 2581 ad
1191 2560 1226 2582 se

206 2605 335 2634 ratione
354 2612 496 2642 persone
517 2613 575 2634 sue
591 2606 794 2643 spectantes,
810 2612 869 2642 per
883 2613 1004 2634 manus
1022 2604 1132 2642 ipsius
1151 2614 1226 2635 exe-

206 2657 334 2688 cutoris
362 2657 396 2686 in
420 2657 493 2695 pios
527 2666 610 2686 usus
642 2657 774 2696 erogari
804 2657 966 2695 precepit,
991 2659 1107 2687 contra
1127 2657 1226 2696 justi-

207 2710 290 2740 tiam
306 2710 457 2740 detinent
471 2712 502 2740 et
517 2710 606 2740 dicto
622 2709 795 2740 executori
812 2708 971 2739 exhibere
983 2709 1131 2740 indebite
1150 2720 1224 2740 con-

208 2763 390 2798 tradicunt,
426 2764 564 2801 propter
589 2763 679 2801 quod
701 2762 811 2801 ipsius
844 2763 1040 2792 testamenti
1068 2763 1224 2793 executio

208 2815 405 2854 impeditur.
442 2815 589 2854 Ideoque
622 2815 823 2845 mandamus
851 2816 1032 2853 quatenus,
1069 2815 1224 2853 partibus

208 2869 401 2899 convocatis
419 2871 481 2899 etc.
500 2869 619 2899 Testes
637 2870 698 2898 etc.
717 2868 791 2898 Non
809 2867 964 2897 obstante
980 2868 1224 2898 constitutione

208 2922 249 2952 de
272 2921 403 2952 duabus
420 2922 522 2953 dietis
545 2922 634 2953 edita
651 2921 685 2951 in
698 2921 840 2952 concilio
858 2921 1020 2960 generali,
1039 2921 1223 2952 dummodo

2253 251 2310 279 179

1295 329 1382 358 ultra
1400 329 1532 358 tertiam
1546 328 1597 358 vel
1613 330 1767 367 quartam
1786 329 1909 367 aliquis
1920 331 2015 359 extra
2031 338 2124 359 suani
2145 330 2309 362 diocesim

1294 381 1492 411 aucioriiate
1508 382 1716 419 presentium
1737 381 1778 410 ad
1792 381 1956 419 judit-iuni
1978 390 2041 411 non
2062 382 2224 412 trahatur.
2242 385 2308 414 lja-

1294 437 1363 464 tum
1394 435 1481 473 apud
1518 434 1806 471 Urbemwderem,
1830 445 1850 464 ιι
1889 436 2050 465 kalendas
2083 436 2183 473 Junii,
2220 446 2308 468 anno

1294 488 1451 517 secundo.
1475 498 1489 516 „

1843 644 1967 675 (mido,
1987 645 2016 672 13
2033 644 2137 671 sevrier
2155 646 2230 673 1263.

1383 645 1456 675 372

1328 727 1464 761 Magistro
1480 727 1699 754 Bartholomavo
1715 729 1747 754 ‹lc
1760 728 1847 761 negt»
1861 729 2014 755 eccl==siai11
2025 730 2052 756 S.
2071 730 2202 762 Mariani,
2222 731 2306 757 Pern-

1261 800 1262 803 ,
1292 775 1369 801 sinae
1381 776 1516 807 diocesis,
1527 777 1720 802 commendat.
1734 777 1816 803 ilica.
1830 780 1874 808 211,
1886 778 2041 805 111111111,11Ο
2052 779 2113 805 2:34.
2131 779 2179 806 i'ol.
2197 780 2303 806 latmi.

1331 888 1345 907 «
1367 878 1513 916 Mayistro
1542 879 1755 908 Bttrllzolomco
1777 880 1811 908 (le
1842 880 1947 918 lteyio,
1968 881 2114 909 canonico
2144 881 2262 910 ecclesie
2280 892 2304 911 s.

1291 931 1434 970 prosperi
1455 932 1574 970 ltesyini.
1595 934 1692 966 (juin,
1718 933 1803 962 sicut
1830 933 2032 971 accepimus,
2059 933 2092 962 in
2114 934 2256 963 eeclesia
2275 943 2303 964 s.

1291 985 1446 1017 Mariani,
1466 985 1631 1014 Perusine
1645 985 1802 1020 diocesis,
1826 985 1865 1014 ad
1883 986 2126 1015 monasterium
2145 987 2183 1016 de
2204 987 2305 1016 Pom-

1290 1046 1382 1075 posa,
1404 1037 1533 1067 ordinis
1550 1046 1577 1067 s.
1600 1037 1785 1071 Benedicti,
1806 1038 2038 1068 (Ioniavlensis
2056 1039 2212 1073 diocesis,
2232 1047 2304 1077 per-

1290 1091 1428 1126 tinente,
1447 1099 1535 1120 unus
1552 1091 1726 1121 dumtaxat
1738 1091 1920 1120 monachus
1937 1091 2088 1129 ejusdem
2105 1092 2303 1121 nmnasterii

1290 1146 1526 1177 commoretur,
1547 1152 1608 1173 nos
1623 1146 1664 1176 te,
1683 1152 1783 1182 quem
1801 1144 1933 1173 sincera
1953 1144 1985 1173 in
2003 1144 2147 1174 Domino
2164 1145 2302 1175 caritate

1290 1197 1465 1235 diligimus
1482 1198 1510 1227 et
1530 1197 1738 1226 intendimus
1761 1196 1936 1229 honorare,
1963 1197 2114 1227 volentes
2142 1198 2301 1236 prosequi

1289 1251 1448 1288 gratiose,
1465 1249 1527 1280 tibi
1547 1250 1670 1279 dictam
1690 1249 1879 1279 ecclesiam.
1899 1258 1973 1279 cum
1989 1249 2147 1279 omnibus
2168 1250 2304 1289 snisju-

1290 1303 1384 1333 ribus
1399 1306 1430 1333 et
1448 1303 1665 1341 pertinentiis
1685 1303 1884 1332 auvtoritate
1902 1302 2112 1341 presentium
2133 1312 2302 1332 commen-

1289 1357 1420 1392 damus,
1441 1358 1629 1386 statuentes
1648 1357 1683 1385 ut
1701 1357 1737 1385 tu
1754 1356 1794 1385 de
1812 1358 1922 1385 cetero
1945 1356 1984 1385 de
2010 1356 2083 1394 ipsa
2110 1356 2253 1386 ecclesia
2271 1358 2303 1386 et

1289 1410 1361 1448 ejus
1379 1409 1599 1448 proventibus
1616 1409 1752 1438 ordines
1765 1411 1796 1438 et
1809 1409 1982 1447 disponas,
2002 1410 2099 1447 prout
2116 1409 2303 1438 secundum

1287 1464 1397 1493 Deum
1415 1463 1543 1493 videris
1559 1462 1729 1500 expedire,
1744 1462 1920 1500 dictusque
1936 1462 2119 1492 monachus
2136 1462 2176 1491 ad
2195 1462 2303 1492 claus-

1287 1518 1377 1546 trum
1393 1516 1445 1546 sui
1460 1515 1658 1545 monasterii
1676 1516 1879 1545 revertatur:
1900 1515 1947 1544 ita
1959 1516 2071 1545 tamen
2087 1515 2176 1553 quod
2193 1515 2303 1545 eidem

1288 1569 1441 1602 ecclesie,
1457 1577 1475 1598 a
1487 1577 1552 1607 qua
1563 1567 1730 1598 removeri
1747 1576 1810 1598 non
1822 1568 1936 1606 possis
1954 1567 2027 1597 sine
2043 1568 2199 1597 mandato
2211 1568 2303 1598 sedis

1288 1621 1471 1660 apostolice
1489 1621 1642 1660 speciali,
1661 1620 1846 1653 deservias,
1865 1620 1944 1649 dum
1965 1620 2103 1655 vixeris,
2123 1622 2179 1649 aut
2199 1620 2303 1649 facias

1287 1684 1346 1713 per
1364 1675 1529 1713 ydoneam
1547 1682 1727 1712 personam
1746 1673 1780 1702 in
1798 1673 1921 1703 officiis
1938 1673 2064 1702 divinis
2084 1674 2115 1703 et
2134 1673 2212 1703 aliis
2227 1682 2303 1703 con-

1287 1737 1368 1766 grue
1392 1727 1569 1758 deserviri.
1594 1727 1675 1756 Post
1708 1726 1836 1756 obitum
1854 1727 1966 1755 autem
1983 1728 2079 1755 tuum
2099 1725 2151 1755 vel
2176 1726 2204 1754 si
2226 1734 2299 1755 eam

1288 1781 1524 1819 quoquomodo
1551 1788 1669 1809 vacare
1699 1779 1888 1817 eontigerit,
1920 1787 1995 1808 cum
2024 1778 2115 1808 omni
2149 1778 2304 1808 meliora-

1287 1835 1399 1864 mento
1409 1833 1509 1872 quod,
1522 1835 1552 1863 te
1564 1833 1616 1862 vel
1629 1832 1695 1862 alio
1708 1834 1919 1870 procurante,
1931 1831 2040 1861 eidem
2053 1831 2245 1866 accesserit,
2259 1831 2301 1861 ad

1287 1887 1475 1926 predictum
1486 1885 1730 1916 monasterium
1746 1884 1851 1914 libere
1864 1885 2064 1914 revertatur.
2078 1884 2302 1914 Decernimus

1287 1949 1421 1979 quoque
1440 1940 1576 1969 irritum
1595 1940 1626 1969 et
1646 1938 1745 1968 inane
1765 1938 1793 1967 si
1814 1946 1912 1967 secus
1935 1946 1953 1966 a
1971 1946 2140 1975 quoquam
2155 1937 2194 1966 de
2211 1937 2301 1967 dicta

1287 1993 1431 2024 ecclesia
1451 1993 1630 2031 contigerit
1646 1991 1852 2030 attemptari.
1872 1990 1967 2020 Nulli
1987 1998 2065 2029 ergo
2085 1992 2198 2020 nostre
2216 1998 2303 2020 com-

1287 2047 1515 2077 mendationis
1528 2048 1559 2076 et
1572 2045 1826 2075 constitutionis
1842 2045 1904 2074 etc.
1920 2044 2044 2073 Datum
2061 2043 2149 2082 apud
2165 2043 2305 2073 Urbem-

1286 2103 1448 2136 veterem,
1465 2100 1541 2130 idus
1560 2098 1735 2134 februarii,
1757 2106 1844 2128 anno
1862 2097 2020 2127 secundo.
2042 2107 2057 2125 J>

1861 2263 1986 2293 Orrieto,
2005 2263 2039 2289 25
2055 2261 2127 2288 avril
2147 2262 2223 2288 1203.

1378 2267 1450 2297 373

1324 2349 1434 2384 Egidio,
1455 2347 1670 2382 archiepiscopo
1688 2346 1818 2382 Tyrensi,
1835 2347 1949 2373 mandat
1969 2349 1997 2373 ut
2014 2345 2041 2371 111
2059 2353 2147 2379 regno
2166 2344 2302 2371 Franciae

1288 2407 1320 2425 ac
1348 2397 1478 2429 Metensi,
1499 2396 1636 2428 Tullensi,
1661 2395 1844 2426 Virdunensi,
1872 2394 2020 2422 Leodiensi
2047 2396 2073 2420 et
2100 2393 2301 2420 Cameracensi

1288 2447 1453 2482 provinciis.
1471 2446 1636 2480 religiosam
1662 2444 1797 2470 militiam
1827 2453 1876 2478 pro
1903 2444 2006 2470 'serrae
2030 2444 2148 2469 Sanctae
2175 2442 2301 2469 subsidio

1287 2495 1459 2531 professuris
1468 2494 1631 2530 symbolum
1642 2493 1735 2520 erucis
1752 2493 1892 2520 conserat.
1906 2493 1984 2521 (ill-21³.
2001 2494 2045 2523 26,
2060 2492 2172 2522 111111111,
2189 2495 2221 2517 n⁰
2237 2492 2300 2524 235,

1287 2546 1334 2572 fol.
1356 2546 1418 2576 1253
1439 2545 1588 2571 Porruxsr
1608 2543 1716 2576 18:325.)

1327 2654 1342 2669 «
1374 2641 1501 2680 Eqidio,
1531 2639 1762 2679 archiepiscopo
1792 2638 1929 2678 Tyrcnse'.
1962 2637 2022 2667 Pro
2054 2638 2175 2677 negotio
2212 2637 2302 2667 Terre

1285 2696 1398 2726 Sancte
1426 2695 1445 2724 ¹.
1473 2695 1521 2725 De
1553 2693 1698 2724 summis
1725 2688 1872 2722 celorum
1896 2691 2062 2721 Dominus
2088 2693 2213 2721 terrain
2240 2698 2300 2720 sue

1317 2799 1338 2821 1.
1356 2796 1397 2821 On
1415 2795 1448 2819 lit
1465 2801 1499 2818 en
1516 2800 1613 2823 marge
1629 2793 1666 2817 dn
1682 2792 1822 2823 Registre,
1839 2791 1867 2815 la
1885 2793 1949 2816 note
1966 2791 2100 2816 suivante
2114 2797 2119 2816 :
2135 2791 2171 2815 Ab
2185 2791 2232 2815 islo
2247 2791 2300 2815 loco

1285 2847 1365 2872 usque
1381 2840 1405 2862 ίιι
1421 2840 1472 2870 fine
1489 2837 1680 2863 libridzabetm·
1696 2837 1727 2860 de
1743 2835 1844 2866 neqotio
1860 2836 1934 2859 Tem-e
1949 2835 2086 2862 Sanc!e.et
2105 2835 2136 2860 de
2152 2835 2239 2859 eodem
2253 2834 2298 2858 ha-

1286 2886 1360 2909 betur·
1379 2885 1477 2914 reqeslo
1502 2882 1573 2906 tertii
1591 2881 1654 2906 anni
1672 2888 1687 2905 α
1712 2879 1829 2912 capitulo
1851 2880 1979 2904 LXV1111⁰
1997 2887 2078 2912 usque
2099 2880 2136 2904 ad
2156 2879 2299 2911 capitulum

1286 2928 1422 2953 LXXVIII.
