2547 3289
1165 263 1377 293 D’UHBAIN
1402 265 1460 295 [v.
2305 273 2344 300 27

268 343 359 373 modi
382 343 628 382 impedimentis
655 344 686 373 et
709 343 954 374 detentionibus
972 352 1037 373 non
1061 344 1276 378 cessaverint,
1306 365 1307 385 ς

267 395 623 425 excommunicationis
639 395 850 435 promulgare
868 395 1065 425 sententiam
1081 395 1279 433 generaliter
1306 390 1307 422 ἶ

268 447 321 477 vel
336 448 533 486 specialiter,
546 448 632 478 sicut
644 449 799 487 expedire
818 448 977 483 viderim,
995 449 1026 477 et
1044 449 1146 477 terras
1163 456 1278 477 eorum

266 499 488 530 ecclesiastico
514 500 688 531 interdicto
704 509 890 540 supponere
909 502 939 530 et
960 500 995 530 in
1020 500 1144 530 eisdem
1166 500 1274 535 terris,
1304 528 1306 545 a

265 554 374 592 preter
398 554 615 591 parvulorum
638 553 838 592 baptismata
854 554 885 583 et
901 553 1101 591 penItentias
1117 553 1275 583 deeeden·
1304 547 1305 573 ἒ

267 605 363 639 tium,
388 605 614 636 ecclesiastica
637 606 844 636 sacramenta
865 604 1060 635 interdicere
1084 604 1221 634 valeatis
1239 613 1276 635 ac

266 658 447 687 sententias
467 658 555 696 ipsas
570 658 678 688 facere
693 666 799 696 usque
819 657 860 687 ad
877 656 1141 687 satisfactionem
1160 658 1274 687 eondi-

265 718 364 748 gnam
387 711 626 741 inviolabiliter
644 710 826 740 observari.
848 709 954 746 Nulli,
973 710 1047 739 ete..
1066 710 1175 740 nostre
1200 718 1273 740 con-

266 763 440 799 cessionis,
457 764 517 793 etc.
534 764 657 793 Datum
671 762 824 797 Viterbii‚
839 762 992 792 kalendis
1003 762 1091 801 julii,
1104 762 1274 800 pontifica-

265 817 319 845 tus
336 816 440 846 nostri
455 824 542 846 anno
555 816 675 854 primo.
697 827 712 841 n

334 984 403 1014 101
861 981 990 1014 Viterbe,
1003 982 1036 1008 29
1050 981 1113 1016 juin
1128 982 1205 1008 1262.

303 1066 432 1100 Capitulo
467 1066 636 1093 Carnotensi
662 1065 791 1092 concedit
809 1067 841 1092 ut
864 1065 959 1092 nullus
980 1065 1128 1100 delegatus
1152 1065 1196 1092 vel
1211 1065 1277 1091 sub-

263 1115 423 1150 delegatus,
440 1117 575 1142 executor
594 1116 643 1141 aut
667 1114 756 1141 etiam
776 1115 961 1140 conservator
977 1122 1026 1148 per
1043 1114 1154 1140 litteras
1166 1115 1279 1148 aposto-

264 1163 335 1189 licas
365 1164 407 1189 vel
445 1163 607 1198 legatorum
638 1162 810 1197 apostolicae
845 1162 920 1188 sedis
956 1162 982 1188 in
1013 1170 1148 1196 personas
1176 1170 1276 1188 eorum

263 1211 583 1244 excommunicationis,
619 1210 814 1245 suspensionis
857 1210 900 1237 vel
938 1210 1084 1237 interdicti
1118 1211 1276 1237 sententias

263 1260 459 1294 promulgare,
489 1263 538 1286 aut
568 1259 638 1294 ipsis
672 1259 844 1286 interdicere
877 1259 1042 1293 ingressum
1077 1259 1214 1286 ecclesiae
1233 1267 1279 1285 va-

263 1308 331 1339 leat,
345 1308 399 1335 nisi
416 1309 528 1335 litterae
543 1308 717 1343 apostolieae
742 1307 857 1342 plenam
879 1309 907 1334 et
917 1315 1084 1342 expressam
1105 1307 1227 1334 fecerint
1242 1308 1276 1334 de

262 1357 316 1384 hac
340 1357 521 1392 indulgentia
543 1359 571 1383 et
595 1357 717 1383 ecclesia
734 1356 903 1383 Carnotensi
921 1356 1108 1382 mentionem.
1129 1356 1207 1391 (Rae.
1231 1357 1276 1387 27,

266 1406 315 1433 fol.
335 1407 381 1437 26,
394 1414 424 1432 nu
438 1406 477 1439 2.)

302 1523 318 1540 «
340 1511 463 1541 Dilectis
486 1511 562 1551 filiis
584 1510 715 1551 capilulo
742 1510 921 1540 Carnotensi
940 1510 1077 1545 salutem,
1097 1515 1151 1539 etc.
1180 1511 1276 1542 Sedis

262 1565 440 1604 apostolice
462 1565 650 1603 benignitas
672 1581 722 1593 —.
739 1564 862 1594 Datum
881 1563 1036 1597 Viterbii,
1062 1572 1098 1592 111
1116 1563 1275 1593 kalendas

258 1618 347 1657 julii,
365 1626 451 1648 anno
465 1617 585 1656 primo.
605 1629 620 1644 »

854 1797 983 1829 Viterbe,
994 1799 1027 1824 29
1041 1797 1105 1832 juin
1123 1799 1199 1824 1262.

332 1801 404 1832 102

298 1884 406 1918 Rogero
422 1883 457 1909 de
472 1881 634 1916 Leyeestria
658 1881 789 1915 indulget
805 1882 833 1907 ut
855 1882 968 1915 praeter
986 1881 1122 1908 ecelesias
1147 1881 1180 1907 de
1209 1881 1274 1907 We-

253 1932 348 1964 ·resle,
363 1932 398 1958 de
418 1930 579 1961 Rademile,
601 1930 636 1956 de
659 1929 846 1956 Nordzwolde
867 1931 895 1955 et
920 1929 955 1955 de
976 1929 1145 1960 Hadenhan,
1172 1937 1273 1956 curam

261 1980 428 2007 animarum
438 1979 576 2006 habentes
588 1985 743 2010 annexam,
752 1977 871 2004 unicum
882 1977 961 2004 aliud
971 1977 1140 2004 beneficium
1149 1977 1275 2004 retinere

261 2029 365 2056 valeat.
381 2030 463 2063 (Rae.
479 2029 523 2060 27,
541 2027 591 2055 sol.
609 2028 642 2054 23
660 2035 700 2061 νο,
718 2035 749 2053 no
776 2027 811 2061 ί.)

306 2152 319 2166 «
340 2139 478 2169 Urbanus
501 2138 670 2178 episcopus,
693 2147 794 2167 servus
817 2147 972 2166 servorum
987 2137 1055 2172 Dei,
1073 2137 1181 2166 dilecto
1195 2137 1274 2176 lilio,

262 2192 406 2231 magistro
423 2192 540 2231 Boqero
557 2191 592 2221 de
607 2191 792 2231 Leyceslria,
811 2190 922 2221 rectori
939 2190 1059 2220 ecclesie
1073 2189 1108 2219 de
1135 2189 1273 2225 Weresle,

262 2245 480 2275 Lincolniensis
503 2244 639 2279 diocesis,
660 2243 815 2283 capellano
839 2248 954 2278 nostro,
972 2243 1181 2279 salutem,elc.
1207 2244 1275 2274 HO-

264 2299 375 2329 nestas
391 2306 532 2332 morum,
559 2299 620 2328 ete.
644 2314 694 2327 —.
718 2297 842 2327 Datum
866 2296 1024 2332 Viterbii,
1052 2306 1088 2325 111
1114 2296 1275 2326 kalendas

260 2351 350 2390 julii,
367 2359 453 2382 anno
469 2351 589 2389 primo.
609 2361 624 2378 »

336 2539 406 2570 103

854 2537 980 2568 Viterhe,
995 2538 1028 2562 29
1041 2537 1103 2571 juin
1128 2538 1205 2563 1262.

300 2622 434 2656 Magistro
452 2621 606 2655 Reginaldo
621 2621 654 2647 de
665 2620 854 2647 Gressenhale
873 2620 1003 2655 indulget
1019 2622 1049 2647 ut
1061 2622 1174 2655 praeter
1187 2621 1280 2647 eccle-

266 2718 480 2754 Moningeham‚
502 2725 590 2752 quam
614 2717 851 2743 commendatam
882 2717 977 2750 habet,
1001 2719 1030 2743 et
1060 2717 1179 2744 unicum
1201 2717 1280 2744 aliud

266 2767 437 2795 beneficium
453 2765 684 2794 ecclesiasticum
703 2765 828 2792 retinere
839 2765 943 2792 valeat.
964 2766 1043 2800 (Bac.
1064 2765 1169 2797 -27,sol.
1186 2767 1218 2792 23
1236 2774 1278 2799 ve,

267 2825 302 2843 no
317 2818 356 2849 2.)

311 2948 327 2964 «
350 2935 502 2971 Urbanus,
520 2939 589 2971 cla„
607 2933 714 2964 dilcclo
725 2933 790 2972 filio
802 2933 948 2973 mayistro
965 2932 1132 2972 Reqinaldo
1145 2933 1182 2963 cle
1196 2932 1285 2962 Gres-
1312 2954 1313 2957 ,

1337 346 1467 381 senlmle,
1484 348 1592 376 rectori
1608 349 1726 377 ecelesia»
1747 349 1782 378 clo*
1800 349 1957 386 Finrleam,
1975 351 2175 381 warwicensis
2197 351 2339 389 diocesis,

1336 399 1475 434 salumn,
1499 406 1553 430 ele.
1588 402 1715 432 Meritis
1745 404 1920 434 laudabilis
1945 407 2207 436 conversationis
2235 425 2284 441 —,
2308 409 2343 437 ut

1337 461 1437 490 supra
1452 461 1509 491 per
1525 454 1638 484 totum.
1660 467 1673 481 »

1405 642 1472 672 104
1929 645 2050 677 Yifflrbe,
2070 647 2169 681 20juin
2193 649 2266 673 1262.

1369 739 1451 765 Petro
1469 739 1502 764 de
1519 739 1665 766 Brandone
1682 740 1810 775 indulget
1834 743 1864 767 nt
1888 744 2000 775 praeter
2021 744 2172 769 ecelesiam
2190 745 2223 771 de
2245 746 2340 780 Longa

1335 787 1481 819 Newtone‚
1513 795 1614 814 curam
1646 788 1812 815 animarum
1844 789 1996 816 habentem
2029 799 2183 823 annexam,
2218 794 2336 819 unicum

1334 835 1412 861 aliud
1428 835 1657 863 ecclesiasticum
1675 837 1844 864 beneficium
1862 838 1987 865 retinere
2004 839 2108 866 valeat.
2125 841 2207 873 (lieu.
2227 842 2270 871 27,
2289 841 2341 868 sol.

1334 884 1379 914 24,
1397 891 1428 910 nn
1449 884 1484 916 l.)

1380 998 1528 1033 Crbanus,
1551 1004 1621 1034 etan,
1648 998 1755 1028 dilecto
1779 1000 1845 1038 filio
1868 1001 1958 1030 Pelro
1983 1001 2017 1031 de
2041 1002 2214 1037 liranrlone,
2235 1005 2344 1033 rectori

1336 1051 1455 1081 ecclesie
1479 1051 1514 1081 de
1541 1051 1644 1091 Longa
1673 1052 1824 1082 Nemone.
1847 1053 2067 1083 Dulm‘lmcnsis
2098 1055 2235 1090 mmsis,
2263 1056 2344 1085 salu-

1339 1110 1407 1140 tem,
1426 1110 1480 1134 ecc.
1504 1105 1683 1135 Prohitatis
1698 1106 1752 1135 tue
1768 1115 1804 1135 ac
1817 1124 1868 1140 -‚
1888 1108 1923 1136 ut
1938 1116 2038 1145 supra
2052 1116 2111 1146 per
2130 1110 2244 1138 totum.

1405 1320 1476 1351 ⁴105
1894 1321 2017 1353 Viterbe,
2038 1323 2063 1347 ll
2084 1321 2179 1355 juillet
2199 1324 2273 1349 1262.

1372 1418 1474 1444 Jacobo
1494 1418 1527 1444 de
1546 1418 1698 1452 Hastinges
1716 1418 1843 1452 indulget
1860 1421 1889 1445 ut
1910 1421 2023 1452 praeter
2039 1419 2189 1445 ecelesiam
2208 1420 2241 1446 de
2259 1421 2344 1447 Hest-

1336 1467 1446 1498 hurste,
1456 1466 1643 1494 Cicestrensis
1652 1463 1783 1498 diocesis,
1794 1475 1894 1493 curam
1907 1467 2071 1494 animarum
2088 1468 2253 1500 habentem,
2263 1469 2344 1504 cujus

1336 1518 1491 1550 proventus
1516 1516 1643 1542 valorem
1662 1523 1791 1542 annuum
1812 1516 1845 1541 25
1870 1524 2035 1542 marcarum
2053 1516 2261 1550 sterlingorum
2287 1525 2344 1543 non

1335 1564 1485 1596 excedunt,
1511 1564 1664 1590 ecelesiam
1683 1564 1715 1590 de
1729 1564 1920 1598 Westhurste,
1934 1565 2062 1599 ejusdem
2091 1565 2224 1596 ‹iiocesis‚
2255 1573 2343 1601 quam

1335 1613 1569 1639 commendatam
1586 1613 1706 1643 obtinet,
1724 1612 1800 1639 licite
1816 1613 1941 1647 recipere
1958 1615 1984 1639 et
2000 1613 2124 1639 retinere
2141 1614 2244 1640 valeat.
2263 1615 2342 1648 (Rae.

1335 1661 1442 1695 27,f01.
1463 1662 1508 1693 24,
1529 1665 1561 1687 no
1576 1662 1614 1693 Ξ.)

1373 1796 1389 1812 «
1417 1784 1554 1814 Urbanus
1574 1784 1739 1824 episcopus,
1759 1794 1861 1814 servus
1883 1794 2033 1814 servorum
2060 1785 2127 1820 liei,
2145 1785 2251 1815 dilecto
2273 1786 2340 1825 silio

1333 1837 1445 1867 ι[αι-οὸο
1462 1837 1497 1867 de
1516 1837 1688 1876 [lastiriyes,
1707 1838 1817 1867 rectori
1837 1837 1956 1867 ecclesie
1972 1838 2007 1868 de
2031 1838 2220 1875 Hcsllzursle,
2242 1839 2342 1869 Cices-

1334 1891 1440 1919 irensis
1455 1890 1590 1925 diocesis,
1607 1890 1744 1926 salutem,
1767 1896 1821 1920 etc.
1841 1892 2033 1922 Honestatis
2049 1894 2079 1922 et
2095 1892 2233 1922 srielitie
2244 1893 2341 1923 meri-

1333 1944 1376 1974 tis
1392 1961 1441 1972 —.
1458 1944 1582 1974 Dat-um
1598 1943 1752 1979 Viterbii,
1772 1954 1788 1972 v
1805 1944 1978 1983 idusjulii,
1994 1953 2080 1974 anno
2098 1945 2216 1983 primo.
2237 1956 2252 1973 υ

1404 2161 1476 2191 106

1801 2157 2028 2188 Μοοῐεὶἰᾶεοοηο,
2041 2158 2173 2193 29]υἰΙΙυῑ
2194 2160 2270 2185 1262.

1372 2243 1508 2277 Magistro
1517 2243 1629 2277 Pagano
1638 2242 1671 2268 de
1686 2242 1827 2276 Dockinge
1841 2241 1967 2276 indulget
1977 2244 2007 2268 ut
2022 2244 2138 2275 praeter
2155 2243 2341 2269 medietatem

1336 2291 1473 2319 ecclesiae
1493 2299 1517 2318 s.
1534 2291 1613 2317 Petri
1638 2290 1672 2316 de
1695 2289 1876 2324 Wigenhalle
1894 2292 1920 2316 et
1936 2290 2052 2316 tertiam
2074 2293 2186 2324 partem
2206 2291 2343 2318 eeclesiae

1334 2341 1368 2367 de
1381 2340 1534 2374 Docliinge,
1545 2338 1736 2365 Norwicensis
1753 2338 1884 2371 diocesis,
1897 2346 1996 2364 curam
2014 2338 2179 2365 animarum
2194 2339 2343 2372 habentes,

1336 2389 1453 2416 unicum
1477 2388 1554 2414 aliud
1576 2387 1745 2413 beneficium
1768 2386 1844 2412 licite
1870 2386 1994 2420 recipere
2030 2388 2059 2412 et
2085 2387 2209 2414 retinere
2240 2388 2343 2414 valeat.

1337 2438 1416 2469 (nm.
1434 2437 1478 2469 27,
1496 2436 1546 2463 fol.
1563 2437 1607 2467 24,
1623 2440 1655 2462 n⁰
1676 2436 1713 2465 3.)

1378 2583 1393 2598 «
1416 2571 1423 2589 ¹
1443 2570 1594 2605 Urbanus,
1611 2575 1680 2604 ele„
1697 2569 1802 2599 dilecto
1821 2568 1886 2608 filio
1903 2570 2048 2608 maqisero
2072 2569 2198 2607 Puqano
2218 2569 2252 2599 de
2268 2569 2344 2599 Doc-

1307 2652 1309 2659 ⁴
1338 2624 1438 2663 lunge,
1466 2623 1576 2653 rectori
1601 2622 1767 2652 medietatis
1804 2621 1922 2651 ecclesie
1947 2632 1970 2651 s.
1996 2622 2082 2651 Petri
2109 2623 2144 2651 ile
2175 2621 2348 2661 Il'iyenliale

265 2671 340 2698 siam
356 2671 390 2696 de
409 2669 549 2696 Fincham
569 2677 669 2695 curam
690 2669 858 2695 animarum
874 2669 1040 2699 habentem,
1066 2669 1219 2695 ecclesiam
1245 2669 1278 2695 de
1308 2673 1309 2677 ¹

1338 2676 1462 2705 salutem
1477 2681 1504 2705 et
1521 2675 1717 2714 apostolicam
1736 2674 1982 2703 benecliclioncm.
1996 2676 2079 2704 Cum
2096 2674 2148 2704 vir
2163 2674 2283 2704 dicaris
2297 2691 2346 2703 —.

1340 2730 1463 2759 Datum
1487 2728 1574 2767 apud
1599 2727 1934 2762 Montemssasconeui,
1953 2736 2001 2756 1111
2018 2726 2178 2756 kalendas
2203 2727 2348 2765 augusti,

1310 2794 1312 2814 t
1341 2791 1426 2813 anno
1443 2782 1564 2821 primo.
1585 2792 1600 2808 »

1376 2901 1399 2924 1.
1414 2901 1453 2924 La
1466 2901 1543 2925 lettre
1560 2902 1601 2924 est
1614 2899 1710 2923 barree
1725 2901 1751 2922 et
1764 2899 1818 2922 l'on
1836 2905 1851 2922 a
1865 2898 1932 2922 ecrit
1949 2905 1982 2922 en
2005 2905 2110 2929 mai-ge:
2129 2908 2139 2919 (ι
2158 2899 2279 2922 Cori-ecla
2295 2899 2349 2929 suit

1346 2942 1484 2972 postquam
1499 2941 1552 2971 fuit
1567 2939 1667 2963 bullata
1685 2941 1707 2962 cl
1723 2939 1819 2969 scripta
1838 2938 1914 2962 alibi.
1936 2946 1948 2959 »
