2547 3289
223 193 278 222 196

223 274 458 311 t'avore,‹1ue1n
478 271 675 309 impendunt
691 270 875 303 ManfredQ
894 270 1062 308 quondam
1081 269 1225 307 principi

221 326 412 359 Tarentino,
441 324 646 362 persecutori
675 323 815 352 ecclesie
844 322 1037 357 manifesto,
1062 322 1227 351 desistere

221 388 256 408 ac
270 378 308 407 ad
333 378 524 406 mandatum
546 379 577 405 et
594 376 805 405 devotionem
827 375 968 404 ecclesie
988 374 1163 404 humiliter
1178 383 1226 403 re-

220 431 470 460 di1·e‹·111·ar‹··nt,
487 431 600 467 aperte
616 428 825 466 predicentes
843 428 969 457 eisdem
986 428 1086 465 quod,
1105 427 1133 456 si
1153 435 1226 456 nos-

219 484 281 514 tris
299 492 399 520 super
416 483 475 511 hoc
490 491 553 511 non
571 481 823 519 acquiescerent
840 480 979 510 monitis
996 483 1027 510 et
1047 480 1225 519 preceptis.

220 545 280 565 nos
298 536 335 564 ad
358 535 546 564 laciendum
563 535 721 564 arrestari
738 533 824 563 bona
842 534 1006 572 ipsorum,
1025 533 1227 571 ubicumque

219 589 460 623 invenirentur,
479 590 509 617 et
537 587 621 617 alias
640 587 741 616 etiam
761 588 876 617 contra
896 587 989 625 ipsos
1009 588 1041 617 et
1056 587 1227 616 civitatem

219 642 403 680 predictam
420 640 644 679 spiritualiter
668 643 699 670 et
722 641 966 679 temporaliter,
987 641 1085 678 prout
1102 640 1228 670 videre-

219 703 294 724 mus
312 694 507 732 expediens,
525 693 704 731 procedere
722 702 927 723 curaremus.
946 694 1009 723 Sed
1023 693 1102 731 quia
1118 693 1227 723 eidem

217 747 307 777 cives
334 747 533 780 Florentini,
565 746 758 785 hujusmodi
786 746 914 777 nostris
939 746 1078 776 monitis
1099 748 1131 776 et
1155 754 1228 784 pre—

217 800 322 839 ceptis
344 801 480 830 omnino
495 799 707 838 contemptis,
720 800 841 829 nedum
855 799 943 829 infra
959 799 1147 838 predictum
1164 801 1227 829 ter-

218 854 347 884 minum
379 854 488 883 redire
520 853 561 883 ad
588 853 779 883 mandatum
800 853 941 883 ecclesie
967 862 1033 882 non
1055 853 1226 887 curarunt,

218 907 277 938 sed
295 907 407 937 nullos
425 907 526 937 etiam
545 908 680 945 propter
697 907 757 936 hoc
776 907 914 936 nuntios
931 906 971 936 ad
992 908 1144 936 nostram
1158 914 1228 944 pre—

219 960 363 990 sentiam
391 960 640 995 trasmiserunt‚
657 968 729 996 nos,
748 959 826 990 licet
846 959 886 989 de
903 959 977 997 jure
996 959 1229 998 potuissemus

217 1014 298 1044 tunc
323 1013 503 1051 procedere
535 1014 651 1043 contra
671 1013 776 1051 ipsos,
800 1014 947 1042 volentes
978 1014 1091 1043 tamen
1122 1012 1229 1042 adhuc

218 1066 399 1105 benignius
418 1068 449 1096 et
466 1066 666 1096 clementius
686 1075 783 1105 agere
805 1074 882 1096 cum
906 1066 1046 1101 eisdem,
1064 1074 1228 1096 memora-

218 1121 272 1150 tos
300 1119 390 1150 cives
422 1119 648 1155 Florentinos,
672 1119 705 1149 in
734 1119 884 1158 predicto
908 1120 992 1149 festo
1009 1118 1229 1149 Ascensionis

218 1173 406 1207 Dominice,
428 1174 582 1211 presente
601 1174 680 1203 tunc
702 1173 853 1203 fidelium
879 1172 1096 1203 multitudine
1121 1172 1231 1210 copio-

219 1234 268 1261 sa,
284 1226 404 1256 iterato
424 1227 618 1256 monuimus
641 1226 758 1264 eisque
778 1226 930 1256 districte
954 1226 1168 1264 precepimus
1194 1227 1227 1255 ut

219 1287 326 1318 usque
344 1280 384 1309 ad
402 1280 523 1309 testum
539 1279 712 1309 beatorum
730 1279 961 1318 apostolorum
978 1279 1067 1309 Petri
1086 1280 1115 1308 et
1131 1278 1228 1308 Pauli

219 1333 375 1371 proximo
394 1333 605 1371 preteritum,
634 1333 721 1371 quod
751 1341 810 1370 pro
833 1333 1058 1370 peremptorio
1078 1332 1128 1361 eis
1146 1331 1229 1361 assi-

218 1387 396 1424 gnavimus
413 1386 569 1422 termino,
587 1385 628 1415 ab
646 1386 736 1415 omni
756 1386 907 1424 ejusdem
927 1385 1094 1415 Mant'redi
1115 1385 1227 1414 favore

218 1439 432 1475 desisterent,
450 1441 481 1469 et
499 1439 674 1469 humiliter
691 1439 730 1468 ad
748 1439 944 1468 mandatum
963 1440 994 1468 et
1014 1438 1228 1468 devotionem

217 1492 358 1522 ecclesie
384 1492 532 1531 predicte
551 1492 711 1526 redirent,
740 1492 882 1522 tirmiter
909 1492 1048 1530 insuper
1064 1491 1114 1521 eis
1131 1491 1226 1520 duxi-

217 1554 293 1575 mus
312 1545 530 1575 inhibendum
551 1554 591 1575 ne
608 1547 723 1575 contra
740 1545 910 1576 civitatem
935 1546 1117 1580 Lucanam,
1136 1544 1228 1574 sedis

217 1599 400 1637 apostolice
421 1599 690 1635 devotissimam,
708 1599 894 1628 exercitum
911 1606 1113 1637 congregare
1130 1599 1162 1628 et
1175 1598 1229 1627 ad-

216 1660 335 1682 versus
350 1652 444 1682 illam
462 1653 576 1691 eJ'usve
591 1652 800 1682 territorium
818 1652 888 1682 sive
913 1652 1106 1682 districtum
1124 1651 1229 1681 hosti—

217 1705 294 1735 liter
314 1706 492 1744 procedere
516 1705 770 1744 quomodolibet
798 1706 1049 1744 attemptarent.
1076 1704 1229 1734 Predixi-

217 1767 292 1788 mus
323 1767 455 1798 quoque
482 1758 568 1797 ipsis
592 1759 691 1797 quod,
718 1759 784 1788 nisi
813 1758 854 1788 ab
884 1758 1035 1797 ejusdem
1061 1758 1227 1788 Manfredi

217 1811 330 1842 favore
347 1812 549 1843 desisterent
567 1814 599 1842 et
626 1812 774 1843 redirent
797 1812 839 1842 ad
857 1812 1054 1841 mandatum
1073 1811 1227 1847 ecclesie,

218 1864 305 1895 infra
318 1866 500 1895 terminum
517 1865 761 1904 supradictum,
782 1865 834 1895 vel
859 1866 886 1895 si
903 1866 1018 1895 contra
1034 1864 1228 1903 hujusmodi

218 1917 454 1948 inhibitionem
470 1920 619 1948 nostram
642 1918 751 1948 facere
771 1918 824 1947 vel
849 1919 963 1948 venire
982 1919 1227 1956 presumerent,

218 1977 279 1999 nos
304 1970 342 1999 ad
373 1970 562 1999 faciendum
582 1970 653 2008 capi
684 1978 857 2008 personas,
884 1972 915 2000 et
942 1969 1029 1999 bona
1062 1969 1227 2007 ipsorum,

217 2021 419 2061 ubicumque
433 2023 676 2058 invenirentur,
688 2024 720 2052 et
734 2023 818 2052 alias
837 2023 937 2052 etiam
957 2024 1072 2052 contra
1089 2022 1182 2060 ipsos
1198 2023 1230 2052 et

217 2075 387 2106 civitatem
405 2076 555 2114 ipsorum
574 2076 692 2105 durius
712 2078 743 2105 et
770 2076 925 2114 asperius
950 2075 1176 2114 spiritualiter
1197 2076 1229 2105 et

217 2129 458 2167 temporaliter,
493 2131 592 2168 prout
612 2129 804 2159 videremus
830 2129 1026 2167 expediens,
1049 2129 1228 2167 procedere

218 2190 424 2212 curaremus.
456 2183 572 2213 Eidem
608 2191 686 2212 vero
718 2183 808 2212 cives
839 2182 1038 2217 Florentini,
1065 2182 1228 2221 patientia

218 2243 319 2274 quam
349 2235 534 2274 apostolica
564 2235 662 2265 sedes
688 2235 850 2266 hactenus
873 2235 988 2265 habuit
1008 2235 1095 2265 circa
1122 2235 1226 2273 ipsos,

218 2288 372 2327 nequiter
392 2288 580 2325 abutentes,
601 2288 726 2327 spretis
745 2289 872 2319 nostris
891 2288 1029 2318 monitis
1046 2290 1077 2318 et
1095 2296 1229 2326 precep-

217 2342 273 2378 tis,
291 2341 378 2371 int'ra
394 2342 587 2380 hujusmodi
602 2342 800 2377 terminum,
820 2341 860 2371 ab
877 2341 985 2380 ipsius
1002 2341 1167 2371 Manfrcdi
1185 2342 1229 2371 fa-

218 2403 296 2425 vore
312 2395 475 2425 desistere
495 2404 531 2425 ac
555 2395 664 2425 redire
682 2395 722 2424 ad
741 2395 937 2425 mandatum
961 2397 993 2425 et
1014 2395 1228 2425 devotionem

218 2447 359 2478 ecclesie
375 2456 439 2477 non
456 2451 624 2483 curarunt,
651 2448 840 2486 quinimmo
859 2450 973 2478 contra
992 2447 1229 2478 inhibitionem

219 2502 369 2531 nostram
386 2502 511 2531 temere
531 2501 705 2537 veniendo,
727 2501 892 2531 adversus
911 2501 1093 2539 predictam
1113 2501 1229 2531 civita-
1260 2521 1262 2531 1

218 2554 286 2583 tem
304 2554 472 2584 Lucanam
489 2554 639 2584 exercitu
656 2556 867 2593 congregato,
894 2562 961 2584 una
977 2563 1053 2584 cum
1071 2554 1229 2584 maledic-

218 2606 322 2636 tionis
340 2607 420 2637 tiliis
436 2607 571 2637 Pisanis
587 2607 717 2637 civibus
736 2607 940 2646 perfidisque
968 2607 1176 2637 Senensibus
1193 2616 1230 2637 ac

219 2660 386 2697 protervis
398 2660 676 2696 Pistoriensibns,
691 2661 769 2690 aliis
781 2669 897 2690 eorum
910 2660 1145 2699 complicibus,
1156 2660 1230 2690 hos-

220 2711 325 2741 tiliter
345 2714 522 2750 procedere
550 2715 842 2752 presumpserunt,
869 2713 942 2752 ejus
972 2714 1179 2744 territorium
1199 2715 1229 2743 et

220 2765 410 2795 districtum
437 2767 523 2803 ignis
552 2767 706 2797 incendio
725 2769 757 2797 et
784 2766 863 2796 aliis
885 2767 1031 2796 diversis
1047 2767 1229 2805 depopula-

219 2817 349 2848 tionum
376 2819 554 2857 generibus
582 2819 801 2855 devastando,
836 2819 868 2849 in
898 2820 1011 2849 divine
1040 2820 1230 2858 majestatis

219 2871 380 2902 offensam
400 2880 436 2901 ac
455 2874 602 2902 nostram
622 2876 652 2902 ct
674 2873 761 2903 dicte
778 2873 868 2903 sedis
891 2873 1050 2911 injuriam
1070 2873 1229 2904 manifes-

1260 2865 1263 2887 1

992 187 1166 217 {EGISTR
1173 187 1221 216 Es
1243 186 1457 217 D’URRAIN
1482 186 1539 216 IV.

1288 270 1368 298 tam.
1394 268 1539 306 Propter
1557 267 1657 306 quod,
1681 276 1753 302 nos,
1777 267 1817 296 ad
1837 276 1922 306 quos
1947 268 2139 306 specialiter
2157 268 2303 306 pertinet

1289 323 1356 351 tam
1376 321 1490 359 pravis
1514 323 1649 359 tamque
1676 321 1848 359 perversis
1875 321 2058 350 eorundem
2092 321 2302 351 Florentino-

1289 383 1363 405 rum
1384 374 1507 404 civium
1532 373 1684 409 ausibus,
1705 373 1829 412 quibus
1851 382 2034 412 possumus
2054 374 2224 411 remediis,
2246 373 2301 404 ob-

1289 428 1392 463 viare,
1416 427 1570 457 nolentes
1602 427 1746 456 ulterius
1777 435 1892 456 eorum
1925 426 2165 464 iniquitatibus
2194 426 2302 456 indul-

1289 489 1377 519 gere.
1410 479 1579 519 predictos
1617 479 1707 509 cives
1746 479 1973 514 Florentinos,
2011 481 2148 517 propter
2184 487 2301 508 eorum

1290 533 1483 571 hujusmodi
1504 534 1798 570 presumptuosam
1815 531 2061 561 mntmnaciam
2081 533 2111 561 et
2132 533 2303 561 conturna-

1289 595 1360 616 cem
1377 585 1679 624 presumptionem,
1699 584 2038 619 excomunicationis,
2058 587 2087 613 et
2110 584 2303 614 anathema-

1289 639 1333 669 tis
1350 639 1484 669 vinculo
1502 639 1663 668 duximus
1685 638 1906 673 innodandos,
1925 638 2097 667 universis
2110 640 2141 667 et
2157 637 2302 676 singulis

1290 692 1472 722 eorundem
1493 691 1769 722 Florentinorum
1795 691 1919 720 civium
1952 690 2163 721 debitoribus
2190 692 2222 720 et
2238 699 2305 720 om-

1290 745 1391 776 nibus
1416 746 1455 775 de
1485 745 1584 775 bonis
1609 745 1762 783 ipsorum
1789 743 2004 780 habentibus,
2022 744 2256 782 undecumque
2273 745 2306 774 et

1289 799 1533 837 cujuscumque
1552 800 1674 833 status,
1700 798 1917 834 conditionis,
1936 800 1966 827 et
1985 797 2161 836 dignitatis
2183 797 2303 833 forent,

1290 854 1421 883 astante
1438 853 1529 883 fideli
1553 852 1689 891 popu10,
1716 853 1755 882 de
1776 852 1918 882 fratrum
1938 853 2129 882 nostrorum
2149 850 2304 887 consilio,

1291 906 1490 936 auctoritate
1525 905 1728 944 apostolica,
1761 907 1824 935 sub
1856 913 1942 944 pena
1979 903 2306 934 excommucationis

1291 959 1479 989 districtius
1500 959 1690 989 inhibentes
1705 967 1745 989 ne
1762 959 1848 997 ipsis
1867 957 1999 988 civibus
2017 957 2227 988 Florentinis
2247 957 2304 987 ali-

1291 1022 1356 1052 qua
1373 1013 1412 1042 de
1428 1012 1552 1043 debitis
1569 1014 1601 1042 et
1620 1012 1717 1042 bonis
1735 1012 1929 1051 hujusmodi
1950 1012 1983 1041 in
1997 1013 2091 1050 parte
2112 1011 2163 1041 vel
2185 1012 2217 1040 in
2235 1012 2304 1041 toto

1291 1066 1520 1102 restituerent,
1538 1066 1611 1095 sine
1626 1065 1784 1095 mandato
1804 1068 1919 1095 nostro
1938 1065 1989 1095 vel
2008 1065 2145 1094 licentia
2163 1064 2304 1102 speciali

1291 1119 1433 1149 faciente
1456 1119 1589 1157 plenam
1621 1121 1651 1148 et
1673 1127 1870 1157 expressam
1896 1118 1935 1148 de
1965 1117 2165 1147 inhibitione
2188 1117 2304 1155 hujus·

1290 1172 1381 1203 modi
1397 1173 1614 1207 mentionem,
1640 1172 1699 1201 sed
1718 1172 1777 1201 illa
1802 1174 1976 1210 tamquam
1993 1173 2158 1201 arrestata
2175 1170 2306 1200 tamdiu

1291 1226 1441 1256 detinere
1457 1227 1625 1262 curarent,
1645 1225 1750 1254 donec
1767 1225 1817 1254 eis
1844 1232 1946 1262 super
1969 1224 2165 1262 hujusmodi
2183 1223 2307 1253 debitis

1290 1280 1321 1309 et
1339 1278 1437 1308 bonis
1454 1279 1654 1308 duceremus
1670 1278 1762 1307 aliud
1783 1278 2039 1316 injungendum,
2057 1285 2123 1307 non
2143 1276 2307 1307 obstanti·

1290 1332 1354 1362 bus
1368 1331 1540 1370 aliquibus
1561 1331 1684 1361 litteris
1705 1330 1902 1369 apostolicis
1925 1339 2027 1369 super
2052 1330 2102 1360 eis
2116 1330 2180 1360 lem
2207 1330 2306 1360 bonis

1291 1387 1322 1415 et
1341 1384 1466 1414 debitis
1484 1385 1525 1414 ad
1553 1393 1784 1423 quoscumque
1809 1384 1942 1422 judices
1971 1383 2162 1421 impetratis
2196 1383 2248 1413 vel
2272 1383 2307 1413 in

1290 1440 1465 1476 posterum
1485 1437 1720 1476 impetrandis,
1740 1437 1807 1466 nisi
1827 1437 1860 1466 in
1878 1437 2006 1466 eisdem
2027 1436 2250 1475 impetrandis
2266 1436 2307 1466 de

1289 1491 1349 1521 hac
1376 1490 1578 1520 inhibitione
1604 1490 1703 1528 plena
1732 1492 1764 1520 et
1787 1498 1951 1528 expressa
1974 1490 2100 1519 mentio
2130 1489 2305 1519 habeatur.

1290 1544 1469 1574 Manifeste
1488 1544 1627 1582 insuper
1655 1543 1871 1582 prediximus
1890 1545 1920 1573 et
1944 1545 2058 1581 aperte
2076 1542 2308 1580 pronuntiavi-

1290 1606 1366 1628 mus
1384 1597 1484 1636 quod,
1502 1597 1569 1626 nisi
1586 1596 1664 1626 dicti
1683 1596 1774 1626 cives
1791 1596 1979 1626 Florentini
1995 1604 2102 1634 usque
2122 1596 2161 1625 ad
2181 1596 2305 1625 festum

1290 1649 1651 1689 Assumptionisheate
1662 1649 1814 1688 Virginis
1828 1649 1983 1687 proximo
1995 1649 2308 1688 preteritum‚quod

1290 1713 1350 1742 pro
1380 1703 1608 1742 peremptorio
1634 1703 1683 1732 eis
1720 1702 1921 1740 pretiximus
1952 1702 2109 1738 termino,
2141 1701 2182 1732 ab
2213 1702 2304 1732 omni

1291 1765 1432 1796 prorsus
1458 1756 1610 1795 eiusdem
1638 1756 1805 1786 Mant‘redi
1834 1755 1947 1785 favore
1975 1755 2179 1785 desisterent
2207 1757 2239 1785 et
2265 1754 2307 1785 ad

1291 1810 1487 1840 mandatum
1506 1809 1648 1839 ecclesie
1668 1809 1844 1839 humiliter
1865 1810 1896 1838 et
1920 1809 2038 1839 devote
2058 1809 2220 1843 redirent,
2246 1816 2308 1838 nos

1292 1863 1530 1893 mandaremus
1547 1864 1669 1892 extunc
1688 1862 1941 1892 venerabililms
1958 1861 2121 1892 fratribus
2136 1861 2308 1891 universis

1291 1916 1505 1955 patriarchis,
1541 1916 1805 1955 archiepiscopis
1838 1918 1868 1945 et
1903 1915 2086 1954 episcopis,
2118 1915 2307 1954 ceterisque

1291 1970 1511 2000 ecclesiarum
1534 1969 1687 2008 prelatis.
1709 1978 1836 1998 necnon
1855 1968 2079 2007 principibus,
2106 1968 2307 1998 marchioni-

1290 2023 1364 2057 bus,
1388 2022 1571 2053 comitibus
1593 2025 1622 2052 et
1648 2022 1832 2052 baronibus
1853 2031 1889 2051 ac
1914 2021 2150 2059 potestatibus,
2181 2022 2307 2060 capita-

1291 2077 1376 2108 neis,
1397 2075 1609 2106 consulibus.
1631 2075 1784 2104 consiliis
1808 2079 1836 2105 et
1866 2074 2168 2105 communitatibus
2188 2075 2306 2105 civita—

1291 2132 1373 2166 tum,
1397 2131 1584 2159 castrorum
1606 2128 1818 2167 aliorumque
1838 2128 1999 2163 locorum,
2020 2127 2162 2157 ubilibet
2181 2128 2305 2158 consti-

1290 2183 1385 2216 tutis,
1406 2184 1440 2212 ut
1465 2190 1628 2220 personas
1651 2181 1847 2211 eorumdem
1876 2181 2144 2211 Florentinorem
2165 2181 2303 2218 civium,

1291 2244 1433 2273 quarum
1470 2235 1730 2265 arrestationem
1765 2234 1950 2272 apostolica
1983 2236 2061 2264 tunc
2095 2234 2306 2273 benignitate

1291 2288 1545 2326 suspendimus,
1557 2296 1683 2317 necnon
1699 2289 1728 2317 et
1748 2287 1835 2317 bona
1851 2288 2014 2325 ipsorum,
2028 2288 2059 2317 in
2074 2287 2176 2317 terris
2189 2295 2307 2317 eorum

1291 2341 1441 2371 dominio
1455 2343 1487 2371 et
1499 2341 1730 2379 jurisdictioni
1746 2340 1920 2378 subjectis,
1936 2340 2131 2375 existentia,
2148 2341 2305 2379 caperent

1291 2404 1327 2424 ac
1345 2395 1545 2428 detinerent,
1564 2394 1667 2424 donec
1685 2394 1735 2424 eis
1748 2394 1948 2424 duceremus
1961 2402 2062 2432 super
2078 2394 2139 2424 hoc
2151 2396 2307 2424 nostrum

1291 2447 1539 2486 beneplacitum
1559 2447 1797 2482 intimandum,
1817 2449 1846 2477 et
1873 2447 2115 2477 nichilominus
2138 2448 2208 2477 tam
2233 2455 2306 2485 per-

1292 2509 1392 2530 sonas
1411 2510 1512 2540 quam
1531 2500 1619 2530 bona
1632 2500 1825 2539 hujusmodi
1846 2509 2095 2538 exponeremus
2116 2499 2221 2530 libere
2234 2502 2306 2530 tam

1292 2553 1377 2591 ipsis
1395 2563 1495 2592 quam
1508 2554 1630 2584 ceteris
1654 2553 1812 2584 fidelibus
1829 2553 2032 2593 occupanda,
2050 2555 2079 2583 et
2098 2553 2184 2583 alias
2202 2553 2305 2583 etiam

1261 2634 1262 2641 ,
1292 2607 1331 2637 ad
1348 2607 1496 2641 duriora,
1519 2607 1673 2646 graviora
1694 2608 1726 2637 et
1741 2607 1915 2645 asperiora
1933 2608 2047 2636 contra
2067 2606 2160 2645 ipsos
2175 2608 2204 2636 et
2226 2605 2305 2635 civi-

1291 2663 1394 2690 tatem
1411 2670 1526 2690 eorum
1544 2660 1770 2699 spiritualiter
1787 2662 1817 2690 et
1838 2660 2082 2698 temporaliter,
2106 2662 2202 2697 prout
2217 2659 2306 2696 ipso-

1292 2723 1365 2744 rum
1384 2715 1551 2752 protervia
1569 2714 1718 2752 exigeret
1735 2715 1765 2743 et
1784 2713 1968 2751 expediens
1985 2713 2190 2748 videremus,
2208 2719 2303 2742 cons·

1291 2769 1412 2798 tantcr.
1433 2769 1569 2797 auctore
1590 2767 1747 2800 Domino,
1766 2766 1946 2804 procedere
1964 2774 2172 2796 curaremus.

1331 2820 1416 2850 Sane
1431 2820 1554 2850 Gianni
1570 2819 1763 2857 Bonaguide
1780 2819 1891 2850 Bardi.
1905 2819 1990 2849 civis
2005 2820 2037 2849 et
2052 2820 2218 2849 mercator
2233 2818 2308 2848 Flo·

1292 2874 1459 2909 reclinus,
1488 2873 1621 2911 reprobi
1650 2881 1772 2903 sensus
1800 2872 1980 2911 dampnata
2008 2871 2118 2902 studia
2144 2871 2309 2910 predicto-
