2547 3289
1044 212 1284 250 TROISIEME
1312 213 1476 251 ANNEE.

213 298 406 338 hujusmodi
419 300 512 338 pacis
528 301 559 330 et
574 299 748 329 concordie
763 299 1002 329 reformatione
1016 300 1222 337 mandatum,

212 351 336 390 quihus
353 354 462 382 vestre
479 361 581 390 super
596 352 657 382 1100
672 352 870 382 intentionis
882 352 1097 391 propositum
1114 354 1223 392 expri—

212 405 352 434 meretis
376 405 534 439 finaliter,
560 406 599 435 ad
630 407 780 435 nostram
802 407 1007 444 presentiam
1031 406 1222 442 mitteretis,

211 458 252 487 ad
270 458 597 488 consummationem
615 457 695 487 dicti
710 457 835 496 negotii
852 458 1072 488 ell'ectualiter
1091 468 1222 497 proces-

211 519 322 540 suros.
352 510 571 540 Prediximus
595 519 728 549 quoque
754 510 849 540 vobis
867 511 955 549 quod
976 520 1038 540 nos
1061 536 1065 541 .
1084 535 1090 541 .
1114 514 1224 549 potes-

210 563 283 598 tati,
305 587 328 593 ..
350 563 537 601 capitaneo,
553 563 712 599 antianis,
733 563 875 592 consilio
892 566 923 593 et
941 564 1111 593 communi
1129 564 1224 593 Pisa-

210 616 264 646 nis
293 616 488 646 mandatum
517 615 629 645 simile
656 616 855 646 feceramus.
877 616 945 645 Vos
966 618 1089 652 autem,
1108 616 1223 655 hujus-

211 668 301 698 modi
316 669 443 698 nostris
460 669 606 706 receptis
620 668 757 704 litteris,
775 669 924 706 ydoneos
942 669 1114 707 syndicos‚
1126 669 1224 707 juxta

210 721 406 750 mandatum
425 724 590 755 nostrum,
610 729 687 750 00111
707 721 863 751 mandato
884 721 1048 759 plenario,
1062 725 1221 760 tanquam

210 773 399 803 devotionis
411 774 484 809 tilii,
496 774 585 803 int‘ra
597 774 791 812 hujusmodi
803 775 997 809 terminum,
1010 775 1223 809 destinastis,

209 834 312 864 super
329 835 394 864 quo
411 828 521 855 vestre
540 825 729 855 obedientie
741 827 1046 864 promptitudinem
1061 828 1173 865 dignis
1191 828 1223 857 in
1253 834 1255 837 ’

208 878 354 909 Domino
387 878 544 907 laudibus
579 878 800 908 attollendam
840 879 909 908 t'ore
944 880 1156 909 decrevimus
1193 882 1224 910 et

209 931 385 969 condignis
412 931 598 969 gratiarum
630 931 820 960 actionibus
846 933 1129 970 prosequendam.
1147 933 1222 969 Sed,

209 983 287 1022 quia
308 984 424 1014 nullus
445 993 485 1014 ex
514 986 608 1022 parte
627 984 776 1013 civitatis
799 984 921 1014 Pisane
941 986 1129 1023 comparuit
1146 994 1223 1023 svn-

207 1037 303 1067 dicus
331 1045 391 1067 seu
422 1037 522 1067 etiam
545 1039 753 1075 procurator,
774 1045 846 1073 nos,
870 1040 1006 1075 propter
1035 1038 1224 1068 communis

208 1090 323 1120 Pisani
351 1090 610 1126 contumaciam,
631 1090 785 1120 nolentes
812 1098 830 1120 a
850 1090 935 1120 tanti
960 1090 1040 1120 00111
1068 1099 1226 1129 prosecu-

207 1143 298 1173 tione
324 1143 501 1179 desistere,
532 1143 695 1181 predictis
721 1143 869 1173 antianis
897 1143 1018 1173 iterato
1051 1152 1110 1182 per
1139 1144 1224 1174 alias

208 1197 343 1226 nostras
362 1196 571 1233 injungimus
592 1196 723 1226 litteras
743 1198 789 1231 ut,
814 1196 903 1226 infra
921 1197 1125 1227 dominicam
1145 1197 1224 1235 Sep-

209 1249 398 1288 tuagesime
424 1249 581 1288 proximo
607 1251 796 1283 venturam,
825 1250 1032 1288 sollempnes
1053 1250 1224 1280 ambassa-

209 1304 300 1333 tores
322 1311 381 1332 seu
405 1302 565 1341 syndicos
582 1302 745 1332 hahentes
764 1302 804 1332 ab
825 1303 874 1332 eis
894 1304 925 1332 et
944 1303 984 1332 ab
1003 1312 1118 1332 eorum
1138 1312 1225 1333 com-

210 1356 317 1388 muni,
338 1357 370 1385 et
391 1364 450 1393 per
472 1356 688 1394 rescriptum,
712 1358 743 1385 et
768 1357 925 1386 oretenus
949 1356 1063 1391 etiam,
1087 1357 1223 1395 plenum

214 1408 455 1447 sufficiensque
473 1409 682 1444 mandatum,
704 1409 744 1438 ad
762 1409 1044 1448 compositionem
1062 1412 1093 1440 et
1110 1418 1225 1448 pacem

212 1462 405 1500 hujusmodi
418 1461 711 1500 vohiscum,juxta
722 1464 876 1492 nostrum
889 1462 1081 1496 arbitrium,
1094 1463 1226 1493 favente

209 1515 367 1550 Domino,
400 1515 599 1549 taciendam,
623 1517 654 1545 et
671 1515 711 1545 ad
730 1517 846 1545 nostra
863 1524 965 1554 super
989 1515 1049 1545 hoc
1068 1517 1227 1546 mandata

212 1567 393 1598 efficaciter
419 1568 646 1606 adimplenda,
674 1568 806 1598 sublata
836 1568 987 1607 qualibet
1014 1569 1224 1599 difficultate.

214 1621 457 1651 transmittant.
479 1622 562 1651 Cum
588 1621 692 1660 igitur
710 1622 881 1660 predictos
899 1623 1058 1659 syndicos
1082 1624 1224 1658 vestros,

213 1683 253 1704 ne
273 1675 424 1712 ipsorum
444 1674 531 1712 apud
553 1675 736 1712 predictam
764 1675 878 1705 sedem
905 1684 999 1705 mora
1023 1675 1158 1705 interim
1178 1676 1227 1705 eis

213 1728 247 1757 in
262 1728 390 1757 tedium
406 1729 603 1763 verteretur,
622 1728 662 1757 ad
679 1728 816 1766 propria
831 1728 880 1757 eis
895 1729 935 1757 ad
949 1728 1008 1758 hoc
1022 1728 1227 1758 instantibus

212 1780 702 1811 remittamus,universitatem
711 1783 858 1811 vestram
870 1790 1058 1817 monemus,
1070 1791 1228 1817 rogamus

213 1836 245 1863 et
270 1833 445 1863 hortamur
473 1835 610 1868 attente,
630 1834 830 1864 mandantes
851 1835 1023 1872 quatinus,
1045 1835 1132 1864 intra
1156 1844 1227 1873 pre-

213 1886 337 1915 dictam
364 1886 569 1915 dominicam
600 1886 855 1925 Septuagesine,
887 1887 980 1925 ipsos
1011 1888 1148 1917 eosdem
1176 1888 1227 1917 vel

214 1939 299 1969 alios
321 1939 472 1977 ydoneos
491 1939 662 1977 syndicOS,
681 1948 756 1969 cum
779 1940 935 1969 mandato
957 1940 1074 1976 simili,
1093 1941 1133 1970 ad
1153 1949 1228 1970 nos-

213 1993 299 2022 tram
326 1993 533 2030 presentiam
553 1992 744 2028 destinetis,
771 1993 817 2022 ita
842 1993 931 2031 quod
954 1994 1085 2023 tantum
1102 1993 1227 2023 bonum

213 2054 388 2075 remanere
405 2054 464 2084 per
481 2054 540 2075 vos
559 2045 718 2084 nullaque
738 2046 951 2076 difficultatis
976 2055 1035 2076 seu
1053 2047 1228 2077 dilationis

215 2099 395 2137 dispendia
412 2099 561 2141 recipere
580 2099 746 2134 videatur,
771 2108 897 2138 nosque
917 2101 1091 2138 expertam
1107 2102 1139 2130 et
1154 2109 1228 2138 pro-

213 2151 325 2181 batam
337 2152 527 2182 devotionis
542 2154 652 2182 vestre
664 2153 889 2182 constantiam
903 2153 1080 2191 condignis
1091 2153 1227 2183 laudum

215 2205 383 2243 preconiis
415 2204 606 2234 efferamus.
644 2205 768 2234 Datum
809 2206 896 2243 apud
937 2205 1226 2237 Urbemveterem.

215 2267 270 2287 xvx
289 2257 452 2287 kalendas
470 2257 643 2293 februarii,
661 2266 747 2287 anno
763 2259 831 2288 [110.
851 2268 865 2287 n

308 2442 380 2473 746

761 2442 885 2472 Orvieto,
902 2442 1060 2477 17janvie1·
1078 2444 1155 2470 1203.

253 2526 290 2552 De
306 2532 374 2560 pace
391 2525 466 2551 inter
485 2524 603 2551 Pisanos
621 2528 649 2551 et
664 2525 792 2552 Lucanos
807 2526 1001 2554 reformanda.
1019 2527 1098 2560 (Rae.
1117 2527 1161 2557 28,
1180 2527 1229 2554 fol.

219 2574 250 2600 87
271 2577 313 2606 νο,
328 2583 378 2601 cur
403 2582 470 2601 ann.
486 2573 533 2604 Ill,
549 2578 581 2599 11⁰
599 2574 657 2607 32.)

259 2692 274 2710 «
302 2681 445 2712 Antiam's
476 2682 609 2711 civitatis
636 2681 745 2711 Pisane
770 2683 912 2721 spiritum
940 2683 1059 2713 consilii
1089 2686 1231 2715 sanioris.

220 2736 313 2766 Licet
340 2744 399 2774 pro
424 2743 504 2773 pace
530 2735 617 2765 inter
644 2735 802 2765 Pisanam
825 2737 857 2766 et
876 2737 1047 2766 Lucanam
1064 2738 1229 2776 civitates,

222 2790 357 2819 auctore
373 2788 530 2822 Domino,
549 2788 771 2823 reformanda,
793 2797 872 2827 sepe
895 2789 1011 2828 sepius
1028 2790 1233 2821 laboraveri-

222 2849 309 2875 mus,
330 2850 367 2870 ac
390 2843 465 2879 post
484 2849 543 2871 vos
562 2842 593 2871 et
612 2841 742 2871 nuntiis
760 2843 792 2871 et
811 2841 936 2871 litteris
955 2842 1232 2880 clamaverimus,

222 2896 259 2924 ut
276 2893 317 2924 ah
334 2893 561 2924 indevotionis
580 2893 671 2924 invio
691 2903 757 2932 quo
776 2894 944 2930 inceditis,
968 2903 1028 2933 per
1046 2896 1234 2926 devotionis

2239 229 2298 259 355

1287 301 1457 331 tramitem
1474 303 1513 331 ad
1527 303 1640 333 sinum
1657 305 1774 334 matris
1789 305 1929 335 ecclesie
1942 307 2110 343 rediretis,
2122 311 2297 349 nostrique

1286 353 1446 384 hactenus
1473 356 1608 385 steriles
1638 356 1769 387 labores
1789 358 1932 389 abierint
1953 362 1984 389 et
2011 361 2188 394 clamores,
2219 364 2298 401 quia

1285 407 1397 436 tamen
1413 408 1453 437 ad
1469 408 1639 438 civitatem
1658 412 1803 439 vestram
1820 412 2013 449 sp‹‚=‹5ialem,
2034 414 2119 444 sicut
2138 415 2223 445 seire
2239 425 2298 446 vos

1285 460 1464 493 credimus,
1491 462 1660 499 gessiinus
1688 463 1728 492 ab
1755 463 1835 492 olim
1864 468 1895 494 et
1923 466 2073 503 gerimus
2105 467 2298 499 dilectionis

1285 512 1451 547 aflectum,
1473 513 1605 543 labores
1623 523 1681 552 pro
1701 518 1791 544 tanto
1811 516 1897 545 bono
1921 518 2051 547 adicere
2076 519 2249 549 laboribus
2265 523 2295 550 et

1285 565 1450 595 clamores
1480 565 1686 596 clamoribus
1707 570 1932 606 superaddere
1959 579 2022 600 non
2047 581 2233 602 cessamus.
2260 576 2296 604 ut

1286 627 1344 647 vos
1369 618 1488 647 saltem
1519 621 1634 649 nostra
1664 621 1916 658 importunitate
1944 623 2079 659 devicti,
2110 627 2237 655 nostris
2263 628 2294 656 in

1285 671 1344 700 hac
1367 673 1461 708 parte
1484 673 1632 709 pareatis
1654 673 1875 711 beneplacitis
1896 678 1925 705 et
1947 678 2126 708 mandatis.
2150 679 2232 709 Ecce
2253 681 2295 709 si-

1285 724 1420 762 quidem
1442 725 1598 754 Lucanus
1617 727 1762 764 populus
1783 730 1849 756 tam
1871 730 1972 758 castri
1995 730 2172 764 Mutronis„
2194 742 2295 770 quam

1285 777 1465 815 cujuslibet
1485 779 1625 808 alterius
1646 781 1847 817 questionis,
1868 792 1931 820 que
1955 784 2041 813 inter
2067 794 2125 813 vos
2152 788 2180 815 et
2204 787 2294 825 ipsos

1285 830 1439 864 vertitur,
1460 832 1605 869 negotia,
1623 834 1730 870 parati
1752 836 1826 863 sunt
1849 836 1880 864 in
1900 837 2025 865 nostris
2051 837 2154 867 libere
2173 841 2203 868 et
2224 848 2296 877 pro-

1285 882 1353 911 cise
1377 885 1408 912 et
1429 884 1501 913 sine
1519 885 1633 922 aliqua
1650 887 1844 916 condicione
1863 897 1986 925 ponere
2007 890 2174 925 manibus,
2195 893 2294 930 quod,

1285 935 1371 964 sicut
1389 937 1509 970 nostis,
1525 937 1686 967 hactenus
1707 939 1814 969 facere
1830 941 2021 976 induerunt,
2039 951 2185 981 suosque
2199 953 2296 983 prop-

1285 988 1334 1016 ter
1347 988 1406 1017 hoc
1424 990 1853 1027 5511111000,01111111101111010
1867 994 2078 1031 plenissimo,
2094 997 2134 1025 ad
2149 1001 2295 1027 nosti-am

1285 1042 1491 1077 presentiam
1509 1043 1745 1079 destinarunt,
1766 1046 1823 1083 qui
1844 1046 1944 1075 etiam
1971 1048 2101 1085 syndici
2122 1049 2162 1077 ad
2184 1050 2243 1078 hoe
2263 1053 2298 1080 ut

1285 1094 1466 1131 cujuslibet
1493 1096 1721 1126 cavillz‘itisuiis
1740 1099 1889 1136 suspicio
1909 1100 1948 1129 de
1967 1102 2165 1138 quorumvis
2183 1104 2300 1132 menti-

1285 1146 1348 1175 bus
1367 1147 1549 1183 auferatur,
1566 1149 1708 1180 offerunt
1726 1159 1760 1180 se
1770 1151 1884 1188 ,jurare
1901 1156 2047 1190 paratos,
2068 1156 2155 1192 quod
2172 1156 2301 1193 simpli-

1286 1200 1368 1229 citer
1387 1201 1427 1229 ad
1450 1200 1511 1231 hoc
1539 1202 1729 1232 faciendum
1749 1204 1789 1233 ad
1812 1205 1925 1234 sedem
1948 1207 2168 1243 apostolicam
2192 1218 2301 1238 acces-

1287 1254 1403 1282 serunt
1433 1254 1588 1292 quodque
1624 1256 1769 1290 nullum,
1795 1259 1952 1287 oretenus
1986 1259 2038 1288 vel
2068 1268 2126 1297 per
2157 1260 2299 1296 litteras,

1287 1306 1493 1336 contrarium
1512 1307 1634 1338 habent
1655 1309 1687 1338 in
1713 1309 1772 1339 hac
1797 1312 1890 1348 parte
1915 1312 2122 1342 mandatum.
2149 1314 2301 1352 1101111100

1288 1368 1348 1389 nos
1367 1368 1469 1398 super
1491 1360 1553 1390 hoc
1574 1361 1733 1392 dilectum
1752 1363 1859 1392 tilium
1881 1363 2061 1400 Clericum,
2083 1366 2170 1403 juris
2189 1367 2300 1396 civilis

1288 1413 1526 1450 professorem,
1555 1417 1723 1445 concivem
1751 1419 1913 1451 vestrum,
1938 1418 2199 1456 requirerenms,
2230 1421 2301 1458 ipse

1288 1465 1386 1494 nobis
1408 1474 1568 1504 expresse
1588 1468 1762 1506 respondit
1786 1469 1875 1507 quod
1892 1478 1951 1499 vos
1966 1471 2035 1509 jam
2054 1473 2301 1502 revocaveratis

1289 1527 1386 1548 omne
1405 1519 1599 1549 mandatum
1620 1521 1650 1550 et
1668 1529 1801 1551 omnem
1818 1531 1917 1560 quam
1941 1532 2042 1562 super
2062 1524 2122 1553 hoc
2139 1524 2301 1556 habuerat

1289 1572 1506 1609 potestatem:
1539 1575 1569 1602 et
1596 1573 1669 1603 ideo
1698 1583 1769 1607 nosv
1789 1575 1942 1605 videntes
1968 1585 2027 1606 vos
2049 1577 2080 1606 111
2108 1579 2299 1615 periculoso

1290 1627 1357 1654 tam
1376 1625 1565 1655 animarum
1583 1634 1682 1664 quam
1701 1635 1879 1666 corporum
1901 1630 2001 1665 statu,
2020 1630 2117 1669 longo
2133 1631 2203 1669 jam
2222 1633 2302 1661 tem-

1289 1686 1380 1715 pore,
1396 1679 1608 1714 constitutos,
1624 1680 1662 1709 de
1682 1680 1790 1710 salute
1806 1683 1917 1711 vestra
1932 1683 2125 1713 nullatenus
2140 1685 2298 1722 cogitare,

1290 1740 1326 1759 ac
1343 1733 1496 1769 gerentes
1514 1731 1555 1762 00
1573 1731 1633 1761 hoc
1652 1733 1692 1762 ad
1711 1742 1768 1761 vos
1787 1736 1923 1771 paterne
1944 1737 2190 1774 compassionis
2208 1738 2302 1767 attec-

1289 1786 1372 1817 tum,
1389 1793 1517 1822 vosque
1538 1786 1707 1815 retrahere
1725 1787 1970 1818 exhortationis
1988 1791 2126 1827 paterne
2151 1791 2300 1820 funiculo

1290 1846 1307 1867 a
1320 1846 1398 1867 casu
1409 1840 1584 1876 perpetuo,
1596 1847 1634 1868 ne
1645 1841 1811 1869 corruatis
1823 1841 2103 1879 irreparabiliter,
2114 1844 2298 1881 cupientes,

1290 1891 1537 1928 pr‹3›videntiam
1562 1893 1721 1928 vestram,
1753 1902 1853 1931 quam
1883 1895 1916 1924 in
1945 1896 2152 1933 exequendis
2176 1897 2301 1927 nostris

1290 1943 1510 1981 beneplacitis
1524 1947 1673 1982 paratam
1690 1946 1841 1976 invenire
1858 1956 2034 1985 speramus
2051 1951 2083 1978 et
2099 1952 2300 1988 promptam,

1290 2006 1365 2026 cum
1387 1998 1476 2026 omni
1496 1997 1617 2027 fiducia
1637 1998 1798 2028 duximus
1817 2000 2067 2038 requirendam,
2088 2004 2301 2038 monendam,

1290 2050 1484 2089 rogandam,
1505 2051 1665 2081 attentius
1689 2054 1720 2081 et:
1746 2052 1955 2089 hortandam,
1980 2055 2177 2085 mandantes
2195 2057 2302 2094 quati-

1291 2112 1369 2136 nus,
1401 2104 1611 2133 attendentes
1640 2105 1778 2142 provide
1807 2106 1894 2143 quod
1924 2107 1963 2135 ad
1990 2108 2175 2137 maximum
2206 2109 2301 2138 vobis

1289 2157 1384 2186 cedet
1410 2156 1582 2191 honorem,
1612 2158 1652 2193 si,
1673 2158 1752 2187 duni
1779 2159 1860 2188 estis
1886 2159 1918 2188 in
1945 2168 2077 2189 summo
2108 2163 2139 2190 et
2171 2162 2301 2192 fortuna

1290 2209 1386 2239 vobis
1405 2210 1540 2245 arridet,
1562 2219 1678 2248 pacem
1705 2220 1778 2240 cum
1807 2212 1956 2249 predicto
1975 2213 2099 2250 populo
2117 2216 2146 2243 et
2170 2223 2302 2244 roncor-

1290 2263 1380 2292 diam
1410 2262 1577 2292 duxeritis
1609 2264 1879 2299 retormamtam,
1915 2266 2168 2296 ccmsiderantes
2200 2268 2300 2296 etiam

1290 2316 1380 2354 quod
1397 2315 1572 2345 honestius
1595 2318 1623 2345 et
1648 2316 1821 2346 decentius
1845 2317 1939 2346 vobis
1961 2318 2036 2351 erit,
2056 2319 2095 2354 si,
2117 2320 2301 2357 apostolica

1291 2369 1370 2398 sede
1389 2371 1570 2407 nostraque
1597 2377 1751 2406 persona,
1773 2379 1835 2407 que
1860 2369 1922 2405 illi,
1943 2373 2077 2401 auctore
2096 2371 2178 2407 Deo,
2198 2373 2304 2410 presi-

1291 2422 1357 2456 det,
1372 2423 1403 2451 et
1422 2430 1485 2460 que.
1502 2430 1560 2451 vos
1575 2422 1755 2451 tenerrime
1770 2422 1892 2460 diligit,
1909 2423 2090 2459 mediante,
2108 2424 2301 2463 hujusmodi

1292 2475 1385 2513 pacis
1401 2475 1571 2512 negotium
1586 2476 1813 2508 consumetur,
1832 2475 1916 2504 sicut
1935 2475 2084 2506 divinam
2102 2479 2132 2506 et
2152 2480 2301 2508 nostram

1292 2536 1403 2557 caram
1419 2527 1549 2556 habetis
1564 2527 1717 2565 gratiani,
1731 2527 1817 2556 int'ra
1831 2528 2035 2558 dominicam
2048 2530 2302 2570 Septuagesime

1292 2581 1448 2619 proximo
1463 2582 1650 2615 venturam,
1665 2580 1872 2618 sollempnes
1890 2581 2140 2612 amlmssatores
2153 2592 2213 2613 seu
2226 2593 2304 2622 syn—

1293 2634 1385 2663 dicos
1413 2632 1573 2663 habentes
1603 2642 1620 2662 0
1646 2632 1742 2662 vobis
1769 2635 1799 2662 et
1832 2635 2003 2664 ‹·oiiniiinii
2037 2639 2160 2672 vestro,
2187 2638 2218 2667 et
2246 2646 2305 2676 per

1293 2686 1495 2723 rescriptum
1522 2687 1736 2715 010101011οε
1758 2686 1872 2719 etiam,
1900 2687 2038 2724 plenum
2064 2688 2304 2728 sufficiensque

1294 2739 1502 2773 mandatum,
1529 2738 1569 2767 ad
1600 2738 1880 2777 compositionem
1909 2742 1938 2769 et
1970 2748 2086 2778 pacem
2111 2741 2305 2779 hujusmodi

1293 2800 1369 2821 cum
1389 2791 1477 2821 dicto
1498 2790 1634 2829 populo,
1659 2791 1756 2829 juxta
1783 2794 1936 2821 nostrum
1962 2792 2153 2829 arbitrium,
2174 2795 2305 2825 favente

1295 2844 1450 2879 Domino,
1475 2843 1673 2879 faciendam,
1697 2845 1728 2873 et
1751 2844 1790 2873 ad
1817 2847 1930 2874 nostra
1949 2854 2051 2883 super
2067 2846 2127 2876 hoc
2152 2849 2307 2878 mandata

1296 2897 1477 2927 efficaciter
1505 2896 1732 2934 adimplenda,
1761 2897 1895 2927 sublata
1922 2898 2120 2929 difficultate
2144 2900 2306 2939 qualibet,
