2547 3289
276 287 335 316 384

277 367 431 402 seculari,
459 365 686 403 cujuscunque
715 363 836 395 31111113,
865 358 1050 397 dignitatis,
1080 356 1211 387 ordinis
1232 356 1285 386 vel
1315 356 1317 370 '¹

277 419 483 451 condicionis
498 417 671 451 existeret,
688 424 751 453 que
767 422 831 443 11011
850 413 939 442 esset
955 412 994 441 de
1012 410 1173 450 predictis
1190 410 1286 439 Cam—

276 473 375 511 pania
399 471 449 500 vel
478 469 647 518 Maritima
677 469 707 497 et
742 466 862 496 exinde
889 465 1041 499 oriunda,
1069 466 1100 493 et
1129 472 1192 502 que
1220 470 1286 492 non
1316 491 1317 494 ,

276 526 365 555 esset
386 524 486 553 etiam
508 523 548 551 de
568 522 639 551 soro
657 519 797 550 rectoris
815 519 999 548 memorate
1019 516 1206 555 provincie,
1227 515 1288 544 ini-

279 581 359 611 111111,
377 575 510 614 publice
527 576 559 604 et
577 573 812 611 sollempniter
831 570 1045 601 denuntiaret
1064 569 1212 605 irritum,
1232 577 1286 597 va-

277 638 375 659 cuum
391 631 421 658 et
444 628 541 657 inane
564 628 595 656 et
617 626 746 656 nullius
763 625 910 655 existere
929 622 1111 658 firmitatis,
1129 621 1287 652 omnibus

278 682 438 721 predictis
461 680 633 711 nobilibus
654 679 852 708 auctoritate
879 678 992 707 nostra
1012 675 1155 705 tirmiter
1173 677 1204 704 et
1221 674 1288 704 dis-

277 736 374 765 tricte
389 733 580 772 precipiens
598 734 644 768 ut,
660 732 746 762 infra
765 733 833 760 tres
846 730 918 760 dies
931 731 1003 768 post
1019 729 1214 767 preceptum
1230 727 1287 756 hu-

274 787 435 826 jusmodi,
448 786 634 825 predictum
649 785 856 816 contractum
870 783 1097 813 dissolverent
1110 783 1141 811 et
1154 780 1288 819 publice

278 842 484 875 revocarent,
498 848 562 869 non
580 837 794 868 obstantibus
811 836 1021 875 quibuslibet
1040 835 1147 874 penis,
1162 833 1288 873 obliga<

278 893 428 924 tionibus
442 895 471 922 et
488 893 588 923 etiam
603 891 806 930 juramentis
826 899 927 928 super
951 889 1011 919 hoc
1028 887 1251 926 interpositis,
1271 896 1288 916 a

278 946 402 985 quibus
425 954 481 975 eos
504 944 664 974 duximus
688 942 923 977 absolvendos,
944 943 975 971 et
995 940 1119 970 faceret
1138 940 1177 969 de
1196 948 1288 969 revo-

278 1000 406 1029 catione
434 997 627 1037 lmjusmodi
659 996 776 1027 confici
807 994 980 1034 publicum
1010 994 1287 1026 instrumentum,

279 1052 369 1091 quod
392 1051 432 1081 ad
457 1060 517 1080 nos
541 1058 600 1088 per
621 1058 719 1079 suum
738 1049 893 1078 nuntium
921 1047 1116 1077 destinaret.
1141 1044 1237 1080 Quod
1260 1045 1289 1074 si
1320 1053 1321 1061 ¹

279 1105 359 1135 dicti
384 1104 516 1134 nobiles
544 1103 695 1141 ejusdem
724 1101 874 1140 episcopi
907 1100 1010 1130 immo
1035 1099 1148 1138 potius
1175 1099 1289 1128 nostro

280 1167 346 1188 non
369 1157 622 1196 acquiescerent
647 1156 679 1185 in
704 1155 763 1185 bac
786 1156 881 1193 parte
901 1154 1069 1192 precepto,
1091 1152 1179 1182 idem
1205 1151 1290 1190 epis-

280 1219 384 1250 copus
398 1210 487 1246 illos,
503 1211 650 1248 exparte
666 1211 793 1244 nostra,
810 1206 1036 1246 peremptorie
1047 1206 1149 1235 citare
1159 1206 1289 1235 curaret
1320 1228 1321 1235 ,

281 1264 427 1300 ut,insra
445 1265 518 1294 octo
536 1263 608 1292 dies
626 1263 701 1301 post
720 1261 914 1291 citationem
933 1268 1040 1295 suam,
1057 1259 1290 1297 comparerent

281 1316 505 1356 personaliter
529 1324 641 1346 coram
664 1315 773 1350 nobis,
800 1313 1009 1343 satisfacturi
1028 1311 1125 1342 nobis
1148 1312 1187 1341 de
1205 1320 1291 1350 pena

282 1423 439 1453 mandata
457 1424 487 1453 01
502 1421 683 1452 efficaciter
700 1420 885 1458 impleturi.
897 1420 1036 1455 Verum,
1048 1418 1137 1456 quia,
1152 1418 1236 1447 sicut
1256 1419 1293 1447 tu

281 1475 380 1505 nobis
397 1484 564 1513 exponere
580 1474 718 1507 curasti,
736 1473 906 1503 Johannes
924 1471 1060 1510 Rogerii
1078 1471 1204 1510 aliique
1219 1479 1293 1509 pre-

282 1528 362 1558 dicti
382 1530 493 1558 tecum
513 1527 706 1566 hujusmodi
730 1526 835 1556 iniere
858 1526 1078 1560 contractum,
1098 1526 1201 1563 tuque
1219 1532 1293 1554 vas—

283 1579 447 1610 sallorum
478 1581 663 1615 terrarum,
698 1579 876 1609 domorum
904 1586 940 1607 ac
969 1577 1228 1616 possessionum
1261 1578 1293 1606 et

281 1634 446 1664 bonorum
465 1633 703 1672 predictorum,
718 1632 826 1671 pretio
844 1631 972 1662 eisdem
990 1630 1164 1661 nobilibus
1178 1639 1294 1670 perso-

281 1687 363 1724 luto,
374 1688 554 1725 antequam
565 1686 605 1716 ad
616 1686 728 1724 ipsum
739 1685 935 1724 episcopum
945 1684 1139 1723 hujusmodi
1148 1684 1293 1714 secunde

282 1742 395 1771 nostre
410 1740 521 1770 littere
532 1739 779 1778 pervenissent,
797 1738 1050 1777 possessionem
1066 1737 1208 1776 adeptus
1226 1737 1294 1767 fue—

281 1802 336 1824 ras
353 1793 560 1829 eorumdem,
577 1801 650 1828 nos,
664 1792 723 1822 hec
744 1793 868 1822 attente
890 1792 1071 1829 pensantes
1092 1792 1122 1821 et
1143 1791 1294 1821 conside—

282 1848 396 1877 rantes
423 1846 525 1876 etiam
551 1846 640 1884 quod
666 1846 780 1875 nostre
810 1844 1010 1874 intentionis
1035 1852 1101 1874 non
1123 1844 1234 1874 extitit
1261 1844 1293 1873 in

280 1899 474 1938 hujusmodi
499 1898 719 1937 generalitate
744 1897 935 1934 verborum,
954 1897 1111 1927 videlicet
1133 1907 1200 1926 cum
1224 1907 1294 1936 qua-

284 1962 400 1992 cunque
432 1962 565 1992 porsona
600 1950 804 1981 ecclesiastica
838 1950 884 1980 vel
916 1949 1056 1984 seculari,
1088 1950 1294 1990 cujuscunque

282 2010 395 2042 slatus,
427 2004 609 2044 diynz'late‘s,
644 2004 779 2040 ordinis,
814 2003 860 2033 rel
886 2003 1070 2033 condicionis
1106 2003 1228 2039 existat,
1262 2005 1294 2033 te

283 2058 336 2088 vel
360 2058 464 2088 alium
485 2057 766 2096 comprehendere
791 2057 1009 2092 cardinalem,
1032 2057 1102 2086 tuis
1125 2056 1295 2095 supplica-

282 2111 434 2141 tionibus
462 2111 627 2146 inclinati,
649 2119 846 2149 processum
874 2109 1015 2148 predicti
1041 2109 1188 2148 episcopi
1207 2110 1294 2140 Ana-

283 2164 389 2203 gnini,
411 2163 440 2193 si
462 2163 538 2202 quis
562 2165 593 2193 in
611 2163 671 2193 hac
691 2165 785 2202 parte
804 2171 862 2201 per
881 2171 957 2192 eum
980 2163 1095 2192 contra
1114 2161 1246 2192 nobiles
1263 2163 1293 2192 et

283 2218 492 2247 contractum
508 2216 678 2255 predictos
697 2225 754 2254 per
771 2216 935 2246 secundas
954 2215 1086 2245 litteras
1101 2217 1235 2245 nostras
1254 2214 1294 2245 ad

283 2279 360 2301 eum
380 2278 481 2308 super
506 2269 567 2299 hoc
587 2270 742 2305 directas,
763 2271 813 2299 est
836 2269 983 2303 11111111113,
1003 2269 1200 2299 auctoritate
1220 2276 1293 2306 pre-

283 2323 429 2353 sentium
440 2323 590 2353 totaliter
600 2331 809 2359 revocamus
824 2322 1043 2352 decernentes
1053 2321 1190 2352 eosdem
1203 2321 1294 2351 nobi-

283 2376 333 2406 les
362 2384 466 2415 penas
493 2376 527 2406 in
557 2376 708 2415 predicta
734 2375 934 2405 inhibitione
965 2376 1079 2405 nostra
1106 2376 1292 2409 contentas,

284 2429 477 2460 nullatenus
497 2429 692 2465 incurrisse,
708 2429 868 2468 ipsosque
884 2438 901 2458 a
918 2429 1117 2458 necessitate
1135 2427 1293 2458 veniendi

283 2482 488 2521 propterhoc
497 2483 539 2513 ad
548 2486 621 2512 nost
629 2491 698 2513 ram
710 2482 928 2521 presentiam,
938 2482 1112 2512 occasione
1122 2481 1294 2512 citationis

283 2535 488 2574 hujusmodi,
500 2535 726 2566 absolventes.
738 2535 831 2566 Nulli
845 2544 922 2574 ergo
933 2536 1046 2565 nostre
1055 2534 1292 2570 revocationis,

284 2588 537 2619 constitutionis
550 2590 581 2619 et
593 2588 820 2619 absolutionis
835 2590 896 2619 etc.
914 2589 1038 2619 Datum
1053 2588 1143 2627 apud
1156 2587 1295 2618 Urbe-111-

283 2643 443 2679 veterem,
464 2651 522 2672 vni
539 2642 704 2672 kalendas
723 2641 815 2679 maii,
835 2650 923 2671 anno
942 2641 1016 2672 1110.
1039 2652 1053 2669 »

375 2835 448 2867 794

869 2834 994 2865 Orvieto,
1008 2835 1042 2861 25
1055 2833 1126 2860 avril
1146 2833 1222 2861 1204.

322 2918 361 2944 Ne
379 2919 413 2945 ad
429 2918 622 2952 praesentiam
645 2919 845 2953 apostolicam,
866 2918 977 2945 ratione
1000 2918 1147 2945 citationis
1166 2918 1218 2944 sibi
1238 2917 1295 2944 sac-

286 2968 343 2999 tae,
363 2967 487 2994 veniant.
509 2967 588 3002 (aaa,
608 2968 651 2998 28,
669 2967 717 2994 sol.
738 2968 797 2996 102.
819 2975 879 2994 cur.
897 2975 965 2993 111111.
984 2967 1029 3000 111,
1049 2973 1078 2993 11·
1092 2968 1150 2996 811.)

1316 578 1318 637 Ι

1035 274 1224 305 REGISTP.
1232 273 1279 303 Es
1302 272 1516 303 D'URBAIN
1541 273 1598 303 lv.

1387 366 1401 384 «
1414 355 1574 385 Nobilibus
1584 357 1658 385 viris
1667 356 1802 385 ,ΙοΙιαηιιὶ
1811 356 1935 395 Roqerii
1947 356 1983 386 de
2001 356 2233 394 i'alletnonlone,
2244 369 2358 389 necnon

1347 408 1439 438 Petro
1454 409 1590 448 noyer-si,
1601 409 1736 438 Iohanni
1748 409 1784 439 cle
1795 409 1975 440 Camarum,
1989 420 2023 439 (ιε
2035 410 2195 440 heredibus
2207 412 2357 451 quondam

1350 462 1505 491 Tholomei
1531 462 1566 491 tle
1594 462 1819 492 anlemontone
1840 468 1866 491 e!
1883 463 2020 492 Jolmnni
2049 463 2085 493 de
2106 464 2292 502 Sar-minem,
2316 466 2358 494 ci-

1348 515 1430 544 vibus
1453 516 1639 555 Anagninis,
1661 515 1803 553 fidelibus
1828 517 1951 545 nostris.
1976 516 2060 547 Cum
2080 525 2142 547 nos
2160 526 2359 556 processum

1348 568 1553 599 venerabilis
1578 569 1694 599 fratris
1711 569 1818 599 nostri
1841 593 1868 599 ..
1886 569 2036 608 episcopi
2060 570 2243 609 Anagnini,
2267 580 2361 601 occa-

1348 621 1442 651 sione
1464 621 1638 659 cujusdam
1661 623 1852 652 contractus
1871 631 1971 660 quem
1991 625 2105 653 contra
2122 623 2359 654 inhibitionem

1349 676 1498 704 nostram
1529 675 1650 704 secisse
1679 674 1883 705 dicebamini
1913 675 1954 705 de
1982 675 2154 712 vassallis,
2187 676 2358 712 domibus,

1348 728 1461 762 terris,
1486 727 1763 766 possessionibus
1786 729 1817 758 et
1845 728 1923 758 aliis
1952 728 2050 759 bonis
2078 731 2108 758 et
2134 728 2269 767 juribus
2296 738 2361 768 que

1350 780 1524 811 habebatis
1540 781 1572 810 in
1589 782 1700 810 castro
1718 781 1913 816 Sarmineti,
1928 781 2185 812 Terracinensis
2199 782 2360 819 diocesis,

1349 836 1464 864 contra
1479 842 1538 863 vos
1553 835 1583 863 et
1598 834 1740 864 eundem
1755 836 1962 864 contractum
1974 843 2034 873 per
2046 835 2210 873 quasdam
2226 836 2362 865 nostras

1350 887 1391 917 ad
1413 896 1488 917 eum
1511 887 1657 917 directas
1683 896 1784 926 super
1810 887 1870 918 hoc
1888 888 2022 917 litteras
2041 887 2205 923 habitum,
2223 888 2360 918 duxeri-

1351 950 1425 971 mus
1443 940 1592 971 totaliter
1614 941 1851 974 revocandum,
1877 941 2096 971 decernentes
2122 950 2182 971 vos
2205 950 2309 980 penas
2328 941 2362 971 in

1350 995 1500 1034 predicta
1527 994 1728 1024 inhibitione
1753 996 1869 1024 nostra
1895 996 2080 1028 contentas,
2102 994 2296 1025 nullatenus
2312 995 2363 1025 in-

1351 1048 1510 1082 currisse,
1526 1056 1652 1086 vosque
1668 1056 1686 1077 a
1703 1047 1903 1078 necessitate
1919 1047 2073 1077 veniendi
2091 1050 2229 1086 propter
2242 1047 2303 1078 hoc
2321 1047 2364 1078 ad

1352 1103 1500 1131 nostram
1526 1101 1745 1139 presentiam,
1765 1102 1921 1139 pretextu
1940 1101 2111 1131 citationis
2138 1101 2223 1131 facte
2246 1102 2365 1131 contra

1352 1163 1410 1184 vos
1422 1154 1482 1183 hac
1501 1154 1540 1183 de
1559 1163 1660 1183 causa
1678 1162 1736 1192 per
1750 1154 1892 1184 eundem
1912 1154 2122 1192 episcopum,
2136 1153 2364 1189 absolventes,

1352 1210 1449 1246 prout
1470 1207 1502 1236 in
1526 1207 1723 1245 apostolicis
1742 1207 1877 1239 litteris,
1898 1214 1983 1244 quas
2007 1206 2130 1236 dilecto
2155 1206 2223 1236 tilio
2248 1208 2364 1237 nostro

1320 1291 1322 1298 Α
1354 1261 1406 1295 lt,
1432 1259 1538 1289 sancti
1557 1259 1676 1297 Angeli
1692 1259 1833 1289 diacono
1848 1258 2022 1295 cardinali,
2041 1268 2117 1288 cum
2136 1268 2201 1297 quo
2219 1261 2367 1290 contrac-

1321 1311 1323 1333 1
1352 1314 1424 1343 tum
1436 1312 1564 1342 iniistis
1576 1311 1783 1350 hujusmodi,
1792 1320 1894 1350 super
1906 1311 1965 1341 1100
1977 1312 2220 1349 concessimus,
2230 1312 2367 1351 plenius

282 1370 315 1399 in
330 1378 429 1408 quam
443 1369 640 1404 inciderant,
659 1370 689 1398 et
708 1368 793 1398 alias
810 1368 926 1396 nostra
940 1374 1042 1404 super
1059 1365 1126 1395 hiis
1143 1365 1291 1395 audituri
1321 1365 1322 1370 ’

1353 1366 1559 1401 continetur,
1588 1364 1757 1395 nohilitati
1788 1366 1899 1395 vestre
1934 1373 1994 1403 per
2027 1365 2213 1404 apostolica
2241 1365 2368 1404 scripta

1354 1418 1555 1448 mandamus
1579 1418 1738 1457 quatinus
1759 1418 1801 1447 ad
1825 1426 1899 1454 nos,
1919 1418 2094 1448 occasione
2117 1418 2288 1448 citationis
2306 1419 2366 1449 hu-

1351 1471 1512 1510 jusmodi,
1534 1471 1729 1501 nullatenus
1752 1471 1909 1501 veniatis.
1929 1471 2055 1501 Datum
2074 1471 2162 1510 apud
2185 1471 2369 1502 Urbemve-

1355 1526 1472 1558 terem,
1492 1534 1537 1554 vn
1556 1524 1719 1555 kalendas
1739 1525 1833 1560 maii,
1851 1533 1938 1555 anno
1956 1524 2030 1554 1110.
2055 1535 2069 1551 n

1929 1716 2052 1743 Orvieto,
2077 1716 2119 1742 ΙΝ
2138 1715 2195 1742 111111
2216 1715 2295 1742 1264.

1445 1717 1517 1748 795

1393 1799 1578 1834 lnfrascripto
1605 1799 1744 1827 cardinali
1770 1801 1888 1827 mandat
1911 1803 2003 1827 cassi-t
2028 1802 2055 1826 et
2081 1800 2172 1827 irritet
2196 1800 2367 1827 electionem

1356 1849 1497 1876 baudonis
1519 1850 1552 1876 110
1571 1849 1754 1884 Montelongo
1778 1849 1805 1875 111
1827 1849 2010 1884 capitaneum
2031 1849 2157 1877 civitatis
2176 1848 2368 1877 Ferentinatis

1356 1898 1457 1925 saetae.
1479 1899 1557 1932 (lise.
1579 1898 1623 1929 28,
1643 1898 1691 1925 sol.
1713 1898 1773 1931 102,
1789 1906 1848 1925 cur.
1866 1906 1934 1925 ann.
1953 1898 1999 1932 111,
2018 1902 2049 1924 n⁰
2065 1898 2126 1929 81.)

1396 2016 1410 2031 «
1434 2003 1478 2039 J„
1497 2009 1673 2034 sanctorum
1698 2002 1804 2034 Cosmc
1826 2010 1854 2034 et
1880 2004 2024 2034 Damiani
2047 2003 2176 2034 diacono
2201 2003 2365 2038 cardinali,

1358 2058 1526 2097 Campania·
1539 2057 1693 2087 ,llarilime
1710 2058 1830 2088 rectori.
1848 2057 1951 2093 Olim,
1971 2058 2056 2087 Sicut
2074 2058 2278 2096 accepimus,
2291 2057 2368 2088 Jor-

1356 2111 1463 2140 danus
1497 2110 1656 2149 symonis
1693 2111 1881 2147 Sari-aceni,
1916 2110 2038 2140 Petrus
2071 2109 2367 2149 Gambapalumbi‚

1356 2163 1544 2195 Riccobene
1563 2164 1668 2202 judex
1685 2165 1715 2194 et
1736 2163 1936 2203 Raynaldus
1952 2163 2117 2193 Johannis
2139 2163 2252 2200 Bovis,
2275 2164 2369 2194 cives

1355 2217 1602 2253 Ferentinates,
1622 2217 1656 2246 in
1678 2217 1836 2247 consules
1853 2217 2043 2247 communis
2062 2217 2290 2251 Ferentinatis
2307 2225 2370 2256 per

1355 2271 1553 2301 concordem
1571 2270 1769 2301 electionem
1786 2270 1965 2309 assumpti,
1986 2271 2136 2309 regimen
2153 2270 2263 2309 ipsius
2280 2266 2368 2301 com-

1355 2324 1468 2354 munis
1494 2324 1689 2362 inceperunt
1718 2323 1879 2362 prosequi
1906 2323 2100 2362 diligenter.
2126 2323 2236 2354 Medio
2255 2326 2368 2354 autem

1355 2378 1517 2416 tempore,
1539 2377 1623 2406 inter
1641 2376 1770 2407 milites
1792 2377 1832 2406 de
1851 2377 2043 2413 Ferentino,
2062 2385 2104 2407 ex
2125 2378 2220 2415 parte.
2238 2385 2315 2413 una,
2335 2379 2369 2407 et

1356 2430 1537 2469 populares
1557 2430 1621 2460 loci
1647 2430 1810 2469 ejusdem,
1839 2439 1881 2460 ex
1902 2430 2019 2464 altera,
2043 2431 2202 2468 pretextu
2221 2438 2370 2469 quorun—

1355 2484 1431 2513 dam
1449 2485 1672 2522 proventuum
1697 2492 1757 2513 seu
1778 2483 1971 2513 reddituum
1997 2483 2054 2522 qui
2077 2483 2235 2512 ιρι-11101111
2254 2483 2371 2522 vulga-

1355 2537 1437 2567 riter
1460 2537 1684 2575 appellantur,
1711 2537 1882 2567 discordia
1903 2537 2078 2573 suscitata,
2105 2536 2186 2567 dicti
2211 2536 2369 2567 consules

1355 2590 1396 2620 ab
1418 2590 1539 2621 incoati
1556 2590 1792 2629 prosecutione
1808 2590 1986 2629 regiminis
2000 2589 2215 2624 destiterunt=
2236 2589 2365 2629 sicque,

1356 2643 1456 2674 dictis
1474 2643 1696 2682 popularibus
1714 2642 1862 2674 nobilem
1878 2643 1988 2673 virum
2005 2643 2201 2673 Landonem
2217 2643 2258 2673 de
2275 2643 2369 2674 Mon·

1357 2697 1489 2736 telongo
1511 2697 1552 2727 ad
1574 2697 1677 2727 vitam
1705 2697 1739 2726 in
1764 2697 1977 2735 capitaneum
1996 2704 2096 2726 suum
2115 2695 2369 2727 assumentibus

1356 2752 1386 2780 et
1409 2750 1626 2787 Orlanducio,
1648 2752 1726 2780 nato
1746 2749 1897 2789 eJusdem
1918 2749 2055 2786 nobilis,
2076 2749 2260 2788 recipiente
2282 2749 2372 2789 capi-

1355 2803 1482 2834 taniam
1506 2803 1713 2843 hujusmodi,
1741 2803 1877 2833 nomine
1905 2803 2015 2841 ipsius
2040 2802 2178 2838 nobilis,
2198 2802 2232 2833 in
2251 2811 2369 2834 eorum

1356 2857 1502 2893 civitate,
1528 2857 1640 2896 gravis
1665 2856 1777 2887 extitit
1797 2864 1858 2895 per
1876 2856 1937 2886 hoc
1956 2857 2028 2886 orta
2045 2855 2210 2886 dissentio
2227 2858 2259 2886 et
2276 2855 2318 2886 ob
2335 2856 2369 2886 id

1357 2910 1439 2939 inibi
1455 2918 1554 2949 grave
1570 2909 1748 2940 videbatur
1762 2909 1951 2948 periculum
1967 2909 2156 2939 imminere.
2172 2909 2280 2945 Unde,
2293 2917 2371 2940 cum

1356 2962 1415 2993 hec
1427 2963 1467 2993 ad
1483 2965 1633 2993 nostram
1650 2962 1806 2993 notitiam
1818 2962 2065 3002 pervenissent.
2076 2970 2150 2998 nos,
2160 2963 2371 2993 attendentes
