2547 3289
241 277 300 305 272

238 358 413 396 pertineat,
442 358 476 385 ut
508 355 592 384 idem
622 353 877 383 archidiaconus
911 352 1043 387 asserit,
1075 350 1243 389 synodum

237 418 428 441 convocare,
450 407 633 445 pri-dictum
653 404 838 443 capitulum
860 412 924 433 non
943 403 1054 433 solum
1073 401 1242 432 celebrare

237 462 401 501 synodum
424 459 647 497 attemptavit,
666 466 782 487 verum
800 456 901 486 etiam
925 456 957 485 in
982 455 1118 485 eosdem
1139 454 1242 484 cardi-

236 514 322 543 nalis
339 512 500 543 officiales
524 513 554 541 et
572 510 751 540 nonnullos
771 509 912 539 clericos
927 508 1018 537 curie
1036 507 1240 546 supradicte,

234 576 293 605 pro
312 576 349 595 eo
368 565 454 603 quod
474 563 665 602 hujusmodi
683 562 850 601 synodum
869 562 1091 591 (convocarant
1109 562 1140 590 et
1159 560 1242 589 duas

233 620 346 658 partes
369 618 585 647 emendarum
605 616 696 645 curie
721 615 829 653 ipsius
850 614 1076 644 archidiaconi
1094 615 1126 643 et
1146 622 1242 652 syno-

233 671 416 701 daticorum
433 669 681 707 denegaverunt
697 668 806 697 eidem
819 667 967 706 capitulo
984 667 1127 703 solvere,
1145 667 1242 704 prout

232 733 291 754 nec
315 724 415 753 etiam
443 722 652 757 tenebantur,
683 730 719 751 ac
745 721 949 760 quibusdam
977 720 1055 750 aliis
1081 720 1243 750 confectis

232 775 477 811 occasionibus,
493 784 619 805 necnon
636 775 668 804 in
684 783 802 804 omnes
816 774 927 812 primo
941 774 998 812 qui
1010 774 1051 803 ad
1061 773 1241 812 synodum,

231 832 263 860 et
292 829 505 868 postmodum
531 829 588 867 qui
617 828 656 858 ad
684 828 811 857 curiam
842 827 991 866 ejusdem
1016 826 1242 857 archidiaconi

231 883 425 913 accederent
442 882 493 911 vel
509 881 719 920 appellarem
731 881 771 911 ad
785 881 892 917 illam,
904 882 959 910 aut
976 880 1114 919 aliquod
1132 881 1242 919 ipsius

231 935 388 966 officialis
410 936 658 973 exequerentur
681 934 888 970 mandatum,
911 942 969 963 seu
989 933 1243 972 quomodolibet

232 989 406 1020 obedirent
427 989 547 1024 eidem,
573 987 934 1018 excommunicalionis
954 987 1157 1017 sententiam
1182 987 1244 1017 ful—

233 1042 394 1076 minavit3
418 1043 449 1071 et
469 1041 644 1080 quosdam,
665 1049 725 1079 pro
750 1049 788 1070 eo
807 1040 896 1078 quod
919 1040 959 1070 ad
976 1040 1085 1078 ipsam
1114 1040 1242 1070 curiam

233 1094 444 1130 accedebant,
466 1094 540 1132 capi
566 1094 655 1130 fecit,
677 1095 707 1124 et
734 1094 883 1132 precepit
905 1093 978 1123 suis
1001 1093 1185 1132 prepositis
1206 1094 1243 1123 ut

233 1156 362 1184 omnes,
375 1147 431 1186 qui
450 1147 490 1177 ad
508 1147 603 1177 illam
621 1147 826 1183 accederent,
846 1146 1070 1185 personaliter
1086 1148 1243 1185 caperent

233 1202 265 1231 et
276 1200 401 1231 carceri
414 1200 655 1238 manciparent,
665 1201 697 1230 et
709 1200 887 1229 universos
901 1200 1048 1229 rectores
1058 1201 1089 1229 ct
1101 1199 1242 1237 capella-

232 1262 293 1284 nos
306 1253 453 1283 civitatis
464 1253 723 1291 l’1e1nensis‚pro
734 1253 868 1291 eoquod
879 1252 1042 1291 quasdam
1054 1261 1243 1282 excommu-

233 1306 413 1337 nicationis
431 1306 617 1336 sententias
632 1306 664 1335 in
679 1306 842 1344 quosdam
862 1305 1040 1335 canonicos
1057 1305 1244 1335 Remenses

231 1369 291 1398 pro
304 1359 478 1390 violentiis
496 1359 684 1389 manifestis
702 1359 807 1388 illatis
825 1358 967 1397 prefatis
979 1358 1082 1394 curie,
1101 1357 1241 1388 officiali

232 1414 264 1443 et
293 1413 420 1443 familie
450 1412 592 1451 predicti
622 1412 815 1448 cardinalis,
834 1421 892 1450 per
921 1412 1193 1441 conservatorem
1225 1420 1244 1440 a

233 1466 310 1495 sede
324 1465 472 1504 predicta
490 1465 554 1504 ipsi
573 1465 734 1495 cardinali
750 1467 781 1496 et
796 1465 868 1503 ejus
886 1464 1012 1494 familie
1031 1464 1240 1502 deputatum,

233 1519 295 1548 rite
325 1518 485 1557 prolatas,
511 1519 549 1548 ad
580 1518 730 1556 ejusdem
757 1517 1005 1547 conservatoris
1033 1517 1240 1552 mandatum,

232 1572 405 1602 humiliter
432 1570 659 1610 publicabant,
687 1572 762 1609 post
791 1571 1029 1609 apellationem
1060 1570 1100 1600 ad
1128 1570 1242 1600 sedem

233 1626 341 1663 ipsam
357 1625 505 1663 legitime
522 1624 743 1662 interjectam,
763 1624 801 1653 de
821 1624 905 1653 tacto
923 1623 1096 1653 similibus
1113 1624 1243 1653 senten-

232 1678 289 1708 tiis
319 1678 504 1713 innodavit,
532 1679 563 1707 et
591 1677 749 1715 imposito
776 1677 825 1706 eis
852 1677 941 1715 quod
970 1678 1065 1706 erant
1097 1676 1240 1712 falsarii,

233 1730 370 1768 perjuri,
400 1730 521 1769 ingrati
547 1732 578 1759 et
602 1730 819 1767 irregulares,
847 1731 984 1768 propter
1010 1729 1069 1759 hoc
1097 1730 1242 1760 citarunt

232 1784 378 1819 eosdem,
397 1785 429 1813 et·
448 1792 558 1813 coram
578 1792 611 1812 se
630 1783 734 1821 ipsos,
750 1783 1143 1821 occasionehujusmodi,
1157 1783 1242 1813 mul-

232 1836 394 1874 tipliciter
412 1836 612 1875 inquietant.

272 1889 366 1919 Licet
393 1892 503 1919 autem
529 1898 630 1927 super
657 1889 830 1928 aliquibus
854 1897 895 1918 ex
922 1889 1084 1928 predictis
1105 1889 1244 1927 capituli

233 1942 410 1972 memorati
429 1942 637 1978 excessibus,
657 1951 714 1980 per
737 1942 822 1972 alias
846 1946 979 1972 nostras
998 1943 1130 1972 litteras
1154 1952 1244 1972 man-

234 1995 427 2025 daverimus
449 1997 537 2025 certo
564 1996 662 2025 modo
692 1995 836 2033 procedi,
863 1996 942 2034 quia
969 1997 1081 2026 tamen
1110 1997 1245 2034 propter

234 2048 376 2086 injurias
405 2051 437 2078 et
466 2049 609 2086 dampna
641 2049 757 2087 gravia
785 2049 894 2078 eidem
921 2049 1084 2078 cardinali
1113 2051 1144 2079 et
1173 2050 1245 2079 suis

235 2101 340 2137 illata,
365 2110 427 2139 qu<¹
455 2097 519 2131 non
546 2102 754 2131 intendimus
776 2101 838 2131 sub
860 2102 1133 2132 dissimulatione
1158 2105 1245 2132 tran-

236 2155 315 2190 sire,
329 2154 416 2183 sicut
431 2155 634 2192 accepimus,
654 2164 717 2184 non
738 2155 847 2184 solum
866 2155 899 2184 in
916 2155 1075 2185 Remensi
1097 2156 1244 2191 civitate,

235 2216 308 2237 cum
330 2216 446 2237 omnes
465 2208 504 2237 de
522 2208 610 2237 clero
634 2210 665 2237 et
688 2208 810 2246 populo
832 2208 980 2238 civitatis
1004 2209 1113 2247 ipsius
1133 2209 1245 2248 liujus-

236 2260 325 2289 modi
361 2261 539 2290 sententiis
572 2261 725 2290 dicantur
756 2261 898 2295 involvi,
929 2270 1044 2291 verum
1078 2262 1178 2291 etiam
1214 2263 1245 2291 in

235 2313 418 2343 convicinis
452 2313 620 2351 partibus,
654 2314 769 2351 gravia
799 2318 935 2352 propter
969 2314 1136 2352 premissa
1168 2317 1246 2345 sunt

236 2367 393 2395 scandala
420 2368 591 2402 suscitata,
609 2368 640 2396 et
666 2368 801 2405 propter
827 2367 1011 2404 periculum
1041 2368 1245 2403 animarum,

235 2428 296 2449 nos
315 2421 450 2457 paterne
469 2419 711 2449 sollicitudinis
728 2420 838 2449 studio
856 2420 1041 2458 cupientes,
1060 2429 1117 2459 per
1135 2422 1245 2459 provi·
1275 2440 1277 2458 χ

236 2472 342 2501 sionis
356 2474 467 2502 nostre
484 2472 683 2507 remedium,
695 2472 830 2502 obviare
846 2473 1008 2511 periculis
1025 2483 1088 2512 que
1108 2477 1245 2511 possent
1275 2462 1277 2474 Σ

236 2533 277 2554 ex
294 2525 358 2554 hiis
379 2525 601 2562 spiritualiter
620 2528 651 2555 et
669 2526 900 2564 temporaliter
919 2527 1065 2561 evenire,
1086 2536 1122 2557 ac
1140 2527 1245 2558 inten-

236 2578 352 2607 dentes
370 2580 437 2607 tam
462 2579 613 2615 ecclesie,
634 2579 797 2609 cardinali
818 2581 849 2609 et
867 2580 1015 2618 capitulo
1034 2582 1243 2617 memoratis,

237 2639 335 2667 quam
360 2631 507 2668 predicte
534 2632 660 2661 civitati
688 2632 849 2662 Remensi
874 2632 1013 2671 ejusque
1041 2633 1173 2670 incolis,
1196 2643 1244 2664 se-

237 2683 324 2712 datis
339 2683 459 2721 jurgiis
478 2686 509 2713 et
532 2685 784 2714 contentionum
809 2686 984 2715 occasione
1005 2689 1185 2723 summota,
1206 2687 1246 2717 de

238 2736 361 2774 quietis
379 2738 409 2765 vt
425 2737 513 2774 pacis
527 2738 715 2769 cominodo.
730 2740 865 2768 auctore
883 2739 1040 2775 Domino,
1055 2740 1244 2777 providere,

239 2788 413 2817 universas
443 2791 817 2821 excommunicalionis,
853 2792 1107 2829 suspensionis,
1138 2794 1247 2831 privas

239 2902 338 2923 sonas
369 2894 613 2923 ecclesiasticas
643 2896 693 2925 vol
722 2897 891 2926 seculares
922 2897 997 2927 hinc
1025 2898 1100 2928 inde
1126 2899 1246 2937 quavis
1275 2898 1276 2930 i

239 2946 445 2981 auctoritate,
471 2948 695 2985 protili-torma
726 2950 910 2985 occasione,
930 2951 1090 2988 prolatas,
1110 2952 1245 2990 penitus
1275 2963 1276 2975 π

995 269 1022 299 P.
1029 266 1239 298 EGISTRES
1262 266 1473 296 D’L'RBAIN
1499 266 1556 296 IV.

1304 358 1518 385 revocamus,
1551 350 1761 385 relaxamus,
1793 352 2010 382 annullamus
2043 355 2074 383 et
2101 353 2316 386 decernimus

1304 401 1434 432 viribus
1453 403 1589 432 omnino
1613 412 1736 439 carere,
1755 404 1943 442 predictum
1962 406 2134 444 negotium
2152 409 2183 436 et
2201 408 2315 437 omnia

1305 455 1417 494 ipsum
1440 456 1667 494 contingentia
1696 456 1730 486 in
1757 465 1833 487 eum
1861 458 1998 488 omnino
2028 460 2166 496 statum,
2193 460 2225 490 in
2250 470 2316 499 quo

1304 510 1397 538 erant
1410 510 1486 538 ante
1498 509 1759 543 contentionem,
1774 510 1902 541 ratione
1918 511 2056 550 saysine
2073 512 2112 542 de
2130 511 2228 542 bonis
2243 522 2316 552 pre·

1304 561 1383 591 dicti
1403 562 1588 598 Amaurici,
1607 562 1703 598 facte,
1722 562 1908 599 subortam,
1926 567 2098 595 reservata
2114 567 2227 596 tamen
2246 568 2317 597 tam

1304 614 1370 653 ipsi
1388 615 1557 653 :cardinali
1578 617 1610 645 et
1637 616 1721 649 suis,
1746 625 1848 655 quam
1871 617 2000 655 prefato
2020 618 2168 656 capitulo
2187 621 2218 649 et
2244 620 2317 658 qui-

1303 667 1453 698 buslibet
1481 668 1559 698 aliis
1585 678 1685 706 super
1709 669 1783 707 jure
1815 678 1888 706 suo,
1923 670 2091 709 dampnis,
2123 672 2262 702 offensis
2287 674 2319 702 et

1304 715 1574 760 quibuscumque
1592 722 1727 761 injuriis
1744 723 1932 761 questione,
1947 724 2147 754 reducentes
2163 725 2203 754 de
2221 733 2317 764 apos·

1304 774 1404 804 tolice
1426 774 1635 812 plenitudine
1650 776 1840 814 potestatis.
1857 776 2006 815 Ideoque
2022 778 2223 808 mandamus
2238 787 2319 817 qua-

1304 827 1395 858 tinus
1406 836 1464 857 vos
1477 828 1527 858 vel
1538 828 1623 858 alter
1637 831 1801 865 vestrum,
1813 838 1872 868 per
1883 838 1942 859 vos
1955 830 2006 860 vel
2020 830 2125 860 alium
2143 839 2203 861 seu
2218 831 2317 868 alios,

1304 881 1453 919 prefatas
1468 882 1656 911 sententias
1675 884 1847 913 revocatas
1863 885 1895 913 et
1912 884 2117 920 annullataS,
2136 885 2318 924 ipsumque

1305 934 1476 972 negotium
1500 944 1536 964 ac
1569 936 1682 964 omnia
1709 936 1936 974 contingentia
1965 936 2061 973 illud,
2081 937 2122 967 ad
2149 934 2319 976 prefatum

1304 989 1429 1018 statum
1447 988 1583 1017 reducta
1599 996 1685 1025 esse,
1702 988 1759 1018 ubi
1777 991 1808 1019 et
1823 990 1958 1028 quando
1973 990 2134 1028 expedire
2150 991 2320 1026 videritis,

1304 1041 1510 1074 nuntiantes,
1531 1041 1562 1071 et
1585 1041 1624 1071 de
1644 1042 1729 1072 sacto
1760 1043 1930 1081 negotium
1956 1043 2067 1081 ipsum
2092 1046 2124 1073 et
2142 1043 2227 1074 illud
2247 1053 2320 1075 con-

1303 1094 1468 1133 tingentia
1481 1094 1522 1124 ad
1541 1096 1666 1124 statum
1684 1095 1882 1125 reducentes
1901 1097 2057 1132 eundem,
2077 1106 2113 1126 ac
2127 1097 2321 1128 inhibentes

1303 1147 1491 1178 districtius
1522 1156 1561 1178 ne
1586 1148 1700 1187 aliqua
1727 1149 1874 1186 partium
1896 1149 1947 1179 vel
1964 1150 2076 1187 quivis
2101 1150 2190 1180 alius
2211 1159 2313 1189 super

1304 1201 1482 1240 premissis
1516 1200 1695 1239 quicquam
1732 1202 1851 1231 audeat
1886 1202 2064 1237 innovare,
2098 1203 2318 1234 decernentes

1305 1263 1438 1293 quoque
1455 1254 1588 1284 irritum
1606 1256 1636 1283 et
1653 1255 1750 1284 inane
1768 1255 1795 1283 si
1812 1263 1909 1284 secus
1923 1264 1941 1283 a
1953 1264 2124 1293 quoquam
2139 1256 2322 1295 contigerit

1305 1307 1510 1345 attemptari,
1542 1315 1577 1336 ac
1609 1316 1710 1345 super
1744 1307 2012 1345 irregularitate,
2044 1308 2178 1347 siquam
2211 1309 2321 1348 aliqui

1305 1362 1546 1390 contraxerunt
1570 1359 1763 1398 hujusmodi
1791 1360 1887 1399 ligati
1914 1361 2105 1397 sententiis,
2135 1370 2170 1392 se
2193 1361 2320 1392 divinis

1305 1413 1428 1443 officiis
1452 1412 1687 1448 immiscendo,
1713 1413 1952 1452 dispensantes
1971 1414 2169 1444 auctoritate
2187 1417 2322 1454 aposto-

1304 1466 1369 1495 lica
1400 1474 1474 1495 cum
1510 1465 1655 1496 eisdem.
1694 1466 1881 1504 capitulum
1918 1467 2151 1505 supradictum
2190 1476 2321 1499 necnon

1305 1519 1484 1549 officialem
1516 1521 1548 1548 et
1578 1518 1718 1549 clericos
1749 1519 1842 1558 ipsos
1868 1530 1904 1549 ac
1930 1520 2124 1558 specialiter
2150 1521 2320 1560 predictos

1304 1572 1498 1610 Symonem,
1510 1572 1877 1610 Egidium,‹lobannem
1894 1576 1925 1603 et
1942 1574 2146 1604 Balduinum
2165 1583 2207 1604 ex
2223 1577 2318 1613 parte

1305 1627 1432 1661 nostra,
1460 1625 1563 1655 citare
1592 1625 1730 1661 curetis,
1755 1628 1790 1656 ut
1814 1626 1902 1656 infra
1926 1627 2110 1657 terminum
2131 1631 2322 1667 perempto-

1304 1679 1392 1708 rium
1412 1681 1670 1718 competentem,
1692 1688 1792 1718 quein
1813 1680 1863 1710 eis
1883 1679 2050 1710 duxeritis
2074 1681 2318 1720 prefigendum‚

1305 1732 1478 1771 predictus
1506 1732 1650 1771 Syrnon,
1683 1733 1840 1771 Egidius,
1871 1733 2043 1763 Johannes
2074 1736 2106 1764 et
2135 1734 2322 1766 Baldoinus

1306 1783 1542 1822 personaliter,
1555 1785 1741 1822 capitulum
1756 1794 1834 1815 vero
1847 1788 1878 1815 et
1895 1786 1996 1816 ceteri
2014 1795 2073 1824 per
2085 1788 2322 1825 procuratores

1306 1838 1468 1876 ydoneos
1484 1846 1559 1867 curn
1575 1838 1674 1876 pleno
1692 1840 1724 1868 et
1744 1838 1927 1869 sufficienti
1946 1839 2106 1869 mandato
2123 1839 2164 1870 ad
2183 1847 2319 1878 respon-

1306 1891 1451 1921 dendum
1471 1891 1503 1920 in
1526 1891 1653 1928 judicio
1673 1891 1956 1930 quibuscumun
1976 1893 2033 1931 qui
2052 1893 2092 1923 de
2111 1893 2197 1931 ipsis
2217 1901 2320 1932 super

1306 1944 1486 1983 premissis
1504 1944 1671 1974 voluerint
1688 1945 1855 1983 deponere
1869 1945 2094 1984 questionem,
2114 1954 2150 1976 ac
2169 1948 2320 1976 nostram

1307 2006 1408 2036 super
1422 1998 1488 2027 hiis
1506 1998 1753 2028 ordinationem
1769 1998 1996 2037 recipiendam
2014 2001 2045 2029 et
2060 1998 2319 2035 observandam,

1307 2053 1522 2090 compareant
1544 2060 1655 2081 coram
1679 2051 1787 2081 nobis.
1814 2052 1983 2082 Invocato.
2009 2054 2071 2082 etc.
2090 2052 2321 2083 Contradicto-

1307 2113 1372 2140 res.
1393 2106 1454 2134 etc.
1475 2105 1571 2135 lJiem
1587 2106 1698 2134 autem
1713 2105 1884 2135 citationis
1901 2105 2095 2141 hujusmodi
2111 2108 2142 2136 et
2161 2105 2321 2144 quiequid

1307 2167 1409 2196 super
1426 2158 1486 2187 hoc
1510 2158 1677 2188 duxeritis
1699 2158 1899 2187 faciendum.
1926 2158 2022 2188 nobis
2042 2167 2100 2196 per
2118 2161 2249 2189 vestras
2267 2159 2321 2189 lit-

1306 2213 1396 2241 teras
1414 2212 1784 2250 tenorempresentium
1801 2212 2235 2251 continentes,quantocius
2252 2221 2321 2243 res-

1308 2265 1457 2295 cribatis.
1476 2265 1599 2295 Datum
1612 2265 1699 2303 apud
1713 2265 2000 2296 [rhemvetcrein.
2018 2275 2053 2294 iu
2073 2274 2178 2295 nonas
2187 2266 2318 2304 aprilis,

1308 2327 1394 2348 anno
1414 2318 1524 2348 tertio.
1547 2331 1561 2345 υ

1399 2481 1418 2489 »⁴

1396 2480 1469 2511 044
1906 2483 2030 2515 Orviclo,
2052 2483 2062 2509 i
2080 2483 2151 2510 avril
2172 2484 2249 2510 12(ῐᾷ-

1343 2563 1490 2589 Jacobum.
1508 2562 1755 2597 :11‹·111·0pis-›0p111n
1773 2563 1965 2589 Lundvusvm.
1988 2562 2128 2589 hortatur.
2153 2566 2180 2590 ut
2205 2567 2322 2598 propter

1308 2612 1396 2638 multa
1412 2612 1446 2637 ah
1460 2622 1492 2637 co
1511 2612 1636 2646 maligue
1651 2615 1675 2638 ct
1695 2620 1827 2646 perversi·
1845 2612 1932 2638 sarta.
1947 2621 2019 2646 qum¹
2031 2612 2187 2646 diligenter
2203 2620 2320 2640 enume-

1309 2664 1416 2687 rantur-
1435 2661 1591 2687 hundcnsis
1609 2661 1747 2687 ecclesiae
1765 2661 1910 2694 regimini.
1940 2661 2013 2687 iufra
2030 2664 2094 2687 octo
2109 2662 2170 2688 dies
2199 2665 2259 2696 post
2277 2669 2320 2688 re-

1307 2711 1468 2744 ceptionem
1486 2709 1587 2735 haruin
1606 2710 1782 2736 litii-rarum.
1800 2711 1825 2736 iu
1847 2710 1980 2736 inanibus
1997 2711 2099 2744 prioris
2121 2711 2155 2737 dc
2174 2710 2321 2737 Halmstn-

1306 2755 1363 2781 diu.
1381 2755 1538 2780 Laudi-usis
1556 2755 1688 2781 diocesis.
1708 2758 1732 2780 ct
1751 2755 1909 2788 subprioris
1934 2754 2056 2781 fratrum
2085 2755 2317 2781 Praedia-ntorum

1275 2834 1276 2837 Ἴ
1308 2804 1501 2830 Lundvnsium
1519 2807 1620 2837 sponte
1637 2804 1730 2830 cedat.
1749 2804 1827 2835 liuza.
1845 2805 1888 2829 ΞΝ.
1902 2803 1949 2829 fol.
1968 2804 1995 2829 it
2012 2809 2050 2836 w,
2063 2811 2130 2830 anu.
2150 2803 2240 2831 111.n⁰
2256 2803 2320 2837 HR

221 2841 340 2870 ·tionis
356 2843 387 2871 et
404 2841 569 2871 interdicti
590 2844 774 2873 sententias
792 2847 907 2873 contra
925 2854 1155 2884 quascumque
1174 2855 1246 2884 per·
1275 2842 1276 2845 ¹

1310 2853 1456 2879 l'orTuAsr
1477 2853 1522 2878 iss
1531 2853 1581 2886 itt.)

1349 2963 1363 2980 α
1385 2951 1510 2986 Jacobo,
1531 2951 1756 2990 archiepiscopo
1774 2950 1936 2982 Lzunlcnsi.
1958 2952 2008 2981 Ad
2022 2951 2229 2982 audientiam
2247 2961 2322 2983 nos-
