2547 3289
186 269 225 297 22
927 253 1177 286 lzssGIsTssEs
1201 253 1414 283 D‘URBAIN
1439 253 1496 283 [V.

185 347 339 380 assecuti,
359 344 452 375 nobis
475 342 645 373 humiliter
663 339 877 380 supplicastis
900 339 933 368 ut
967 346 1043 367 cum
1074 344 1190 366 eorun-
1218 354 1219 358 ,

186 401 259 430 dem
283 396 473 428 monasterii
508 405 535 425 s.
552 393 682 424 Nicolai
707 394 738 423 et
767 391 906 422 ecclesie
930 390 1111 430 proventus
1133 396 1192 418 sex

186 453 357 481 unciarum
383 449 454 479 auri
485 448 631 478 valorem
655 454 805 476 annuum
831 453 895 475 non
921 443 1093 477 excedant,
1118 449 1194 480 pro-

185 505 296 533 videre
310 503 403 533 vobis
415 510 514 540 super
528 501 588 530 hoc
604 500 642 529 de
655 498 857 537 benignitate
869 496 1049 536 apostolica
1060 502 1192 525 curare-

185 565 270 587 mus.
287 556 357 585 Nos
378 555 487 593 itaque
509 553 660 584 volentes
677 553 712 582 ut
728 550 919 590 hujusmodi
938 549 1043 587 gratia
1059 548 1129 586 jam
1148 547 1194 576 in-

183 610 277 647 cepta
296 607 392 637 vobis
405 607 572 637 fructuosa
591 602 1011 640 reddatur,monasterium
1037 601 1068 630 et
1093 599 1195 629 eccle—

184 661 269 691 siam
286 659 476 699 hujusmodi
488 659 584 689 vobis
597 659 628 688 et
639 666 697 697 per
713 666 773 688 vos
787 655 988 687 monasterio
1005 654 1126 689 vestro,
1143 660 1197 682 ve-

184 714 231 744 ris
246 713 466 744 existentibus
483 710 695 750 supradictiS,
713 709 927 740 concedimus
944 709 972 737 et
991 705 1196 737 conserimus

185 768 218 797 in
234 768 428 806 perpetuum
445 766 483 796 de
500 765 603 804 gratia
618 763 766 803 speciali.
793 762 1017 793 Decernentes
1036 777 1084 789 —.
1102 757 1195 788 Nulli

184 828 261 858 ergo
274 836 322 848 —.
335 820 458 849 Datum
468 817 621 853 Viterbii,
634 826 687 846 xvi
702 815 862 847 kalendas
878 814 1007 853 aprilis,
1019 821 1104 843 anno
1123 814 1152 841 1⁰
1167 823 1194 842 υ.

252 981 298 1011 (37
735 973 861 1007 Yiterbe,
879 973 908 999 2¹
931 980 1010 999 mars
1029 972 1123 999 12621.

220 1064 262 1090 Ad
281 1062 451 1090 instantiam
473 1060 621 1095 Stephani,
642 1058 796 1086 familiaris
818 1058 874 1091 sui,
896 1058 1009 1090 decani,
1030 1059 1058 1083 et
1079 1056 1197 1091 capituli

185 1112 304 1139 ecclesio
317 1110 471 1142 'l‘ullcnsis,
483 1117 548 1136 cum
566 1109 594 1135 in
605 1109 705 1135 eodem
719 1108 843 1142 capitulo
856 1106 988 1133 nonnulli
1005 1107 1033 1132 in
1044 1105 1197 1133 canonicos

185 1160 292 1195 recepti
312 1160 379 1190 siut,
397 1159 482 1186 nuliis
503 1157 673 1192 praebendis
695 1156 799 1183 ibidem
820 1155 998 1186 vacantibus,
1019 1154 1114 1180 abbati
1136 1161 1196 1180 mo-

186 1209 304 1236 nasterii
320 1217 343 1235 s.
362 1207 468 1234 Urbani
486 1207 604 1233 mandat
619 1208 651 1233 ut
664 1205 818 1240 diligenter
835 1203 962 1238 inquirat
976 1203 1038 1237 quis
1057 1203 1197 1237 primum,

186 1258 249 1292 quis
272 1257 429 1284 secundam
449 1258 478 1282 et
499 1256 562 1290 quis
585 1255 686 1282 deinde
711 1253 904 1288 praebendam
929 1252 956 1279 in
979 1252 1055 1279 dicta
1078 1251 1198 1278 eeclesia

187 1307 288 1333 debeat
305 1305 444 1332 obtinere.
463 1304 542 1338 (lise.
560 1303 657 1330 26s01.
676 1304 705 1329 15
722 1308 761 1334 νῦ,
779 1306 811 1328 n⁰
826 1301 882 1335 63.)

230 1396 244 1411 «
269 1407 289 1414 ..
301 1382 404 1412 abbati
419 1380 626 1410 nimiastert‘is.
646 1378 773 1414 Urbani,
790 1377 1042 1408 Caaelmlaancnsis
1059 1376 1195 1405 diocesis.

188 1436 308 1467 l'etitio
331 1435 441 1465 dilecti
466 1434 527 1464 filii
556 1450 606 1463 -.
630 1433 754 1462 Datum
782 1431 937 1465 Viterbii,
968 1439 1011 1459 xu
1037 1429 1199 1459 kalendas

187 1490 315 1529 aprilis,
334 1496 421 1518 anno
438 1488 480 1516 1⁰.
509 1499 523 1514 »

256 1648 304 1679 (38
748 1641 874 1673 Viterbe,
892 1640 1031 1675 9janvier
1050 1640 1126 1665 1252.

226 1725 443 1760 Archiofflscopo
463 1723 596 1750 Remensi
618 1722 736 1749 mandat
757 1723 787 1748 ut
809 1719 985 1747 monasterio
1007 1719 1200 1746 Andeciarum

188 1783 237 1802 seu
258 1773 435 1806 Viri-sontis,
465 1773 516 1799 sub
538 1779 622 1799 onere
644 1778 798 1797 usurarum
818 1777 965 1804 oppresso,
983 1769 1017 1794 de
1041 1769 1201 1802 opportuno

191 1823 318 1851 remedio
334 1822 481 1857 providere
499 1822 643 1856 procuret.
663 1820 742 1855 (itae.
758 1820 792 1845 26
813 1818 861 1845 fol.
884 1820 923 1850 ¹9,
941 1822 972 1844 n⁰
990 1818 1045 1850 (56.)

232 1927 246 1943 α
272 1938 295 1946 ..
315 1915 538 1953 archiepiscopo
558 1913 708 1942 Rcmenss.
734 1913 832 1942 Lecta
855 1919 966 1941 coram
989 1910 1085 1940 nobis
1105 1910 1203 1939 dilee-

194 1970 301 1999 tarum
329 1968 363 1997 in
390 1967 523 1998 Christo
552 1966 697 1995 tiliarum
723 1989 741 1995 ..
766 1964 933 1994 abbatisse
959 1964 989 1993 et
1019 1964 1202 1992 conventus

194 2020 388 2052 monasterii
404 2019 626 2050 Andeciarnm
642 2026 701 2048 seu
717 2017 797 2048 Vivi
814 2016 941 2050 Fontis,
959 2015 1087 2046 ordinis
1105 2024 1132 2045 s.
1143 2015 1203 2045 Be-

193 2074 284 2109 dicti,
304 2071 583 2103 Catbalaunensis
597 2070 750 2106 diocesis,
768 2069 881 2108 petitio
898 2068 1098 2101 continebat,
1117 2068 1203 2106 quod

191 2128 257 2157 tam
285 2126 356 2165 ipse
381 2133 480 2164 quam
507 2124 563 2154 ille
591 2132 654 2162 que
684 2123 773 2162 ipsas
799 2122 1039 2161 precesserunt,
1071 2121 1204 2159 propter

192 2181 346 2218 urgentes
361 2175 833 2212 necessitateS‚monasterium
849 2174 958 2213 ipsum
976 2174 1009 2204 in
1028 2173 1158 2211 magnis
1173 2174 1203 2203 et

193 2233 307 2263 multis
322 2231 465 2262 summis
476 2229 695 2269 pecuniarum
708 2228 852 2258 diversis
862 2226 1082 2257 creditoribus
1095 2226 1203 2256 diver-

192 2294 304 2316 sarum
322 2284 468 2324 partium
480 2283 680 2321 obligarunt,
694 2289 836 2320 quarum
853 2280 1012 2310 nonnulle
1027 2279 1202 2318 presertim

193 2347 249 2377 per
268 2337 457 2368 usurariam
474 2336 670 2375 pravitatem
685 2335 823 2369 extorte,
844 2333 876 2363 in
901 2332 1075 2362 utilitatem
1095 2331 1202 2370 ipsius

192 2390 384 2421 monasterii
410 2398 475 2419 non
499 2389 681 2418 cesserunt.
709 2387 803 2418 Unde
827 2385 1067 2416 monasterium
1090 2385 1201 2423 ipsum

193 2444 324 2482 propter
340 2442 449 2472 debita
464 2440 656 2480 huJ'usmodi
671 2440 754 2471 adeo
768 2438 930 2478 premitur
946 2438 1033 2476 quod
1053 2437 1202 2467 redditus

191 2497 224 2526 ct
242 2496 422 2534 proventus
447 2494 553 2533 ipsius
577 2493 633 2523 vix
655 2492 828 2523 sufficiunt
849 2491 890 2521 ad
908 2491 1101 2528 voraginem
1123 2499 1203 2520 usu-

194 2558 315 2579 rarum.
344 2547 535 2578 Eorundem
561 2554 691 2585 quoque
718 2545 920 2575 creditorum
949 2543 1053 2582 aliqui
1082 2552 1140 2582 pro
1168 2552 1203 2574 se

192 2609 292 2640 super
310 2601 376 2630 hiis
393 2601 507 2630 contra
526 2608 582 2629 eas
607 2598 806 2629 diffinitivas
832 2596 1047 2628 obtinuerunt
1072 2597 1204 2626 senten-

193 2654 254 2683 tias
268 2653 460 2683 auctoritate
475 2652 655 2691 apostolica
668 2651 796 2685 ferri,et
813 2650 882 2688 ipse
897 2649 1065 2679 abbatissa
1079 2650 1110 2678 et
1126 2657 1203 2679 con-

195 2707 312 2736 ventus
336 2714 410 2735 cum
436 2704 604 2743 aliquibus
630 2712 671 2733 ex
698 2703 780 2742 ipsis
806 2701 1027 2732 creditoribus
1052 2701 1203 2731 diversas

193 2758 461 2797 compositiones,
480 2757 565 2787 datis
583 2765 683 2796 super
706 2756 766 2786 hoc
790 2754 1029 2794 litteris‚penis
1052 2753 1201 2792 adjectis,

229 2842 249 2864 1.
269 2840 343 2865 Cotto
367 2840 443 2864 loni-0
461 2841 503 2864 est
517 2839 600 2863 ecrite
617 2839 686 2862 dans
704 2838 746 2862 les
766 2838 867 2862 memes
886 2837 987 2861 termes
1005 2842 1057 2867 que
1077 2836 1103 2860 la
1126 2836 1205 2859 lettre

198 2889 228 2909 n⁰
245 2886 283 2911 62,
304 2883 431 2908 adt-cssoe
450 2891 518 2915 pour
534 2889 587 2907 une
606 2883 702 2907 affaire
721 2881 872 2906 semblable
888 2888 923 2905 au
939 2880 1026 2911 doyen
1045 2880 1077 2904 de
1097 2880 1206 2905 Monte-

197 2928 279 2953 falco.

1252 335 1456 375 interpositis
1478 334 1689 374 juramentis,
1721 334 1947 364 satisfactione
1977 333 2196 373 dampnorum
2227 341 2265 363 ac

1252 389 1411 419 interesse
1435 388 1663 428 premissis,et
1688 387 1847 418 confectis
1874 387 1995 417 exinde
2024 386 2264 417 nichilominus

1251 441 1393 481 publicis
1420 441 1663 477 instrumentis,
1694 441 1789 470 sactis
1819 440 2124 471 renuntiationibus
2156 438 2265 478 quoad

1252 495 1444 534 impetratas
1466 495 1497 524 et
1517 493 1742 533 impetrandas
1765 494 1965 532 apostolicas
1988 493 2126 528 litteras,
2150 501 2266 523 execu-

1251 548 1381 578 toribus
1397 548 1496 578 etiam
1519 555 1621 586 super
1644 547 1818 585 premissis
1839 555 1857 576 a
1873 547 1950 577 sede
1970 547 2150 586 apostolica
2167 547 2268 584 depu-

1251 601 1339 636 tatis,
1354 602 1385 631 et
1412 600 1583 631 nonnullis
1608 600 1824 640 processibus
1849 599 1973 630 habitis
1989 608 2048 639 per
2070 599 2204 630 easdem
2234 599 2267 628 in

1252 662 1422 685 enormem
1438 653 1600 684 lesionem
1617 653 1724 692 ipsius
1742 652 1937 683 monasterii
1952 654 2029 682 sunt
2047 652 2130 682 inire
2143 653 2265 683 coacte.

1253 708 1362 743 Quare
1378 715 1436 746 pro
1452 707 1543 746 parte
1555 706 1718 736 dictarum
1735 705 1902 736 abbatisse
1918 707 1948 736 et
1962 707 2145 736 conventus
2158 705 2267 735 humi-

1253 761 1329 791 liter
1350 760 1523 799 petebatur
1546 768 1563 789 a
1587 759 1684 789 nobis
1712 760 1760 795 ut,
1786 767 1862 789 cum
1887 759 2004 788 merito
2027 758 2135 788 timeri
2161 758 2267 797 possit

1253 813 1342 852 quod
1366 813 1605 843 monasterium
1630 812 1741 851 ipsum
1763 811 2014 851 irreparabilem
2037 811 2198 841 lesionem
2221 811 2268 840 in—

1255 867 1400 896 curreret
1415 866 1481 896 nisi
1496 866 1526 895 ei
1542 865 1582 896 de
1598 865 1696 895 celeri
1711 866 1740 895 ct
1752 864 1879 895 salubri
1894 864 2040 895 remedio
2055 865 2269 894 succurratur

1255 919 1375 953 eidem,
1400 919 1575 957 providere
1598 919 1632 948 in
1658 918 1717 948 hac
1739 919 1830 957 parte
1856 917 2115 947 misericorditer
2136 925 2269 947 curare-

1254 980 1342 1002 mus.
1361 971 1432 1002 Nos
1448 971 1549 1010 igitur
1571 971 1609 1001 de
1629 972 1685 1001 tua
1702 970 1895 1001 discretioni
1913 970 2044 1005 confisi,
2069 968 2269 1000 fraternitati

1254 1025 1309 1055 tue
1325 1024 1523 1054 mandamus
1540 1025 1705 1063 quatenus
1720 1024 1897 1054 universos
1915 1023 2065 1053 redditus
2080 1024 2110 1053 et
2128 1030 2268 1061 proven-

1254 1079 1308 1108 tus
1322 1077 1518 1108 monasterii
1535 1078 1708 1107 memorati
1726 1086 1784 1116 per
1801 1078 1831 1107 te
1849 1077 1903 1107 vel
1920 1077 2026 1106 alium
2045 1076 2186 1106 fideliter
2204 1075 2271 1105 col-

1225 1134 1226 1139 ’
1255 1131 1374 1169 ligens,
1390 1138 1533 1169 congrua
1545 1130 1584 1160 de
1601 1130 1669 1160 illis
1684 1130 1884 1169 supradictis
1900 1129 2068 1159 abbatisse
2086 1130 2115 1159 et
2127 1136 2268 1159 conven-

1255 1185 1304 1214 tui
1325 1184 1565 1214 sustentatione
1588 1185 1730 1218 servata,
1753 1184 1856 1213 totum
1882 1183 2053 1212 residuum
2078 1182 2268 1212 reddituum

1256 1238 1285 1268 et
1308 1238 1531 1276 proventuum
1551 1236 1776 1275 predictorum
1798 1236 1833 1266 in
1856 1235 2057 1265 solutionem
2082 1234 2270 1264 debitorum

1255 1290 1460 1329 hujusmodi,
1487 1290 1600 1320 usuris
1626 1289 1762 1319 omnino
1790 1288 2010 1323 cessantibus,
2039 1290 2069 1317 et
2096 1288 2270 1326 premissis

1256 1352 1315 1374 seu
1334 1343 1515 1382 aliquibus,
1532 1343 1561 1372 si
1584 1352 1602 1372 a
1619 1343 1696 1372 sede
1714 1342 1898 1380 apostolica
1923 1342 1965 1371 sit
1990 1341 2157 1371 indultum
2181 1340 2269 1378 quod

1256 1396 1550 1429 excommunicari.
1569 1395 1729 1433 suspendi
1745 1395 1798 1424 vel
1815 1394 1968 1424 interdici
1986 1402 2051 1424 non
2068 1393 2198 1432 possint
2213 1401 2272 1431 per

1257 1449 1383 1479 litteras
1402 1448 1602 1487 apostolicas
1622 1456 1687 1477 non
1706 1447 1866 1477 facientes
1882 1447 2014 1485 plenam
2032 1447 2062 1475 et
2078 1453 2271 1484 expressam

1257 1501 1296 1531 de
1312 1500 1440 1530 indulto
1454 1500 1647 1539 hujusmodi
1665 1499 1880 1533 mentionem,
1898 1500 1928 1528 et
1945 1499 2011 1529 alia
2028 1499 2147 1536 quavis
2163 1497 2271 1528 indul-

1258 1553 1367 1592 gentia
1383 1553 1467 1583 dicte
1487 1553 1588 1587 sedis,
1612 1561 1671 1591 per
1695 1561 1797 1591 quam
1821 1552 1956 1582 effectus
1982 1551 2187 1590 presentium
2211 1551 2272 1580 im-

1258 1606 1364 1646 pediri
1387 1606 1495 1636 valeat
1517 1605 1571 1635 vel
1593 1605 1729 1639 differri,
1750 1606 1781 1635 et
1802 1605 1840 1635 de
1864 1614 1929 1643 qua
1954 1604 1990 1634 in
2014 1604 2136 1634 nostris
2152 1603 2273 1633 litteris

1258 1659 1382 1690 mentio
1407 1659 1479 1689 fieri
1499 1659 1616 1689 debeat
1638 1658 1804 1697 specialis,
1823 1666 2034 1696 nequaquam
2051 1656 2274 1691 obstantibus,

1260 1713 1452 1743 convertere
1468 1721 1533 1742 non
1549 1711 1694 1746 omittas,
1711 1711 1946 1741 satisfaciendo
1962 1719 2020 1749 per
2036 1710 2187 1740 ordinem
2205 1717 2274 1740 cre-

1260 1765 1423 1796 ditoribus
1445 1765 1646 1803 supradictis
1666 1764 1761 1803 juxta
1785 1764 1873 1802 quod
1894 1764 1984 1802 ipsos
2003 1764 2077 1802 jure
2101 1762 2274 1793 inveneris

1261 1819 1417 1857 potiores,
1434 1817 1609 1857 presertim
1629 1826 1704 1847 cum
1722 1817 1851 1847 dicatur
1867 1825 1925 1855 per
1947 1816 2034 1846 hunc
2052 1816 2189 1846 modum
2205 1816 2273 1846 tam

1262 1871 1328 1910 ipsi
1341 1871 1542 1901 monasterio
1555 1879 1655 1910 quam
1672 1870 1799 1900 eisdem
1812 1869 2032 1900 creditoribus
2044 1877 2141 1908 posse
2159 1869 2275 1899 utilius

1262 1924 1443 1963 provideri,
1458 1924 1612 1954 relaxans
1628 1923 1804 1958 interdicti,
1823 1923 2068 1962 suspensionis,
2084 1930 2274 1952 excommu-

1263 1977 1438 2007 nicationis
1453 1977 1646 2011 sententias,
1665 1976 1694 2006 si
1712 1985 1796 2014 quas
1812 1977 1847 2006 in
1861 1976 1994 2006 easdem
2018 1975 2221 2005 abbatissam
2244 1976 2277 2005 et

1262 2031 1462 2060 conventum
1480 2029 1700 2059 communiter
1715 2029 1768 2059 vel
1784 2029 1933 2063 divisim,
1947 2028 2000 2058 vel
2015 2037 2129 2058 eorum
2145 2027 2277 2066 aliquas

1263 2082 1435 2113 occasione
1449 2082 1641 2121 hujusmodi
1657 2091 1729 2112 esse
1744 2082 1913 2112 inveneris
1925 2081 2151 2120 promulgatas
2167 2082 2197 2111 et
2211 2089 2277 2110 non

1262 2136 1456 2174 permittens
1481 2144 1538 2165 eas
1560 2135 1693 2165 interim
1716 2143 1817 2173 super
1840 2135 1905 2164 alia
1931 2134 2096 2164 solutione
2124 2133 2275 2164 facienda

1261 2197 1320 2228 per
1337 2189 1467 2226 aliquas
1486 2188 1611 2218 litteras
1632 2189 1832 2227 apostolicas
1847 2196 1957 2218 coram
1974 2187 2131 2226 predictis
2149 2187 2201 2217 vel
2217 2186 2280 2217 ali-

1263 2242 1384 2281 quibus
1408 2242 1484 2271 aliis
1510 2242 1744 2272 executoribus
1768 2241 1950 2271 molestari.
1975 2240 2205 2271 Molestatores
2226 2256 2276 2268 ——.

1263 2295 1386 2325 Datum
1404 2295 1559 2330 viterbii,
1583 2305 1598 2323 v
1618 2295 1692 2325 idus
1705 2294 1864 2333 januarii,
1883 2303 1970 2324 anno
1992 2296 2033 2324 1⁰.
2059 2306 2073 2320 n

1330 2443 1389 2476 (ἴθ’
1814 2441 1937 2474 Viterbe,
1954 2442 1989 2467 ‘20
2007 2441 2111 2468 sex-tier
2132 2442 2206 2468 ¹262.

1298 2526 1428 2560 Cnpitulo
1448 2525 1586 2552 ccclesiae
1608 2533 1631 2551 s.
1656 2524 1807 2551 vulfranni
1833 2524 1862 2551 in
1887 2524 2077 2550 Abbaiisvilla
2098 2523 2227 2559 indulget
2249 2526 2279 2551 ut

1263 2575 1399 2602 beneficia
1414 2582 1503 2609 quum
1516 2573 1688 2607 vacaverint,
1702 2573 1790 2600 libere
1804 2572 1936 2599 conferre
1951 2573 2074 2599 valcant.
2089 2573 2165 2607 (linc.
2181 2574 2214 2599 ‘26
2228 2572 2278 2600 sul.

1267 2626 1296 2650 16
1314 2629 1354 2656 vo,
1373 2627 1404 2649 no
1422 2623 1478 2658 67.)

1305 2716 1319 2731 «
1346 2727 1365 2734 ..
1383 2703 1496 2732 decano
1512 2707 1537 2731 et
1556 2701 1690 2741 capitulo
1710 2701 1832 2730 ecclesie
1849 2711 1872 2730 s.
1898 2700 2061 2738 I'ulsranni
2081 2700 2110 2729 in
2135 2699 2279 2729 Abbatis-

1264 2756 1349 2791 villa,
1374 2755 1585 2785 Amhranensis
1605 2754 1742 2783 diocesis.
1764 2755 1802 2784 In
1826 2753 1965 2784 ecclesia
1988 2755 2098 2783 vestra
2115 2761 2188 2783 esse
2212 2753 2277 2782 sta-

1264 2811 1373 2840 tutum
1397 2809 1586 2848 accepimus
1599 2807 1790 2846 juramento
1811 2807 1992 2842 firmatum,
2011 2806 2099 2845 quod
2121 2806 2160 2835 de
2176 2804 2277 2835 hene-

1267 2862 1353 2892 ficiis
1378 2862 1417 2892 ad
1445 2861 1654 2892 collationem
1680 2861 1824 2890 vestram
1852 2858 2089 2898 spectantibus,
2116 2866 2191 2887 cum
2219 2856 2277 2887 illa

1268 2923 1385 2946 vacare
1408 2914 1578 2953 contingit,
1601 2921 1707 2952 usque
1730 2913 1771 2943 ad
1788 2913 1859 2943 octo
1879 2912 1949 2942 dies
1972 2920 1990 2941 a
2013 2912 2157 2949 tempore
2181 2917 2278 2939 vaea-
