2547 3289
275 184 334 213 248

272 268 302 295 te
323 266 460 303 pacilica
484 265 563 294 dicti
589 264 770 302 prioratus,
791 263 920 301 jurium
946 265 977 293 et
998 264 1279 302 pertinentiarum
1311 300 1312 305 ¹

271 320 342 355 ejus
358 318 573 356 possessione
583 317 739 355 gaudere.
755 316 849 346 Nulli
861 325 938 355 ergo
948 318 1063 346 nostre
1074 316 1280 355 provisionis

270 373 302 400 et
332 369 558 400 restItutionis
584 371 645 399 otc.
674 370 796 398 Datum
825 369 912 407 apud
941 368 1230 405 Urbemvetcrem,
1258 378 1280 399 11

270 423 430 453 kalendas
449 422 623 458 februarii,
644 430 729 452 1111110
748 422 822 452 1110.
846 432 860 451 ))

358 616 431 646 505

826 614 950 645 Orvieto,
968 616 984 641 8
997 615 1111 650 janvier
1130 616 1206 642 1201.

300 702 437 737 Episcopo
456 702 639 737 Traguriensi
658 703 775 729 mandat
792 704 822 729 ut
836 705 928 729 terras
944 706 971 729 et
992 704 1190 737 possessiones
1204 712 1275 738 quas

265 751 411 782 Desaluce,
430 751 499 778 civis
525 750 737 785 '1'rugu1·iensis‚
755 751 893 778 fratribus
909 753 943 778 ‹le
963 752 1061 778 ordine
1085 752 1228 779 Minor-um
1248 752 1276 779 in

264 799 379 826 civitate
398 800 580 835 'l'raguriensi
598 799 715 834 legavit,
733 801 853 826 vendere
870 801 985 827 studeat
1000 804 1028 827 et
1047 801 1079 828 de
1096 801 1186 836 pretio
1203 802 1277 836 quod

263 856 297 875 ex
309 848 349 875 eis
365 849 538 882 provenerit,
550 849 634 875 dictis
647 848 787 875 Minoi-itis
800 849 896 876 locum
912 852 1012 884 aptum
1028 852 1107 877 emat
1123 859 1155 877 ac
1172 851 1200 877 in
1215 851 1277 885 ipso

264 898 428 929 ecclesiam,
450 898 551 925 domos
572 900 596 924 ct
617 898 745 924 officinas
766 898 893 924 construi
916 899 951 925 ad
975 907 1045 933 opus
1060 907 1160 926 eorum
1179 899 1275 926 saciat.

264 947 343 982 (nac.
364 948 408 977 28,
427 946 535 975 f01.32,
552 955 618 973 ann.
638 946 683 977 ΙΙΙ,
705 953 736 973 n⁰
754 947 818 979 io&
837 947 984 973 Porruasr
1002 947 1111 983 18770.)

305 1070 319 1085 «
341 1082 360 1087 ..
386 1058 529 1098 episcopo
561 1057 769 1098 Traquriensi.
800 1059 867 1089 Sua
896 1059 995 1089 nobis
1014 1059 1129 1089 dilecti
1157 1059 1219 1089 filii
1241 1080 1275 1092 ..‚

265 1111 483 1149 guardianus,
495 1113 527 1141 et
542 1111 676 1147 fratres,
690 1111 729 1141 de
745 1112 863 1142 ordine
880 1112 1061 1148 Minorum,
1074 1112 1277 1151 Tragurien-

266 1172 320 1193 ses
348 1164 510 1202 petitione
536 1166 768 1194 monstrarunt
794 1165 883 1203 quod
910 1165 1080 1203 quondam
1098 1165 1276 1201 Desaluce,

265 1217 349 1247 civis
372 1217 622 1256 Traguriensis,
644 1219 777 1247 terrena
796 1227 855 1256 pro
874 1218 1058 1248 celestibus
1076 1219 1214 1257 cupiens
1233 1218 1277 1248 fe-

265 1270 376 1300 liciter
391 1272 609 1307 cmnmntare,
628 1271 728 1300 dictis
746 1271 931 1309 guardiano
949 1273 979 1301 et
998 1271 1172 1308 fratribus,
1192 1279 1277 1310 quos

267 1323 299 1353 in
325 1324 527 1353 necessariis
546 1333 704 1362 magnum
727 1324 955 1354 consideravit
981 1324 1150 1354 sustinere
1171 1324 1277 1354 defec—

265 1377 349 1412 tum,
368 1377 488 1411 terras,
506 1377 742 1414 possessiones
757 1378 788 1406 ct
802 1377 916 1407 onmia
928 1376 1015 1406 bona
1029 1386 1091 1406 sua
1107 1377 1139 1406 in
1158 1377 1278 1406 ultima

265 1429 437 1460 voluntate
467 1429 610 1468 legavit;
631 1432 663 1459 et
687 1430 764 1468 quia
796 1430 917 1460 fratres
945 1430 1055 1468 ipsius
1083 1430 1212 1460 ordinis
1238 1430 1277 1460 de

264 1482 541 1520 possessionibus
557 1491 592 1512 se
607 1482 804 1513 nullatenus
819 1483 1050 1513 intromittunt
1063 1492 1123 1513 nec
1137 1484 1186 1513 eis
1201 1483 1278 1514 licet

264 1535 501 1574 possessiones
516 1535 650 1571 habere,
671 1537 815 1574 quatuor
834 1537 1070 1574 procuratores
1088 1537 1276 1572 constituit,

264 1589 321 1628 qui
338 1589 446 1619 terras
466 1590 498 1619 et
515 1590 752 1628 possessiones
770 1589 965 1627 hujusmodi
989 1592 1220 1629 procurarent,
1240 1599 1278 1620 ae

265 1642 418 1672 redditus
435 1644 466 1671 et
484 1643 667 1680 proventus
677 1651 793 1672 earum
810 1643 843 1672 in
862 1643 1084 1673 necessitates
1100 1644 1276 1682 guardiani

265 1696 296 1725 et
310 1695 451 1725 fratrum
463 1697 673 1725 converteret
690 1696 903 1731 eorumdem;
921 1696 966 1726 ita
978 1697 1067 1735 quod
1084 1697 1276 1726 reddituum

265 1749 296 1778 et
316 1750 539 1786 proventuum
565 1749 793 1787 predictorum
815 1750 1000 1783 residuum,
1021 1750 1048 1779 si
1069 1750 1157 1788 quod
1173 1752 1274 1787 esset,

261 1802 359 1840 juxta
377 1802 555 1831 consilium
582 1802 802 1840 provincialis
822 1803 971 1832 ministri
994 1804 1025 1833 et
1048 1803 1192 1833 aliorum
1214 1803 1278 1834 fra-

263 1856 354 1884 trum
378 1854 486 1892 ipsius
514 1855 643 1884 ordinis
664 1855 702 1885 de
724 1855 878 1893 partibus
899 1856 981 1891 illis,
1007 1856 1181 1886 studerent
1199 1857 1276 1887 aliis

267 1907 428 1937 fratribus
459 1908 609 1945 ejusdem
642 1909 771 1938 ordinis
790 1908 871 1938 alibi
904 1909 1192 1940 commorantibus
1216 1910 1276 1939 im-

264 1960 393 1998 pertiri.
405 1962 513 1996 Quare
530 1970 589 1999 pro
604 1963 697 1999 parte
715 1962 881 1991 dictorum
899 1962 1075 2000 guardiani
1092 1964 1122 1993 et
1134 1962 1276 1993 fratrum

263 2012 438 2043 humiliter
456 2013 633 2051 petebatur
649 2024 666 2043 a
683 2014 780 2043 nobis
797 2017 842 2049 ut,
865 2024 938 2044 cum
959 2015 1009 2045 eis
1028 2016 1194 2053 premissa
1212 2017 1276 2046 ter-

263 2075 376 2096 rarum
396 2067 424 2095 et
444 2066 699 2104 possessionum
717 2076 776 2096 scu
794 2067 985 2097 reddituum
1005 2070 1036 2098 et
1051 2070 1275 2106 proventuum

264 2119 490 2157 predictorum
515 2119 695 2157 dispositio
722 2129 781 2158 pro
808 2121 917 2158 ipsius
945 2121 1074 2151 ordinis
1102 2121 1276 2152 honestate

264 2180 328 2201 non
348 2174 526 2209 competat,
546 2174 575 2202 et
603 2173 696 2202 locus
718 2173 750 2202 in
771 2182 836 2211 quo
861 2173 1023 2204 hactenus
1046 2175 1167 2205 morati
1185 2178 1274 2211 sunt,

262 2233 322 2262 pro
343 2234 381 2254 eo
403 2225 560 2264 precipuo
583 2225 783 2256 habitationi
805 2236 869 2256 non
888 2229 1049 2266 congruat
1066 2229 1274 2264 eorumdem,

263 2278 342 2316 quia
357 2288 375 2307 a
392 2278 526 2308 civitate
548 2279 765 2317 'l'raguricnsi
789 2279 931 2309 nimium
950 2282 1001 2310 est
1022 2283 1184 2314 remotus,
1203 2290 1275 2320 pro-

263 2331 377 2360 videre
395 2331 566 2369 superhoc
579 2333 718 2370 paterna
736 2331 966 2363 sollicitudine
983 2342 1189 2364 curaremus.
1204 2335 1275 2365 Nos

265 2384 388 2422 itaquo,
408 2384 601 2423 hujusmodi
628 2385 822 2415 necessitati
852 2386 1020 2416 dictorum
1048 2387 1225 2425 gnardiani
1244 2389 1276 2418 et

264 2436 406 2466 fratrum
424 2437 599 2467 consulere
627 2438 814 2476 cupientes,
835 2438 1040 2469 fraternitati
1066 2441 1122 2470 tue
1141 2441 1276 2471 manda-

264 2498 339 2519 mus
366 2490 538 2528 quatinus,
559 2490 586 2519 si
609 2492 659 2520 est
682 2491 738 2527 ita,
760 2493 867 2521 terras
891 2494 922 2522 et
946 2493 1183 2530 possessiones
1201 2502 1276 2532 pre-

264 2542 382 2577 dictas,
401 2543 441 2572 de
459 2543 602 2573 consilio
620 2545 652 2574 et
669 2553 813 2574 assensu
836 2545 1063 2583 predictorum
1083 2548 1274 2584 procurato-

264 2604 351 2630 rum,
371 2605 428 2634 per
445 2597 475 2626 te
494 2597 545 2626 vel
564 2605 623 2635 per
646 2597 750 2627 alium
772 2597 971 2628 auctoritate
1000 2600 1114 2629 nostra
1131 2600 1274 2630 vendere

265 2649 412 2683 studeas.
432 2650 463 2679 et
484 2649 523 2679 de
537 2650 658 2688 pretio,
675 2651 763 2689 quod
783 2659 824 2680 cx
839 2651 888 2680 cis
903 2653 1107 2690 provenerit,
1127 2652 1274 2692 aliquem

266 2700 375 2730 locum
393 2701 493 2731 dictis
513 2702 697 2739 guardiam)
717 2705 747 2733 ot
768 2703 931 2733 fratribus
945 2706 1060 2743 aptum
1077 2714 1181 2742 0111115,
1202 2706 1274 2736 sine

261 2753 348 2791 juris
366 2754 550 2791 prejudicio
566 2755 681 2792 alieni,
700 2766 736 2785 ac
753 2756 786 2786 in
805 2756 878 2795 ipso
898 2757 1088 2793 ecclesiam,
1109 2758 1227 2789 domos
1243 2761 1272 2789 et

266 2806 419 2836 officinas
447 2809 595 2837 construi
629 2809 668 2838 ad
696 2818 781 2847 opus
810 2810 912 2839 facias
942 2811 1148 2847 eorumdem,
1171 2812 1273 2842 talem

267 2859 450 2898 superbiis
478 2860 686 2898 diligentiam
713 2862 890 2892 habiturus
920 2864 1008 2901 quod
1034 2864 1154 2894 eximie
1174 2865 1274 2904 digna

1034 181 1277 212 RfflflSTRES
1304 181 1518 212 D'URBAlN
1546 182 1602 211 IV.

1343 263 1503 293 laudibus
1535 264 1623 302 apud
1650 272 1711 293 nos
1741 265 1797 293 tua
1826 264 2004 294 sinceritas
2031 264 2203 296 habeatur.
2231 266 2354 297 Datum

1343 317 1431 354 apud
1449 316 1738 351 Urbemveterem,
1755 326 1784 346 vi
1807 316 1883 347 idus
1898 316 2060 356 januarii,
2080 326 2166 348 anno
2182 319 2253 348 111⁰.
2275 332 2288 345 n

1429 484 1502 514 506
1876 483 2001 516 Orvieto‚
2015 484 2049 511 20
2067 483 2183 510 octobre
2199 484 2279 512 1263.

1376 566 1541 601 Praeposito
1576 567 1714 593 ecclesiae
1742 575 1764 593 s.
1796 566 1968 598 Christiane,
2002 567 2199 594 Urbevetanae
2229 567 2352 595 diocesis

1340 616 1458 642 mundat
1472 618 1511 647 ut,
1521 616 1557 642 ad
1575 615 1750 642 sublevanda
1765 624 1852 642 onera
1869 615 1987 650 capituli
2007 625 2030 644 s,
2046 616 2173 643 Flaviani
2190 616 2225 642 de
2240 616 2352 643 Monte·

1338 664 1473 691 flascone.
1492 665 1566 691 inter
1585 664 1761 691 monasteria
1778 667 1806 691 et
1814 665 1951 691 ecclesias
1966 665 2202 700 Balneoregensis
2216 665 2351 695 diocesis,

1338 721 1426 740 onera
1453 714 1687 747 procurationum
1715 713 1832 740 dividat.
1853 714 1933 748 (Rea.
1959 714 2004 745 28,
2024 713 2072 740 fol.
2098 714 2132 741 32
2151 719 2189 745 νο,
2215 721 2282 739 ann.
2301 713 2347 744 ΙΙΙ,

1338 765 1370 786 n⁰
1388 761 1460 790 loo.)

1380 878 1394 893 ι(
1416 890 1434 895 ..
1455 866 1616 906 preposito
1632 865 1753 895 ecclesie
1767 876 1790 895 s.
1820 864 1986 902 Christine,
2011 865 2195 895 Crbevetanc
2213 866 2351 897 diocesis.

1338 920 1405 949 Sua
1429 918 1527 949 nobis
1552 919 1667 949 dilecti
1693 918 1755 948 tilii
1775 942 1794 948 ..
1816 918 1909 957 prior
1933 920 1965 949 et
1983 919 2167 958 capitulum
2187 919 2354 950 secularis

1337 972 1480 1002 ecclesie
1498 981 1525 1002 s.
1548 971 1702 1002 Flaviani
1722 972 1762 1001 de
1778 971 2051 1007 Montessascone,
2070 972 2353 1011 Balneoregensis

1338 1025 1496 1061 diocesis,
1515 1025 1678 1063 petitione
1700 1026 1935 1055 monstrarunt
1950 1025 2039 1063 quod
2059 1025 2125 1062 ipsi
2146 1025 2178 1054 in
2196 1025 2356 1056 exhiben-

1338 1079 1391 1108 dis
1406 1077 1706 1117 procurationibus
1721 1077 1851 1107 nuntiis
1867 1079 1899 1107 et
1915 1077 2036 1115 legatis
2051 1079 2236 1116 apostolice
2246 1079 2350 1115 sedis,

1338 1141 1376 1161 ac
1395 1131 1426 1161 in
1453 1131 1605 1161 collectis
1624 1132 1656 1161 et
1682 1130 1801 1166 talliis,
1822 1139 1886 1168 que
1912 1131 2082 1160 interdum
2106 1131 2261 1161 ecclesiis
2279 1130 2354 1162 Bal-

1338 1184 1598 1222 neoregensiuni
1626 1183 1776 1213 civitatis
1794 1185 1825 1213 et
1844 1183 1992 1213 diocesis
2016 1183 2247 1222 imponuntur,
2269 1184 2353 1215 adeo

1338 1237 1584 1276 pregravzmtnr
1608 1236 1697 1275 quod
1727 1245 1791 1265 non
1816 1238 1959 1274 possunt
1989 1237 2137 1275 amplius
2164 1237 2239 1266 sine
2258 1236 2354 1276 gravi

1338 1290 1516 1329 dispendio
1537 1289 1724 1324 sustinere3
1743 1290 1880 1328 propter
1898 1290 1986 1328 quod
2006 1289 2107 1319 iidem
2127 1289 2226 1320 nobis
2244 1289 2352 1320 humi-

1339 1343 1417 1373 liter
1443 1342 1678 1381 supplicarunt
1697 1344 1733 1372 ut
1751 1342 1929 1380 providere
1951 1341 2016 1372 sibi
2035 1344 2067 1373 et
2083 1342 2193 1373 eidem
2213 1343 2355 1373 ecclesie

1340 1396 1513 1434 superhoc
1531 1395 1802 1425 misericorditer
1819 1404 2017 1425 curaremus
2043 1396 2129 1431 Quia
2139 1396 2243 1435 igitur
2253 1404 2355 1427 onera

1339 1457 1399 1487 pei·
1416 1451 1530 1487 partes
1548 1449 1658 1478 divisa
1677 1448 1787 1478 levius
1805 1450 2061 1487 supportantur,
2081 1449 2278 1479 discretioni
2296 1450 2352 1479 tue

1339 1502 1540 1532 mandamus
1569 1501 1742 1540 quatinus,
1772 1501 1925 1540 pensatis
1950 1501 2252 1540 circumspectione
2279 1510 2355 1541 pro-

1339 1555 1416 1585 vida
1437 1555 1656 1585 facultatibus
1672 1555 1823 1585 omnium
1844 1555 2130 1585 monasteriorum
2145 1557 2177 1585 et
2194 1555 2352 1586 ecclesia-

1339 1618 1413 1639 rum
1450 1609 1483 1638 in
1524 1609 1687 1647 predictis
1721 1608 1858 1638 civitate
1889 1610 1921 1638 et
1953 1609 2081 1639 diocesi
2115 1609 2348 1644 existentium.

1339 1663 1538 1692 auctoritate
1563 1663 1679 1692 nostra
1703 1663 1833 1692 statuas
1852 1664 1887 1691 ut
1908 1661 2027 1691 haruin
2046 1661 2197 1700 quelibet
2213 1670 2352 1700 propor-

1338 1716 1510 1746 tionaliter
1531 1715 1721 1745 contribuat
1738 1715 1836 1754 juxta
1858 1715 1950 1745 vires
1975 1715 2008 1745 in
2025 1715 2219 1754 hujusmodi
2234 1724 2352 1754 procu-

1338 1769 1528 1799 rationibus
1551 1768 1752 1798 exhibendis
1774 1770 1805 1798 et
1827 1768 1976 1798 collectis
2008 1778 2046 1798 ac
2076 1768 2184 1798 talliis
2213 1777 2352 1808 suppor-

1338 1823 1464 1857 tandis:
1486 1822 1532 1853 ita
1551 1822 1639 1860 quod
1670 1830 1771 1860 super
1800 1821 1866 1851 hiis
1885 1821 1965 1851 dicti
1993 1822 2086 1860 prior
2108 1823 2140 1852 et
2164 1822 2351 1860 capitulum

1337 1884 1374 1906 ac
1403 1884 1518 1905 eorum
1538 1875 1682 1905 ecclesia
1706 1874 1795 1904 ultra
1817 1874 1996 1904 facultates
2018 1875 2173 1913 proprias
2190 1883 2255 1904 non
2279 1883 2352 1914 gra-

1339 1931 1468 1958 ventur.
1495 1928 1590 1964 Quod
1616 1930 1849 1966 aute111super
1877 1927 1937 1957 hoc
1964 1927 2103 1957 duxeris
2120 1928 2349 1962 statuendum,

1340 1982 1441 2011 facias
1468 1990 1526 2019 per
1554 1989 1733 2011 censuram
1757 1980 2032 2013 ecclesiasticam.
2052 1980 2280 2018 appellatione
2297 1989 2348 2011 re·

1338 2037 1439 2069 mota,
1454 2035 1596 2064 tirmiter
1613 2034 1797 2064 observari.
1809 2034 1883 2064 Non
1894 2033 2048 2063 obstante
2060 2051 2108 2063 —.
2121 2034 2245 2063 Datum
2259 2034 2349 2072 apud

1338 2087 1627 2120 Urbemvcterem,
1650 2097 1685 2116 111
1705 2087 1868 2117 kalendas
1889 2086 2096 2121 novembris,
2115 2095 2202 2116 anno
2222 2086 2294 2117 111⁰.
2317 2097 2332 2115 n

1426 2261 1498 2291 2307
1891 2257 2016 2284 Orvieto.
2035 2258 2064 2284 is
2081 2258 2184 2285 l'evrier
2201 2259 2275 2286 1204.

1372 2343 1582 2369 Thannuoncm
1613 2342 1789 2368 monasterio
1816 2341 1978 2375 Pigaviensi
1997 2342 2024 2368 in
2049 2342 2186 2368 abbatem
2203 2341 2346 2377 praeficit.

1337 2388 1417 2423 (lii-zo.
1432 2388 1476 2419 28,
1496 2387 1544 2414 sol.
1563 2388 1595 2414 322
1610 2391 1650 2412 v0.
1669 2394 1735 2413 unu.
1753 2386 1798 2417 ΙΙΙ,
1816 2392 1844 2412 n·²
1864 2387 1937 2418 llo.)

1377 2502 1391 2520 t(
1416 2491 1603 2527 Thammoni,
1629 2491 1732 2521 abbati
1755 2492 1934 2521 monasterii
1955 2491 2160 2530 Piyariensis,
2181 2491 2221 2521 ad
2239 2491 2351 2521 Roma-

1336 2555 1405 2575 num
1421 2545 1573 2575 ecclesiam
1591 2544 1782 2574 millonwdio
1796 2545 1992 2584 pertinentis,
2010 2544 2128 2575 ordinis
2143 2555 2165 2574 s.
2178 2544 2348 2582 Benedicti,

1306 2606 1307 2609 ¹
1336 2598 1592 2638 illei-seburqensis
1604 2598 1740 2628 diocesis.
1752 2598 1953 2628 [inminente
1964 2598 2062 2628 nobis
2070 2598 2346 2629 ecclesiarum—.

1335 2653 1422 2683 Sane
1442 2654 1671 2691 presentat-am
1690 2651 1788 2682 nobis
1806 2651 2018 2687 electionem,
2039 2660 2102 2690 que
2119 2651 2159 2682 de
2176 2653 2208 2681 te
2226 2651 2261 2682 in
2280 2660 2350 2682 mo-

1336 2706 1483 2736 nasterio
1502 2705 1709 2745 Pigaviensi,
1727 2705 1768 2735 ad
1790 2705 1930 2735 eandem
1957 2705 2144 2735 Romanam
2168 2703 2347 2735 ecclesiam

1305 2786 1306 2795 ,
1336 2759 1429 2789 1111110
1459 2759 1569 2789 medio
1596 2759 1797 2797 pertinente,
1816 2760 1894 2788 tunc
1920 2758 2084 2797 temporis
2104 2757 2236 2788 abbatis
2265 2757 2349 2797 regi-

1336 2813 1426 2842 mine
1457 2812 1631 2848 destituto,
1657 2812 1718 2841 suit
1740 2811 1950 2842 concorditer
1970 2810 2150 2846 celebrata,
2171 2819 2230 2850 per
2249 2819 2346 2841 vene-

1338 2865 1478 2896 rabilem
1491 2865 1628 2895 fratrem
1643 2866 1687 2900 J„
1699 2865 1922 2895 Portuensem
1936 2864 2144 2903 episcopum,
2158 2873 2195 2894 ac-
2204 2864 2346 2894 dilectos
