2547 3289
264 254 325 282 454

266 347 280 362 υ
299 344 370 366 ram
383 333 658 367 ecclesiasticam,
677 332 902 371 appellatione
913 331 1112 370 postposita,
1124 339 1274 369 compes-

266 400 281 416 »
302 388 417 422 cendo,
440 387 511 425 ipse
528 386 616 416 dicto
635 384 823 420 conventui.
845 384 962 414 eodem
986 384 1097 423 priore
1121 383 1271 420 absente,

266 440 468 471 »mandavit
489 439 687 469 auctoritate
708 437 903 475 hujusmodi
925 437 1126 471 litterarum,
1144 439 1180 467 ut
1203 445 1275 476 pre-

265 493 385 523 »dicto
411 491 573 530 magistro
604 491 766 530 Gregorio
797 491 830 520 in
857 490 944 521 dicta
972 499 1106 520 summa
1132 490 1274 529 pecunie

265 555 279 574 »
298 544 523 583 providerent.
550 543 613 573 Sed
641 543 818 581 proposuit
843 543 954 573 dictus
977 545 1162 574 conventus
1185 543 1274 582 quod

262 609 277 625 »
296 597 468 636 predictus
485 596 577 635 prior
594 596 628 626 in
650 596 791 626 remotis
807 595 937 635 agebat,
957 598 1095 635 propter
1121 597 1211 636 quod
1230 596 1275 627 61-

262 662 277 677 »
299 650 373 680 dem
385 649 548 688 Gregorio
564 649 741 688 providere
759 649 898 679 minime
912 649 1124 686 tenebantur,
1139 652 1275 688 propter

261 712 278 733 »
295 712 396 742 quam
417 702 650 741 exceptionem
669 702 826 732 frivolam
846 703 935 733 idem
953 703 1100 733 decanus
1119 711 1274 742 superse-

263 767 277 785 »
296 757 343 786 dit
361 757 395 785 in
410 755 543 794 negotio
559 755 1021 786 memorato.Nichilominus
1039 756 1151 786 dictus
1168 756 1275 787 domi-

262 819 276 838 »
294 818 357 839 nus
374 809 566 839 Alexander
585 817 645 848 per
661 809 748 839 alias
762 809 905 844 litteras,
923 810 957 839 in
974 809 1099 840 virtute
1117 809 1274 840 obedien·

262 873 277 891 »
293 863 351 897 tie,
381 863 446 901 ipsi
477 863 602 893 decano
632 862 722 893 dedit
756 862 946 893 districtius
976 863 1010 893 in
1039 863 1207 893 mandatis
1239 865 1274 894 ut

262 926 276 945 »
300 916 450 954 predicto
469 916 631 955 Gregorio
655 915 695 946 ab
714 916 843 946 eisdem
867 916 980 954 priore
999 918 1030 947 et
1049 918 1226 952 conventu,
1245 917 1274 947 si

259 978 277 1000 »
295 969 406 999 dictus
423 969 517 1007 prior
535 977 676 1007 presens
695 971 798 1006 esset,
827 969 979 1008 alioquin
1003 969 1043 999 ab
1065 970 1183 1000 eodem
1201 978 1275 1000 con-

262 1032 276 1052 »
293 1024 395 1053 ventu
422 1022 592 1061 provideri
612 1022 735 1053 faceret
754 1023 789 1052 in
807 1022 1002 1061 hujusmodi
1021 1031 1155 1054 summa
1178 1032 1276 1062 pecu-

261 1088 276 1103 »
294 1076 359 1110 nie,
385 1075 484 1115 juxta
508 1076 661 1114 priorum
691 1076 934 1106 continentiam
963 1076 1165 1112 litterarum,
1190 1079 1221 1107 et
1245 1077 1274 1107 si

264 1138 279 1157 »
297 1129 407 1158 dictus
432 1129 579 1159 decanus
604 1129 638 1159 in
664 1129 835 1168 predictos
854 1130 1003 1168 priorem
1022 1132 1053 1161 et
1071 1132 1274 1161 conventum

261 1183 431 1220 »propter
456 1181 516 1211 hoc
550 1183 924 1219 excommunicationis,
955 1183 1193 1222 suspensioniS
1220 1184 1274 1214 vel

263 1245 277 1263 »
298 1234 469 1265 interdicti
493 1235 679 1266 sententias
706 1236 921 1275 promulgare
947 1237 1127 1276 contigerit
1155 1239 1187 1268 et
1208 1237 1274 1276 ipsi

263 1298 278 1316 »
297 1296 354 1318 eas
369 1297 428 1326 per
443 1297 548 1318 unum
565 1297 719 1319 mensem
737 1289 963 1320 sustinuerint
977 1291 1091 1320 animo
1106 1291 1273 1326 indurato,

263 1353 277 1368 »
297 1341 369 1380 ipse
396 1350 464 1378 eos,
494 1350 536 1372 ex
559 1343 653 1380 parte
677 1342 758 1372 dicti
782 1342 910 1373 domini
930 1351 1026 1382 pape,
1048 1344 1274 1382 peremptorie

264 1405 277 1420 »
296 1394 400 1424 citare
416 1396 548 1425 curaret
571 1396 605 1425 ut
627 1394 715 1425 infra
733 1397 802 1426 tres
826 1404 962 1426 menses
986 1397 1061 1434 post
1081 1397 1274 1427 citationem

265 1447 419 1486 1111151115,
451 1447 561 1477 dictus
587 1448 682 1486 prior
699 1449 730 1478 et
756 1449 903 1487 maj0res
932 1449 971 1479 de
997 1449 1085 1479 dicto
1108 1451 1275 1480 conventu

263 1510 278 1529 »
297 1500 532 1539 personaliter,
544 1501 648 1531 iidem
660 1510 739 1532 vero
756 1503 941 1532 conventus
953 1511 1012 1541 1161
1021 1505 1275 1541 procuratorem

263 1566 277 1580 »
297 1554 466 1592 ydoneum
494 1554 528 1584 in
554 1554 679 1584 summi
707 1555 877 1593 pontificis
907 1556 1079 1594 presentia
1106 1565 1275 1595 compare-

263 1617 278 1636 »
297 1608 382 1642 rent,
403 1607 523 1637 facturi
542 1615 643 1646 super
661 1607 722 1638 hoc
744 1609 870 1638 summi
890 1609 1060 1647 pontificis
1084 1608 1274 1648 beneplaci-

262 1670 277 1689 »
295 1662 366 1690 tum
379 1660 564 1690 voluntatis
575 1662 605 1691 et
623 1660 726 1691 etiam
742 1669 802 1700 pro
819 1662 952 1692 meritis
968 1663 1148 1701 recepturi.
1163 1663 1274 1698 Quare

263 1712 384 1742 »idem
413 1712 559 1742 decanus
586 1713 620 1742 in
651 1713 795 1743 eundem
822 1713 971 1752 priorem
1000 1717 1031 1745 et
1061 1715 1208 1754 majores
1235 1716 1274 1747 de

263 1775 278 1794 »
297 1765 384 1795 dicto
414 1767 580 1796 ‹3⁴1›nventu
614 1767 978 1797 excommunicationis
1007 1770 1038 1798 et
1068 1768 1101 1798 in
1131 1769 1274 1800 eundem

263 1828 278 1847 »
297 1820 499 1848 conventum
517 1819 687 1849 interdicti
707 1820 894 1850 sententias
913 1821 1140 1861 promulgavit
1157 1831 1217 1861 pro
1237 1831 1274 1853 eo

263 1883 278 1898 »
296 1871 383 1909 quod
400 1871 478 1910 11151,
492 1871 590 1910 juxta
605 1872 832 1910 predictarum
848 1873 1039 1904 litterarum
1054 1877 1218 1912 tenorem,
1234 1875 1275 1906 al)

264 1934 278 1951 »
297 1924 414 1954 eodem
433 1925 564 1961 moniti,
587 1925 765 1964 diligenter
783 1926 893 1957 eidem
916 1927 1078 1967 Gregorio
1097 1929 1275 1967 providere

264 1987 279 2005 »
299 1978 540 2008 contumaciter
568 1987 633 2008 non
666 1981 836 2010 curarunt.
867 1981 1028 2015 Tandem,
1059 1982 1138 2020 quia
1170 1983 1274 2021 prior,

264 2039 278 2057 »
300 2030 443 2068 majores
461 2032 492 2060 et
513 2032 697 2061 conventus
715 2032 857 2070 predicti
875 2033 1070 2071 hujusmodi
1085 2036 1274 2066 sententias

266 2083 534 2112 »sustinuerunt
562 2084 674 2113 animo
700 2085 868 2121 indurato,
889 2094 946 2115 eos
973 2089 1126 2126 exparte
1151 2089 1276 2118 summi

265 2145 279 2163 »
299 2136 468 2174 pontilicis
497 2137 724 2175 peremptorie
746 2138 848 2168 citare
873 2139 1014 2175 curavit,
1043 2141 1077 2170 ut
1102 2141 1191 2171 infra
1208 2143 1276 2172 tres

264 2198 280 2217 »
300 2197 434 2219 menses
451 2191 525 2227 post
542 2190 735 2220 citationem
752 2199 860 2227 suam,
881 2192 973 2230 prior
992 2194 1023 2222 et
1042 2193 1188 2232 majores
1202 2203 1276 2232 per-

266 2252 279 2270 »
299 2242 471 2277 sonaliter,
483 2244 667 2273 conventus
679 2252 755 2273 vero
766 2246 1088 2283 perprocuratorem
1106 2247 1276 2286 ydoneum

266 2295 421 2325 »summi
452 2296 623 2334 pontificis
650 2305 685 2326 se
715 2298 909 2336 conspectui
937 2301 1183 2337 presentarent.
1212 2300 1276 2331 Sed

266 2358 280 2375 »
299 2347 402 2386 prior,
422 2348 567 2387 majores
589 2351 621 2380 61
637 2352 822 2381 conventus
839 2351 981 2389 predicti
999 2361 1058 2391 per
1077 2362 1112 2383 se
1130 2354 1182 2384 vel
1201 2363 1277 2393 pro-

267 2410 281 2428 »
300 2403 488 2431 curatorem
512 2402 661 2441 aliquem
684 2411 797 2433 coram
817 2413 950 2434 summo
974 2406 1132 2444 pontifice
1160 2407 1194 2436 in
1214 2409 1277 2438 ter-

265 2463 280 2482 »
299 2453 389 2484 mino
405 2453 469 2484 sibi
488 2455 628 2492 prefixo,
647 2464 713 2486 non
731 2455 1063 2497 absquecontemptu
1076 2460 1167 2490 sedis
1182 2468 1277 2499 apos-

267 2517 280 2534 »
300 2507 410 2542 tolice,
431 2516 625 2546 comparere
644 2509 783 2540 minime
802 2513 1015 2547 curaverunt,
1035 2514 1172 2552 propter
1188 2514 1278 2553 quod

265 2571 280 2587 »
300 2560 410 2590 dictus
429 2561 612 2600 Gregorius
631 2563 777 2601 dampna
793 2564 909 2602 gravia
927 2566 958 2595 et
979 2573 1146 2604 expensas
1169 2568 1276 2598 nosci-

266 2625 280 2640 »
300 2615 354 2642 tur
375 2613 552 2645 incurisse.
577 2616 618 2646 Et
636 2624 712 2646 611111
731 2616 840 2646 (1161115
859 2617 1045 2656 Gregorius
1064 2621 1133 2650 tam
1152 2621 1278 2659 prioris

267 2675 281 2694 »
300 2675 400 2704 quani
434 2670 619 2698 conventus
656 2668 825 2700 malitiam
860 2674 1086 2709 cognosceret,
1123 2674 1180 2712 qui
1219 2683 1279 2706 nec

267 2728 282 2747 »
301 2719 407 2749 Deum
426 2729 484 2751 nec
500 2720 670 2753 hominem
682 2722 895 2761 verebantur,
913 2724 1034 2756 iterato
1049 2734 1182 2758 summo
1200 2737 1279 2767 pon-

267 2784 282 2799 »
301 2772 382 2802 tifici
407 2774 622 2812 supplicavit,
646 2777 681 2806 ut
701 2775 767 2806 sibi
792 2778 931 2815 paterna
955 2781 1087 2810 curaret
1113 2780 1277 2812 sollicitu-

268 2836 281 2850 »
304 2825 419 2856 tudine
440 2827 629 2865 providere.
649 2828 713 2864 Qui
732 2829 850 2859 volens
867 2831 1011 2869 gratiam
1033 2840 1129 2863 suam
1150 2834 1184 2864 in
1203 2835 1278 2873 ipso

269 2889 282 2903 υ
300 2877 460 2917 Gregorio
481 2879 631 2911 debitum
648 2882 762 2912 sortiri
782 2883 948 2918 etl'cctum,
969 2885 1140 2917 mandavit
1158 2887 1278 2919 iterato

269 2941 283 2957 »
302 2931 410 2961 eidem
430 2932 555 2963 decano
575 2933 608 2963 in
629 2934 754 2965 virtute
773 2935 962 2968 obedientie
988 2940 1019 2968 et
1038 2938 1101 2968 sub
1116 2948 1202 2979 pena
1222 2950 1278 2972 ex-

1012 247 1258 278 REGISTRES
1288 247 1505 280 D'URBAIN
1536 249 1595 279 IV.

1336 344 1352 360 »
1370 333 1694 369 communicationis,
1713 341 1815 371 quam
1837 341 1876 363 eo
1895 333 1969 371 ipso
1985 332 2157 364 incurrere
2177 333 2296 370 voluit,
2319 334 2349 364 si

1337 394 1352 413 »
1370 385 1566 416 mandatum
1584 386 1693 424 ipsius
1712 393 1813 424 super
1828 385 1889 416 hoc
1909 385 2013 416 nollet
2030 385 2084 416 vel
2098 387 2270 417 omitteret
2287 394 2349 417 seu

1337 447 1352 466 »
1369 438 1555 477 negligeret
1573 438 1772 477 adimplere,
1790 440 1824 468 ut
1841 438 1990 477 priorem
2006 440 2038 469 et
2055 439 2203 478 maj0res
2220 438 2349 477 predic-

1336 501 1352 520 »
1371 493 1422 522 tos
1449 491 1760 522 excommunicatos
1783 494 1813 522 et
1831 492 2021 530 predictum
2048 494 2251 522 conventum
2275 500 2350 522 sus-

1337 553 1352 573 »
1369 552 1524 583 pensum,
1543 553 1719 584 quousque
1731 545 1771 575 de
1780 545 1959 584 premissis
1972 544 2131 575 omnibus
2147 544 2257 575 eidem
2268 545 2350 576 Gre-

1336 609 1351 624 »
1371 597 1466 636 gorio
1503 598 1589 628 foret
1624 598 1752 637 integre
1790 598 2016 633 satisfactum,
2050 598 2196 638 singulis
2231 597 2351 628 diebus

1337 660 1352 680 »
1370 650 1551 681 dominicis
1570 653 1601 681 et
1621 651 1766 687 festivis,
1787 651 1922 690 publice
1939 651 2133 682 nuntiarent
2157 651 2191 681 in
2214 651 2350 681 XVinto-

1338 716 1352 732 »
1373 704 1483 734 niensi
1509 705 1539 734 et
1563 704 1794 735 Londoniensi
1815 703 2010 734 civitatibus
2030 706 2062 734 et
2087 703 2294 740 diocesibus‚
2319 706 2353 734 et

1338 767 1353 786 »
1373 756 1414 787 ab
1430 757 1508 788 aliis
1525 766 1584 796 per
1603 758 1717 788 omnia
1742 758 1816 788 loca
1833 757 1866 787 in
1881 757 2005 796 quibus
2023 757 2183 796 expedire
2206 757 2350 794 videret,

1339 823 1352 838 »
1370 810 1521 840 nuntiari
1540 810 1676 845 faceret,
1696 812 1727 841 et
1747 809 1787 840 al)
1805 809 1963 840 omnibus
1981 810 2090 840 artius
2108 810 2248 846 evitari;
2268 812 2301 841 et
2321 809 2352 840 si

1337 872 1352 892 »
1371 863 1475 902 prior,
1498 863 1644 902 majores
1660 865 1692 894 et
1708 865 1894 894 conventus
1918 862 2063 902 predicti
2084 862 2281 902 hujusmodi
2298 871 2354 893 ex—

1337 926 1352 945 »
1371 916 1689 947 communicationis
1723 918 1755 947 61
1786 916 2025 955 suspensionis
2058 916 2263 947 sententiam
2290 924 2351 955 per

1336 971 1445 1000 »octo
1475 970 1547 1000 dies
1575 970 1793 1006 sustinerent,
1822 971 2004 1008 postquam
2028 970 2069 999 ab
2097 969 2215 1000 eodem
2241 969 2352 1000 forent

1337 1033 1352 1052 »
1368 1023 1482 1054 taliter
1493 1022 1628 1062 publice
1646 1023 1802 1057 nuntiati,
1822 1023 1863 1053 ab
1880 1023 2177 1053 administratione
2194 1022 2352 1061 spiritua-

1337 1087 1352 1107 »
1366 1077 1450 1107 lium
1460 1078 1492 1107 et
1502 1077 1742 1115 temporalium
1752 1076 1889 1107 eosdem
1900 1076 2157 1115 suspenderent,
2167 1075 2354 1106 contradic-

1338 1140 1352 1159 »
1372 1132 1464 1161 tores
1478 1148 1528 1165 —,
1551 1130 1704 1160 invocato
1721 1148 1770 1165 —,
1792 1129 1910 1159 nolens
1930 1129 2033 1159 etiam
2051 1129 2141 1167 quod
2159 1129 2263 1167 prior,
2281 1137 2351 1159 ma-

1338 1194 1352 1213 »
1369 1184 1461 1223 j0res
1477 1185 1509 1213 et
1519 1183 1704 1213 conventus
1714 1182 1858 1221 predicti
1867 1181 2114 1212 relaxationem
2123 1181 2351 1220 predictarum

1338 1248 1352 1264 »
1372 1236 1618 1267 sententiarum
1635 1235 1820 1271 obtineant,
1839 1235 1906 1264 nisi
1924 1242 1959 1265 se
1977 1234 2204 1273 personaliter
2224 1234 2351 1264 summi

1338 1300 1352 1319 »
1372 1289 1543 1328 pontificis
1577 1288 1771 1327 conspectui
1809 1289 2094 1327 representarent.
2139 1287 2232 1318 Idem
2270 1295 2350 1318 vero

1338 1353 1352 1373 »
1373 1342 1590 1382 postmodum
1605 1341 1764 1378 decanus,
1776 1341 1895 1372 nolens
1909 1341 1949 1372 de
1958 1341 2164 1380 negligentia
2179 1340 2233 1371 vel
2248 1341 2351 1371 omis-

1337 1396 1466 1427 »sione
1493 1395 1600 1434 argui,
1625 1395 1659 1425 in
1684 1395 1881 1426 executione
1899 1394 1981 1425 dicti
2006 1395 2132 1434 negotii
2150 1394 2350 1433 procedens,

1336 1460 1352 1480 »
1365 1450 1464 1489 juxta
1489 1449 1648 1479 traditam
1678 1448 1744 1478 sibi
1766 1448 1922 1483 formam,
1942 1448 2102 1487 priorem,
2122 1448 2352 1487 suppriorem,

1337 1513 1352 1533 »
1373 1502 1590 1534 cellararium
1611 1503 1643 1532 et
1673 1502 1864 1537 sacristam,
1893 1510 1929 1532 ac
1949 1501 2101 1540 ejusdem
2121 1501 2187 1531 loci
2209 1509 2352 1532 conven-

1337 1567 1352 1586 »
1371 1558 1455 1591 tum,
1484 1555 1565 1594 quia
1591 1555 1713 1586 moniti
1740 1555 1934 1595 diligenter,
1960 1555 2000 1586 de
2027 1555 2128 1585 dictis
2156 1555 2352 1594 quindecim

1337 1620 1352 1640 »
1370 1609 1495 1640 marcis
1519 1609 1642 1639 annuis
1667 1611 1698 1639 et
1716 1609 1877 1648 expensis
1895 1609 1929 1639 in
1952 1608 2062 1648 ipsius
2086 1608 2215 1648 negotii
2232 1617 2353 1639 execu-

1337 1673 1352 1693 »
1373 1663 1465 1694 tione
1498 1662 1614 1699 factis,
1647 1662 1818 1701 sepedicto
1849 1662 2013 1702 Gregorio
2051 1662 2249 1693 satisfacere
2284 1670 2352 1693 non

1337 1728 1352 1744 »
1368 1717 1541 1752 curarunt,
1569 1716 1603 1746 in
1627 1716 1766 1754 scriptis
1802 1715 2117 1746 excommunicatos
2149 1716 2181 1745 et
2212 1723 2353 1754 suspen-

1338 1780 1353 1799 »
1372 1778 1440 1804 sos,
1454 1769 1553 1808 juxta
1567 1769 1712 1799 formam
1730 1768 1923 1800 litterarum
1943 1768 2036 1799 sedis
2055 1768 2254 1808 apostolice,
2273 1768 2355 1800 fecit

1338 1822 1506 1862 »publice
1535 1822 1697 1858 nuntiari,
1724 1822 1895 1861 predictos
1919 1821 2163 1853 nichilominus
2191 1822 2353 1861 priorem,

1337 1889 1352 1905 »
1374 1878 1598 1916 suppriorem,
1627 1876 1845 1906 cellararium
1875 1878 1906 1906 et
1937 1875 2117 1906 sacristam
2139 1875 2273 1906 citando
2298 1883 2353 1914 pe-

1339 1942 1353 1957 »
1381 1930 1565 1968 remptorie
1611 1929 1700 1968 quod
1743 1929 1989 1968 personaliter,
2032 1930 2236 1960 conventum
2274 1937 2354 1959 vero

1339 1993 1354 2012 »
1373 1983 1462 2021 quod
1480 1991 1539 2021 per
1562 1984 1816 2021 procuratorem
1844 1984 1935 2012 certo
1955 1982 2102 2013 termino
2126 1982 2160 2011 in
2181 1981 2355 2021 presentia

1339 2045 1354 2065 »
1378 2035 1469 2065 sedis
1505 2035 1689 2073 apostolice
1725 2037 1978 2073 comparerent,
2012 2043 2114 2074 super
2146 2034 2206 2065 hoe
2244 2035 2355 2073 ipsius

1339 2098 1355 2118 »
1372 2088 1623 2126 beneplacitum
1643 2088 1764 2118 facturi
1782 2091 1813 2118 et
1833 2088 1935 2118 etiam
1950 2096 2010 2126 pro
2024 2088 2156 2118 meritis
2171 2088 2352 2126 recepturi.

1339 2141 1436 2176 »Qui
1456 2141 1490 2171 in
1513 2141 1642 2180 prefixo
1667 2141 1716 2171 eis
1732 2141 1891 2177 termino,
1915 2150 1974 2172 nec
2001 2141 2103 2172 etiam
2130 2143 2206 2180 post
2225 2141 2355 2172 diutius

1340 2194 1539 2232 »expectati
1565 2196 1840 2232 comparuerunt,
1867 2196 1966 2233 prout
1992 2194 2194 2228 debuerunt,
2217 2196 2356 2233 propter

1339 2258 1354 2276 »
1372 2247 1460 2286 quod
1486 2247 1575 2277 idem
1602 2248 1786 2287 Gregorius
1815 2256 1983 2287 expensas
2008 2250 2039 2278 et
2066 2248 2213 2287 dampna
2239 2247 2356 2286 gravia

1339 2311 1354 2329 »
1374 2301 1525 2331 noscitur
1551 2301 1750 2331 incurrisse.
1777 2301 1888 2336 Quare
1910 2301 1993 2340 petit
2017 2303 2052 2331 ut
2071 2301 2160 2340 quod
2187 2301 2354 2331 omissum

1340 2364 1354 2383 »
1373 2356 1422 2385 est
1432 2363 1491 2392 per
1507 2354 1671 2384 decanum
1685 2354 1756 2393 jam
1775 2354 1915 2389 dictum,
1928 2356 2041 2385 vestra
2059 2354 2217 2394 suppleat
2235 2354 2355 2394 religio

1339 2418 1354 2436 »
1370 2407 1567 2446 judicantis,
1598 2407 1772 2446 dictosque
1802 2408 1950 2447 priorem
1974 2410 2005 2438 et
2034 2408 2181 2448 majores
2207 2407 2248 2438 de
2279 2416 2356 2438 con-

1340 2471 1354 2489 »
1373 2462 1487 2496 ventu,
1509 2460 1667 2491 videlicet
1682 2461 1844 2500 priorem,
1863 2462 2089 2501 suppriorem,
2108 2463 2354 2500 precentorem,

1340 2525 1354 2540 »
1373 2516 1618 2551 succentorem,
1645 2514 1874 2548 cellararium,
1901 2515 2080 2545 sacristam
2099 2523 2136 2545 ac
2153 2516 2356 2545 conventum

1340 2578 1355 2596 »
1376 2569 1592 2598 contumaces
1607 2569 1816 2606 reputantes,
1829 2567 1869 2597 ab
1883 2567 2182 2599 administratione
2199 2568 2358 2607 spiritua·

1309 2623 1311 2654 ξ
1341 2621 1457 2651 »lium
1481 2623 1513 2651 et
1538 2621 1778 2660 temporalium
1802 2621 2052 2651 sententialiter
2075 2621 2308 2660 suspendatis,
2324 2622 2357 2652 et

1341 2684 1356 2704 »
1374 2675 1463 2714 quod
1490 2675 1616 2705 factum
1641 2676 1693 2705 est
1722 2682 1781 2713 per
1808 2674 1972 2704 decanum
1998 2674 2068 2713 jam
2099 2675 2239 2710 dictum,
2265 2674 2357 2714 quod

1341 2738 1356 2757 »
1377 2728 1479 2759 etiam
1495 2728 1654 2759 dominus
1671 2736 1759 2767 papa
1777 2727 1952 2767 approbat,
1968 2730 2077 2758 ratum
2095 2727 2356 2762 habentes,con-

1342 2792 1356 2811 »
1374 2781 1530 2818 firmetis,
1548 2782 1710 2821 ipsosque
1734 2781 1882 2820 majores
1905 2783 1934 2811 et
1954 2781 2080 2812 dictum
2099 2783 2303 2812 conventum
2320 2781 2357 2811 in

1310 2839 1312 2882 Ξ
1341 2845 1356 2864 »
1377 2835 1535 2874 dampnis
1553 2837 1585 2865 et
1599 2834 1761 2873 expensis
1779 2834 1888 2870 factis,
1915 2843 1980 2873 que
2000 2834 2153 2867 incurrit.
2172 2843 2237 2873 que
2252 2834 2356 2865 etiam

1342 2898 1356 2917 »
1375 2888 1516 2918 extimat
1533 2888 1708 2927 sexaginta
1723 2896 1855 2918 marcas
1873 2887 2128 2927 sterlingorum,
2146 2887 2358 2918 sententiali-

1344 2952 1358 2970 »
1377 2942 1428 2972 ter
1451 2941 1718 2981 condempnetis,
1743 2940 1911 2979 dictisque
1937 2941 2118 2971 sententiis
2135 2941 2259 2980 ligatos
2281 2948 2358 2972 esse
