2547 3289
1097 313 1337 352 DEUXIEME
1359 315 1526 353 ANNE'E.
2307 330 2361 358 101

276 405 460 434 verteretur
472 412 612 439 errores,
630 405 661 434 et
682 403 771 441 quod
789 403 926 441 insuper
936 403 1095 433 notabilia
1106 403 1201 433 valde
1219 412 1289 432 010-

277 456 423 487 delitatis
438 457 533 495 signa
548 456 588 486 de
604 456 701 486 vobis
719 456 752 485 in
771 464 906 494 corpore
926 457 1033 486 vestre
1050 456 1165 485 matris
1189 456 1289 486 eccle-

276 509 325 539 sie
355 509 576 543 remanerent,
610 511 636 538 si
650 517 770 547 corpus
788 508 898 546 ipsum
925 508 1075 538 membro
1091 509 1157 538 tam
1173 508 1288 544 nobili,

276 561 397 592 vestris
408 561 529 600 gladiis
543 561 628 591 illud
644 560 684 590 ab
701 570 738 591 eo
748 561 1009 599 succidentibus,
1023 561 1176 590 existeret
1191 560 1288 589 muti-

274 614 391 651 latum,
423 614 509 643 sicut
542 614 691 643 divinam
718 615 749 644 et
779 615 925 643 nostram
941 622 977 643 ac
1004 614 1182 643 memorate
1201 613 1289 643 sedis

275 667 366 697 cordi
396 667 527 697 habetis
555 667 709 705 gratiam,
743 667 854 697 statim
890 667 1029 705 receptis
1065 666 1286 704 presentibus,

274 728 390 750 omnes
400 728 502 749 naves
512 720 542 749 et
552 728 668 749 omnes
679 719 790 758 galeas
803 720 985 757 cunctaque
1001 727 1082 748 vasa
1091 720 1202 747 vestra
1225 726 1288 756 que

273 773 313 802 ad
327 774 438 811 partes
464 772 641 806 Romame,
661 773 731 802 sive
754 771 815 801 sub
834 772 953 802 vestris
968 771 1038 801 sive
1064 771 1125 800 sub
1140 771 1289 809 ejusdem

273 825 425 854 scismati
462 824 640 863 stipendiis
652 823 855 858 destinastis,
872 824 911 853 de
926 823 1022 852 terris
1034 824 1064 852 et
1079 822 1201 852 insulis
1216 831 1288 860 pre-

273 876 439 907 dictorum
456 877 620 916 principis
646 876 869 907 vassallorum
887 876 983 913 atque
1000 875 1151 905 fidelium
1168 876 1199 904 et
1215 883 1287 913 spe·

273 930 403 960 cialiter
431 930 471 960 de
501 929 612 959 insula
637 928 891 967 Nigripontensi
906 927 1039 966 penitus
1060 927 1233 960 revocetis,
1251 935 1287 956 ac

271 982 401 1012 faciatis
435 983 466 1012 et
493 981 679 1020 procuretis
704 981 792 1019 quod
808 980 976 1010 ammirati
998 981 1028 1010 et
1057 979 1217 1018 prepositi
1234 988 1286 1009 re·

269 1035 397 1073 terique
429 1036 526 1064 naute
545 1035 577 1064 et
593 1034 770 1064 bellatores
794 1033 940 1068 navium,
959 1033 1129 1071 galearum
1146 1034 1176 1062 et
1192 1041 1286 1062 vaso-

271 1095 346 1116 rum
355 1086 645 1125 ipsoru1n,exinde
662 1094 737 1116 cum
754 1085 1117 1124 ipsis11avibus,galeis
1135 1086 1164 1114 et
1182 1084 1284 1120 vasis,

270 1139 402 1170 sublata
425 1138 573 1178 qualibet
596 1147 689 1168 mora
712 1139 743 1168 et
769 1138 976 1173 difficultate,
1014 1138 1180 1171 recedant,
1214 1146 1285 1167 eos-

270 1192 413 1230 demque
441 1191 623 1230 principes,
652 1191 827 1224 vassallos,
862 1191 893 1221 et
920 1190 1036 1220 fideles
1069 1190 1285 1228 ipsorumque

268 1246 374 1274 terras
392 1245 422 1274 et
439 1244 568 1274 insulas
595 1245 626 1273 et
642 1244 820 1283 presertim
838 1243 977 1273 eandem
988 1243 1284 1282 Nigripontensem

271 1297 418 1327 insulam
448 1306 514 1327 non
544 1297 724 1332 offendant,
756 1305 815 1326 1100
835 1296 968 1332 offendi,
987 1297 1153 1334 quantum
1171 1296 1205 1326 in
1236 1296 1284 1325 eis

269 1349 380 1385 fuerit,
412 1349 593 1388 patiantur,
624 1349 820 1387 nullumque
851 1349 915 1387 ipsi
947 1349 1136 1378 scismatico
1171 1349 1285 1378 suisve

270 1402 414 1432 subditis
445 1403 475 1432 et
492 1401 712 1432 bellatoribus
737 1403 767 1431 et
785 1402 885 1431 etiam
901 1401 1145 1440 guarnimentis
1157 1401 1197 1430 ad
1216 1409 1285 1430 eas-

267 1455 343 1485 dem
370 1456 474 1485 terras
499 1456 529 1485 et
553 1455 693 1489 insulas,
712 1454 797 1484 sicut
810 1455 958 1484 fecerunt
970 1454 1141 1490 hactenus,
1162 1454 1282 1484 transi-

266 1509 337 1537 tum
353 1508 512 1546 prebeant
528 1507 581 1537 vel
597 1507 807 1543 conductum,
826 1508 857 1536 ct
872 1507 1110 1537 nichilominus
1127 1507 1168 1537 ad
1192 1507 1280 1545 0]οε-

268 1560 343 1590 dem
356 1560 494 1590 ecclesie
507 1560 683 1599 gremium,
699 1569 761 1598 que
778 1560 888 1589 anxiis
903 1559 1079 1589 desideriis
1093 1559 1282 1590 conversio-

268 1622 345 1643 nem
360 1614 504 1643 vem-am
516 1614 677 1651 expectat,
697 1613 727 1642 et
744 1613 784 1642 ad
801 1621 872 1649 vos,
884 1614 919 1642 ut
933 1613 972 1642 ad
988 1613 1094 1651 ipsam
1112 1613 1282 1643 converta-

270 1666 367 1700 mini,
384 1666 526 1696 clamare
558 1674 701 1704 suasque
735 1674 834 1695 voces
868 1665 1012 1695 exaltare
1056 1674 1120 1695 non
1146 1665 1279 1701 desinit,

267 1723 384 1753 devote
411 1732 448 1753 ac
479 1723 650 1753 humiliter
677 1722 784 1753 redire
808 1723 941 1758 curetis,
970 1733 988 1753 a
1015 1723 1281 1753 confederatione

264 1776 385 1815 prefati
402 1776 584 1806 scismatici
601 1775 745 1806 totaliter
761 1776 955 1811 recedendo,
990 1785 1025 1806 ac
1055 1775 1280 1806 dis-solventes

266 1838 383 1859 omnes
413 1829 662 1866 conventiones,
679 1830 858 1868 pactiones,
877 1828 1120 1868 promissiones
1137 1830 1168 1859 et
1190 1829 1279 1859 colli—

266 1882 416 1920 gationes
432 1891 507 1912 cum
532 1891 569 1912 eo
587 1882 697 1918 initas,
714 1883 846 1912 etiamsi
861 1883 985 1912 fuerint
1005 1883 1195 1921 juramento
1213 1883 1281 1912 val-

266 1935 343 1970 late,
361 1945 379 1965 a
397 1945 461 1974 quo
476 1936 657 1974 apostolica
668 1945 728 1966 vos
742 1936 935 1966 auctoritate
952 1935 1170 1970 absolvimus,
1184 1938 1281 1974 prout

268 1987 423 2025 superins
447 1989 496 2017 est
524 1996 731 2026 expressum,
756 1987 969 2025 naviumque,
989 1987 1170 2025 galearum,
1188 1996 1280 2018 vaso-

266 2048 341 2069 rum
373 2048 409 2069 ac
436 2039 636 2069 bellatorum
666 2041 854 2069 vestrorum
881 2040 1032 2069 subsidia
1063 2040 1104 2069 ab
1131 2040 1279 2079 ejusdem

266 2092 446 2122 scismatici
463 2093 611 2122 servitiis
626 2093 665 2122 de
683 2093 891 2131 quibuslibet
906 2093 987 2123 loris
1000 2092 1190 2123 omnimode
1203 2093 1277 2123 sub-

264 2145 436 2175 trahendo.
470 2145 541 2175 Nos
572 2145 661 2176 enim
690 2146 813 2184 quibus
853 2155 894 2176 ex
931 2146 1137 2185 apostolatus
1168 2146 1278 2177 officio

264 2198 419 2236 competit
432 2207 547 2236 pacem
564 2198 748 2229 christiano
774 2199 898 2237 populo
927 2208 1117 2238 procurare,
1138 2200 1171 2229 in
1192 2200 1278 2230 votis

263 2250 411 2289 gerimus
425 2260 526 2290 super
544 2252 722 2286 discordia,
741 2261 841 2290 quam
858 2252 944 2282 inter
957 2261 1017 2282 vos
1035 2254 1277 2283 etmemoratos

266 2303 412 2334 Venetos
442 2304 601 2334 inimicus
622 2305 761 2334 humani
778 2305 910 2343 generis
935 2305 1057 2335 dicitur
1079 2306 1274 2343 seminasse,

261 2357 381 2392 taliter,
410 2359 541 2388 auctore
564 2358 721 2394 Domino,
733 2359 920 2397 providere,
944 2359 1031 2397 quod
1047 2359 1153 2389 honor
1168 2360 1277 2389 vester

262 2409 412 2439 illibatus
441 2412 655 2440 conservetur
670 2412 700 2440 et
723 2411 849 2449 integer
862 2412 893 2441 et
910 2420 1010 2450 super
1027 2412 1193 2450 dampnis,
1213 2420 1276 2450 que

262 2462 303 2492 ab
321 2462 405 2501 ipsis
423 2463 662 2493 Venetisillata
673 2463 770 2494 vobis
783 2464 945 2498 asseritis,
963 2464 1020 2494 fiat
1036 2464 1131 2494 vobis
1149 2465 1275 2494 favora-

262 2514 341 2545 bilis
353 2515 485 2553 justitie
496 2515 681 2554 plenitudo,
707 2525 744 2546 ac
766 2517 874 2546 omnis
891 2517 976 2547 inter
995 2525 1055 2547 vos
1071 2518 1101 2547 et
1117 2517 1193 2547 illos
1209 2517 1273 2546 dis-

260 2567 424 2598 sentionis
453 2569 594 2598 materIa
620 2569 820 2607 precidatur.
841 2570 977 2600 Scindat
1002 2570 1112 2608 itaque
1135 2579 1275 2600 corves-

260 2620 349 2649 trum
368 2619 400 2649 in
419 2620 579 2650 maternis
594 2620 797 2650 clamoribus
815 2621 1000 2659 compassio
1026 2621 1150 2659 filialis,
1169 2622 1275 2660 pietas

259 2672 344 2701 illud
359 2672 521 2706 emolliat,
545 2673 576 2702 et
591 2674 722 2703 moveat
739 2673 900 2704 instanter
917 2674 1045 2704 affectio
1064 2683 1130 2712 qua
1147 2683 1207 2704 vos
1234 2675 1273 2704 ad

260 2734 340 2756 suos
365 2725 541 2764 amplexus
562 2726 677 2755 eadem
701 2726 839 2756 ecclesia
858 2727 1006 2757 brachiis
1024 2727 1172 2757 extensis
1189 2727 1273 2757 invi-

259 2779 316 2808 tat.
335 2778 405 2808 Hec
419 2779 496 2808 sunt
511 2777 599 2808 enim
615 2779 673 2808 illa
689 2787 752 2817 que
768 2788 786 2809 a
802 2779 897 2809 vobis
919 2788 994 2809 cum
1010 2781 1100 2810 tanta
1118 2780 1276 2810 instantia

259 2831 418 2869 petimus.
445 2830 514 2860 Hec
539 2831 616 2860 sunt
633 2839 696 2869 que
710 2840 768 2870 per
790 2840 850 2861 vos
866 2831 938 2861 fieri
955 2831 1083 2861 cunctis
1097 2832 1275 2862 desideriis

259 2884 463 2914 affectamus.
497 2883 685 2913 Satisfacite
703 2892 779 2921 ergo
796 2883 830 2913 in
846 2884 915 2914 illis
927 2885 1013 2923 patri
1028 2885 1190 2920 fidelium,
1215 2884 1274 2914 im-

259 2937 347 2976 plete
378 2937 455 2967 vota
484 2937 600 2967 matris
633 2937 781 2973 ecclesie,
814 2939 850 2967 ut
866 2946 930 2967 11011
951 2938 1098 2976 oporteat
1112 2938 1219 2976 ipsam
1235 2938 1274 2968 de

260 2992 368 3021 cetero
384 2990 425 3020 ad
442 2999 502 3020 vos
519 2999 580 3029 pro
597 2991 707 3021 vestra
717 2990 938 3021 conversione
955 2990 1055 3021 altius
1073 2991 1272 3027 exclamare,

1353 403 1522 434 laboravit
1537 406 1625 435 enirn
1658 406 1805 436 clamans
1835 407 1994 437 havtcnus
2011 409 2042 438 et
2064 417 2161 439 rauce
2179 409 2262 440 facte
2287 413 2363 441 sunt

1354 456 1466 487 fauces
1483 458 1572 496 ejus,
1593 459 1694 489 nolite
1711 460 1867 498 deinceps
1881 460 1972 490 illius
1988 461 2199 492 dissinmlare
2217 463 2358 493 dolores.

1352 509 1436 539 Nam
1455 510 1483 539 si
1499 510 1539 539 ad
1553 510 1644 540 illam
1663 512 1786 541 reversi
1821 512 1951 542 fueritis
1974 513 2013 542 de
2040 513 2171 551 regione
2189 514 2361 545 dissimili-

1352 562 1478 592 tudinis
1498 563 1531 593 in
1549 571 1614 601 qna
1628 573 1701 593 011111
1724 564 1868 594 inimicis
1881 566 1952 604 ejus
1970 566 2000 596 et
2015 566 2359 605 fidei,(prod‹lole11tes

1350 614 1537 650 referimus,
1571 616 1760 646 ambulatis,
1793 626 1925 647 omnem
1956 618 2095 648 ecclesia
2124 619 2196 657 ipsa
2222 620 2262 650 de
2276 620 2360 651 facie

1350 668 1459 697 cordis
1486 668 1538 698 sui
1564 677 1662 707 quam
1689 671 1821 708 propter
1847 670 1906 700 boc
1934 671 2042 706 habet,
2073 672 2194 701 nubem
2218 674 2360 703 meroris

1350 719 1493 757 abjiciet,
1513 722 1543 750 et
1560 721 1592 750 in
1602 721 1711 751 laudis
1721 731 1861 760 superne
1874 724 2037 753 canticum
2049 724 2358 764 letanterassurget‚

1352 772 1535 811 referetque
1552 774 1726 804 Altissimo
1755 784 1854 813 super
1870 777 1959 806 tanto
1976 777 2061 807 bono
2078 778 2258 815 gratiarum
2274 779 2357 808 mul-

1350 824 1481 862 tiplices
1497 826 1644 855 actiones
1660 835 1696 856 ac
1714 827 1810 856 vobis
1836 837 1895 866 per
1907 829 2058 859 effectum
2075 830 2184 868 operis
2201 831 2355 861 demons-

1350 876 1408 911 bit,
1424 877 1511 915 quod
1528 878 1585 907 vix
1598 879 1658 907 1100
1672 880 1818 917 tempore
1834 881 1976 918 possetis
1992 881 2118 920 aliquid
2131 883 2250 917 facere,
2270 884 2356 921 ([0011

1349 929 1413 959 sibi
1426 930 1570 968 amplius
1584 931 1815 969 complaceret.
1834 933 1874 962 Et
1892 941 1965 962 ecce
1986 935 2210 964 venerabilem
2223 936 2357 966 fratrem

1349 983 1499 1012 nostrum
1521 1005 1540 1012 ..
1558 983 1845 1022 archiepiscopum
1870 985 2098 1023 Turritanum,
2117 987 2227 1017 virum
2245 988 2359 1026 utique

1348 1036 1480 1073 experte
1491 1036 1665 1074 prudentie
1680 1044 1717 1066 ac
1733 1037 1918 1067 examinato>
1935 1038 2081 1073 virtutis,
2092 1039 2134 1069 ad
2152 1048 2210 1069 vos
2226 1042 2358 1078 propter

1348 1087 1408 1117 hoc
1438 1089 1626 1126 specialiter
1655 1089 1811 1119 duximus
1826 1090 2073 1127 destinandum,
2092 1092 2145 1121 cui
2161 1092 2194 1122 in
2210 1093 2274 1122 hiis·
2292 1103 2356 1131 que

1347 1150 1447 1179 super
1463 1141 1638 1179 premissis
1652 1142 1746 1172 vobis
1762 1151 1802 1172 ex
1828 1146 1920 1182 parte
1940 1145 2052 1174 nostra
2079 1145 2211 1180 dixerit,
2229 1145 2357 1176 indubi—

1346 1194 1447 1223 tatam
1460 1194 1616 1225 adhibere
1650 1195 1749 1224 fidem
1767 1195 1886 1234 illaque
1903 1196 2081 1227 efficaciter
2103 1197 2282 1236 adimplere
2302 1207 2354 1229 cu·

1347 1246 1438 1276 retis.
1488 1247 1610 1277 Datum
1658 1249 1746 1286 apud
1790 1249 2075 1286 Urbemveterem,
2123 1251 2220 1280 nonis
2261 1252 2354 1287 maii,

1347 1308 1433 1330 anno
1453 1304 1502 1329 11⁰.
1525 1312 1539 1326 »

1955 1460 2080 1492 Orvieto,
2097 1463 2112 1486 7
2129 1461 2187 1487 mai
2207 1463 2281 1487 1-263.

1412 1459 1484 1490 229

1380 1533 1602 1567 Archiepiscopo
1615 1535 1767 1561 Turritano
1782 1535 1901 1562 mandat
1913 1535 2039 1569 requirat
2054 1538 2226 1570 potestatem
2243 1539 2269 1563 et
2286 1544 2352 1563 con-

1343 1581 1442 1608 silium
1465 1582 1622 1608 Januenses
1644 1585 1674 1609 01
1693 1583 1727 1609 de
1750 1583 1844 1610 insula
1865 1584 2080 1618 Nigripontensi
2095 1585 2189 1619 galeas
2209 1588 2352 1617 revocent,

1343 1630 1513 1664 nullumque
1525 1631 1691 1657 scismatico
1705 1632 1871 1666 Palaeologo
1887 1633 2041 1666 praebeant
2054 1633 2089 1659 ad
2100 1633 2207 1659 dictam
2226 1633 2352 1659 insulam

1343 1679 1499 1705 transitum
1517 1679 1561 1705 vel
1577 1679 1759 1706 conductum.
1778 1680 1853 1714 (REG.
1870 1681 1915 1711 20,
1933 1680 2001 1707 anni
2021 1681 2057 1714 ll,
2073 1685 2104 1707 n0
2122 1682 2166 1713 92,
2184 1680 2232 1707 sol.
2252 1682 2284 1707 So
2300 1682 2352 1716 v0.)

1385 1788 1397 1801 κ
1419 1799 1444 1805 ..
1462 1775 1690 1815 archiepiscopo
1710 1775 1884 1806 Tzcrritano.
1921 1774 2003 1807 Post
2024 1778 2214 1816 frequentes
2229 1787 2351 1808 ammo-

1343 1828 1486 1858 nitiones
1532 1829 1655 1867 quibus
1698 1829 1786 1867 apud
1805 1852 1827 1859 ..
1848 1830 2054 1868 potestatem,
2092 1828 2286 1860 consilium
2322 1833 2352 1861 et

1341 1890 1515 1911 commune
1542 1882 1728 1912 Januenses
1748 1883 1779 1911 et
1793 1891 1852 1920 per
1864 1882 1992 1912 litteras
2007 1884 2038 1912 et
2065 1892 2124 1921 per
2140 1884 2275 1913 nuntios
2291 1884 2352 1914 fer-

1342 1935 1457 1964 venter
1483 1934 1664 1964 institimus
1677 1935 1751 1968 etc.‚
1769 1936 1803 1964 ut
1820 1935 1854 1965 in
1871 1936 2035 1973 superiori
2052 1937 2215 1974 proxima,
2240 1937 2352 1966 verbis

1340 1988 1563 2025 competenter
1587 1987 1733 2022 mutatis,
1757 1996 1861 2026 usque
1889 1988 2125 2019 subtrahendo.
2151 1989 2233 2019 Cum
2253 1990 2353 2028 igitur

1342 2048 1401 2069 nos
1413 2040 1451 2069 de
1467 2040 1763 2078 circumspectione
1781 2042 1836 2070 tua
1848 2041 1980 2079 plenam
1995 2041 2029 2070 in
2044 2042 2352 2072 Dominofiduciam

1341 2093 1538 2128 obtinentes,
1561 2094 1591 2123 te
1610 2093 1651 2123 ad
1666 2094 1788 2123 dictam
1804 2094 1973 2124 civitatem
1990 2094 2029 2124 de
2046 2094 2270 2133 predictorum
2288 2095 2350 2125 fra-

1340 2147 1428 2176 trum
1451 2146 1592 2176 consilio
1613 2146 1831 2181 destinemus,
1853 2147 2008 2177 volumus
2026 2148 2056 2177 et
2071 2148 2275 2185 presentium
2291 2148 2351 2178 tibi

1339 2199 1531 2230 auctoritate
1543 2200 1743 2229 mandamus
1769 2200 1926 2238 quatinus
1943 2200 1983 2229 ad
1993 2200 2131 2229 eandem
2141 2200 2307 2230 civitatem
2320 2202 2349 2230 te

1338 2253 1556 2290 personaliter
1580 2252 1767 2289 conferens,
1787 2253 1919 2282 eosdem
1942 2254 2151 2291 potestatem,
2172 2253 2349 2283 consilium

1337 2306 1368 2335 et
1386 2314 1561 2335 commum¹
1579 2305 1719 2335 sollicite
1741 2314 1781 2335 ex
1795 2307 1887 2343 parte
1909 2306 2020 2335 nostra
2037 2305 2199 2343 requiras,
2227 2307 2263 2335 ut
2280 2314 2347 2335 001-

1338 2367 1397 2388 nes
1414 2359 1649 2397 naves‚galeas
1664 2359 1847 2396 cunctaque
1866 2367 1944 2389 vasa
1962 2358 2109 2396 prediCta
2122 2358 2160 2387 de
2176 2358 2349 2396 prelibatis

1337 2411 1434 2441 terris
1458 2412 1489 2441 et
1512 2411 1644 2446 insulis,
1670 2412 1702 2440 01
1741 2411 1929 2449 specialiter
1961 2411 2000 2447 de
2036 2410 2145 2440 insula
2171 2410 2348 2449 Nigripon·

1337 2464 1434 2499 tensi,
1453 2464 1636 2494 secundum
1653 2463 1740 2501 quod
1755 2463 1803 2492 eis
1823 2471 1882 2501 per
1896 2462 2060 2501 predictas
2080 2463 2205 2492 litteras
2218 2464 2348 2493 nostras

1336 2517 1556 2555 injungimus,
1576 2516 1728 2554 protinus
1747 2517 1913 2549 revocent,
1929 2516 1960 2544 et
1978 2515 2098 2544 faciant
2116 2516 2147 2545 et
2170 2518 2347 2554 procurent

1336 2570 1424 2608 quod
1441 2570 1542 2599 iidem
1567 2569 1697 2599 amirati
1715 2570 1745 2598 et
1761 2568 1921 2608 preposIti
1937 2568 2101 2606 ceterique
2118 2569 2215 2598 naute
2232 2570 2262 2598 et
2278 2568 2345 2599 bel-

1336 2622 1457 2652 latores
1474 2622 1623 2656 navium,
1640 2623 1806 2660 galearum
1823 2622 1852 2651 et
1872 2629 2030 2650 vasorum
2045 2621 2207 2658 ipsorum,
2227 2621 2346 2652 exinde

1336 2684 1411 2705 cum
1426 2674 1580 2710 navibus,
1599 2674 1702 2713 galeis
1719 2675 1750 2704 et
1768 2674 1857 2703 vasis
1876 2673 2001 2703 eisdem
2014 2673 2084 2703 sine
2096 2673 2347 2712 qualibetmora

1335 2729 1367 2758 et
1397 2727 1592 2757 difficultate
1615 2727 1778 2761 recedant,
1798 2728 1829 2756 et
1847 2726 1951 2756 dictos
1968 2726 2165 2765 principem,
2182 2727 2346 2757 vassallos

1335 2782 1366 2811 et
1390 2780 1505 2810 fideles
1534 2780 1750 2819 ipsorumque
1776 2780 1880 2808 terras
1906 2780 1936 2808 et
1962 2778 2090 2808 insulas
2112 2780 2143 2808 et
2169 2779 2344 2818 presertim

1336 2834 1517 2873 predictam
1539 2833 1836 2871 Nigripontensem
1861 2832 2007 2862 insulam
2024 2841 2089 2863 11011
2104 2832 2270 2863 offendant
2285 2841 2344 2864 nec

1336 2886 1470 2922 offendi,
1494 2887 1656 2924 quantum
1682 2885 1714 2914 in
1741 2885 1790 2915 eis
1812 2885 1922 2920 fuerit,
1941 2886 2122 2924 patiantur,
2148 2885 2343 2925 nullumque

1335 2938 1422 2968 dicto
1447 2938 1636 2968 scismatico
1660 2937 1773 2967 suisve
1790 2937 2173 2973 subditis‚bellat01·ibus
2190 2946 2227 2968 ac
2245 2938 2343 2968 etiam

1336 2989 1578 3029 guarnimentis
1609 2989 1650 3019 ad
1684 2989 1816 3019 easdem
1837 2989 1941 3019 terras
1962 2990 1994 3020 et
2018 2989 2147 3020 insulas
2166 2989 2342 3020 transitum
