2547 3289
256 192 315 221 208

253 281 289 302 ac
309 273 347 301 111·
373 272 670 310 circumsl›ectione
693 274 748 301 tua
774 271 997 301 indubitatam
1031 272 1128 301 tidem
1152 273 1263 301 tenen-

251 326 313 355 tes.
350 325 476 363 tibique
503 325 743 354 correctionem
775 327 807 354 et
838 325 1114 354 reformationem
1152 325 1262 363 ipsius
1293 338 1294 343 ¹

251 380 316 407 tam
337 378 423 406 circa
450 386 627 415 personum
649 377 768 415 prefati
797 377 927 408 abbatis
950 387 1048 416 quam
1077 377 1161 407 alias
1189 386 1261 416 per-

250 439 349 459 sonas
381 430 531 467 ejusdem
572 431 769 460 monasterii
808 431 958 469 plenarie
999 431 1260 464 committentes,

250 483 447 511 mandamus
486 483 645 520 quatinus
676 483 903 521 personaliter
943 483 984 512 ad
1017 483 1259 513 monasterium

249 535 492 572 supradictum,
511 536 663 565 ducendo
682 537 790 566 tecum
811 537 969 567 dilectum
999 537 1145 570 lilium..,
1164 536 1263 566 abba-

249 589 312 617 tem
339 588 535 618 monasterii
555 589 765 625 Casineusis,
795 589 968 622 accedens,
988 592 1018 619 et
1049 589 1175 619 habens
1203 598 1261 627 111-6

248 640 355 669 oculis
383 641 492 670 solum
509 641 629 677 Deum,
648 641 843 680 hujusmodi
865 642 1085 671 correctionis
1103 644 1135 672 et
1158 643 1261 672 resor-

247 745 330 779 bris,
349 747 420 775 vice
442 748 570 781 nostra,
594 747 642 777 sic
665 747 883 778 laudabiliter
905 757 1061 778 exercere
1088 757 1259 786 procures,

246 799 511 829 contradictores
532 809 591 838 per
618 809 795 830 censuram
818 801 1096 835 ecclesiasticam,
1117 801 1262 840 appella-

246 851 337 881 tione
366 853 566 890 postposita,
597 854 851 892 compescendo,
873 854 961 892 quod
985 855 1106 884 exinde
1127 864 1145 883 a
1167 855 1262 884 retri—

246 903 363 934 butore
393 904 558 935 bonorum
583 905 644 935 tibi
671 907 839 944 premium
871 910 1107 945 compensetur
1134 916 1261 946 nosque

246 957 476 988 sinceritatem
496 960 588 988 tuam
606 961 840 989 commendare
860 969 925 990 11011
958 960 1128 990 111111161·110
1153 960 1262 990 valea-

246 1019 333 1041 mus.
354 1011 477 1041 Datum
495 1012 582 1050 apud
599 1012 885 1050 Urbemveterem,
898 1023 942 1042 vu
961 1013 1036 1043 idus
1053 1013 1259 1047 novembris⁷

247 1072 334 1093 anno
352 1064 463 1094 tertio.
487 1077 500 1091 »

336 1214 409 1245 1136

789 1223 913 1254 Officio,
930 1225 964 1251 23
981 1225 1096 1251 octobre
1111 1226 1187 1252 liu-¹3.

282 1296 504 1332 Arcbiepiscopo
537 1298 714 1325 Nidrosicusi
743 1299 858 1334 ejusque
886 1300 1075 1333 suffraganeis
1110 1300 1258 1334 negotium

246 1345 343 1372 Crucis
372 1346 399 1372 iu
424 1354 512 1379 regno
540 1347 710 1382 Norxvagiae
736 1348 904 1374 committit.
930 1348 1009 1381 (ttae.
1028 1350 1072 1379 28,
1103 1348 1149 1374 sel.
1171 1350 1200 1375 lu
1218 1354 1258 1383 νῦ,

245 1402 311 1420 aun.
329 1394 373 1425 tu,
393 1401 422 1421 n‘*
440 1397 490 1428 393
512 1396 658 1422 l’oTTuAST
683 1397 789 1425 tb'ottz.)

287 1500 301 1515 «
323 1513 328 1518 .
349 1513 353 1518 .
378 1488 606 1528 archiepiscopo
627 1489 821 1519 Nidrosiensi
846 1495 872 1520 el
892 1491 1097 1531 διψῇ-1191111613
1119 1493 1194 1532 ejus:
1225 1493 1260 1522 In

248 1541 431 1571 universali
450 1542 599 1572 fidelium
617 1558 666 1572 —.
680 1543 825 1573 Proinde
842 1552 902 1573 nos
921 1545 961 1574 ad
978 1545 1173 1584 hujusmodi
1189 1546 1262 1576 osti-

246 1593 347 1630 cium,
373 1594 518 1625 Domino
543 1595 754 1634 disponente,
781 1598 960 1635 assumpti,
984 1598 1061 1628 licet
1084 1598 1258 1635 immeriti,

247 1647 286 1677 de
318 1647 378 1677 illo
409 1647 561 1686 ejusdem
591 1649 743 1687 corporis
776 1649 927 1680 fidelium
959 1651 1111 1682 membro
1141 1652 1259 1689 nobili,

248 1699 377 1730 scilicet
396 1701 519 1739 populo
537 1701 639 1731 Terre
659 1702 790 1739 Sancte,
811 1712 911 1742 quam
932 1704 1100 1735 Dominus
1124 1705 1260 1744 proprio

246 1752 415 1783 dedicavit
434 1754 608 1793 sanguine,
622 1756 715 1785 tanto
734 1756 915 1786 sollicitius
934 1758 1118 1796 cogitantes
1137 1761 1261 1797 quanto

248 1806 356 1844 magis
383 1806 603 1845 irreparabile
628 1808 716 1838 dicto
735 1810 844 1846 potest
863 1810 1047 1841 universali
1082 1812 1260 1850 provenire

247 1859 372 1898 populo
388 1860 589 1898 periculum,
607 1861 635 1890 si
652 1870 759 1900 usque
775 1863 815 1892 ad
830 1865 1125 1902 consumptionem
1144 1866 1260 1895 adver-

248 1920 307 1942 sus
319 1921 376 1942 eos
388 1912 569 1943 christiane
584 1914 661 1944 tidei
674 1915 870 1953 prevaleant
882 1916 1023 1954 inimici,
1036 1927 1094 1956 per
1109 1918 1262 1949 diversas

247 1964 339 1994 orbis
354 1967 467 2003 part-es
486 1966 652 2004 predicari
673 1968 921 2005 mandavimus,
943 1978 1003 2008 pro
1026 1971 1136 2009 ipsius
1159 1972 1261 2002 'serre

247 2017 366 2047 Sancte
390 2018 554 2055 subsidio,
577 2019 716 2050 verbum
739 2021 867 2051 Crucis.
887 2022 1002 2060 Porro,
1025 2033 1100 2053 cum
1118 2024 1262 2055 dilectus

249 2070 378 2106 filius..,
395 2071 488 2109 prior
504 2072 724 2110 provincialis
745 2073 1000 2105 Predicatorum
1025 2076 1059 2105 in
1081 2077 1184 2107 Dacia
1203 2086 1262 2116 per

249 2123 380 2154 litteras
408 2126 552 2159 nostras,
579 2128 612 2156 ut
637 2126 771 2162 dicitur,
796 2128 1038 2166 predicationis
1067 2130 1261 2168 huJusmodi

249 2177 405 2207 mandato
422 2179 566 2216 recepto,
589 2179 672 2209 illud
695 2179 727 2209 in
746 2189 848 2219 regno
865 2180 1045 2221 Norwagie
1064 2192 1122 2221 per
1140 2184 1261 2214 fratres

248 2238 341 2267 suos,
367 2231 400 2260 in
426 2239 528 2270 regno
556 2232 628 2270 ipso
654 2235 838 2271 morantes,
864 2235 985 2273 exequi
1017 2236 1259 2274 mandavisset,

248 2283 448 2313 carissimus
468 2284 500 2314 in
516 2284 650 2316 Christo
671 2286 763 2316 iilius
783 2289 940 2325 noster..‚
961 2289 1070 2327 ipsius
1089 2291 1182 2329 regui
1202 2299 1260 2320 rex

249 2335 406 2373 illustris,
427 2337 460 2366 in
479 2338 737 2369 admirationem
760 2349 802 2370 ex
821 2340 1014 2380 hujusmodi
1032 2343 1189 2373 mandato
1206 2344 1259 2374 de-

248 2389 379 2425 ductus,
399 2398 437 2420 eo
461 2389 550 2429 quod
576 2400 641 2422 non
668 2392 878 2432 dirigebatur
904 2394 1078 2433 aliquibus
1104 2397 1261 2434 personis

248 2442 390 2481 ydoneis
408 2444 501 2482 regni
523 2444 588 2479 sui,
604 2445 644 2474 ad
661 2454 734 2482 nos,
749 2446 827 2477 licet
843 2447 965 2478 fratres
984 2448 1078 2487 ipsos
1095 2449 1261 2480 directum

248 2495 297 2525 eis
310 2496 505 2526 mandatum
516 2498 638 2537 exequi
648 2499 852 2530 sustinuerit
863 2502 1066 2539 reverenter,
1078 2503 1261 2541 specialem

249 2548 404 2578 nuntium
417 2550 810 2589 c11n11-egalibus1itteris
820 2553 1015 2590 destinavit,
1025 2555 1112 2586 inter
1124 2556 1190 2586 alia
1202 2565 1262 2595 per

248 2601 384 2631 eosdem
402 2602 557 2633 nuntium
576 2604 609 2633 et
627 2604 760 2635 litteras
780 2606 958 2644 postulans
973 2609 1021 2644 ut,
1039 2616 1115 2638 cum
1134 2609 1207 2648 ipse
1225 2619 1261 2640 ac

248 2653 389 2684 devotus
406 2656 552 2694 populus
565 2656 646 2687 dicti
663 2659 756 2697 regni
773 2660 881 2697 parati
897 2660 964 2690 sint
979 2661 1050 2691 illis
1065 2662 1189 2700 quibus
1204 2663 1263 2693 ali-

249 2706 358 2747 quain
373 2708 488 2738 eodem
504 2717 604 2748 regno
619 2711 893 2742 commiserimus
908 2715 1116 2753 exequenda,
1128 2719 1262 2755 oportu-

248 2766 328 2789 num
352 2759 543 2798 impendere
562 2762 650 2793 circa
672 2765 906 2796 executionem
932 2766 1127 2806 hujusmodi
1153 2770 1261 2799 consi-

248 2811 344 2856 lium,
366 2812 531 2844 auxilium
549 2816 580 2845 et
597 2815 758 2852 favorem,
776 2806 1041 2857 predicationem
1065 2819 1260 2861 hujusmodi

249 2864 421 2907 aliquibus
435 2866 544 2905 ipsius
554 2869 646 2908 regni
657 2871 813 2908 personis
828 2872 1038 2904 committere
1051 2883 1258 2906 curaremus

1017 190 1259 221 REGIS'i'REs
1281 191 1353 221 D’U
1360 191 1496 222 nnAIN
1521 191 1578 221 IV.

1324 272 1407 301 Cum
1434 272 1535 311 igitur
1560 272 1768 310 seperlistum
1795 281 1934 310 regnum
1961 272 2283 302 christianissimum
2306 274 2337 303 et

1325 325 1434 363 ipsius
1452 326 1541 363 regis
1559 334 1752 363 persenam,
1769 325 1832 354 tide
1848 325 1889 355 ad
1904 325 2013 355 Deum
2029 334 2147 363 puram
2166 328 2196 355 et
2214 325 2254 355 ad
2275 326 2338 356 110-

1324 387 1457 408 manam
1474 378 1650 408 ecclesiam
1665 379 1843 408 devotione
1856 378 2054 413 ferventem,
2069 379 2206 409 caritate
2218 379 2339 408 intima

1324 432 1518 471 diligamus,
1541 432 1610 461 illis
1637 432 1787 461 studiose
1814 431 2032 466 intendimus,
2060 440 2119 469 per
2146 440 2221 469 11116,
2240 433 2340 470 juxta

1325 485 1434 523 ipsius
1450 485 1539 523 regis
1560 484 1827 515 connmanlabile
1845 485 2066 521 desiderium,
2090 485 2266 523 utriusque
2284 484 2339 515 ho-

1325 538 1417 567 noris
1433 540 1465 568 et
1479 538 1644 567 commodi
1661 538 1840 576 provenire
1852 537 1971 567 debeat
1985 538 2240 567 increliientuni.
2253 538 2339 568 Hinc

1324 592 1374 620 est
1390 591 1478 629 quod
1494 600 1566 627 nos,
1579 591 1769 628 hujusmodi
1783 591 1953 629 negotium
1968 590 2340 628 predicationistlrucis

1291 658 1293 677 1
1323 645 1411 674 dicto
1426 644 1530 683 priori
1549 644 1589 673 ab
1607 644 1791 682 apostolica
1810 644 1888 673 sede
1907 644 2141 679 commissum,
2160 645 2191 673 et
2216 643 2338 673 factam

248 693 407 722 mationis
423 693 571 723 osticium
591 693 727 730 ibidem,
744 696 808 724 tam
829 695 861 724 111
877 696 984 733 eapite
1000 704 1099 733 quam
1114 695 1147 724 in
1162 704 1261 725 mem-
1291 720 1292 723 ,

1324 696 2338 735 abeocommissionemdictisfratribuspenitusrevocantes,

1323 759 1484 788 processu
1507 750 1682 785 laudabili,
1704 750 1813 788 siquis
1832 749 1872 779 ab
1891 750 1940 779 eis
1966 749 2090 779 ibidem
2110 751 2158 779 cst
2185 749 2333 785 habitus,

1324 804 1355 833 in
1381 812 1442 833 suo
1461 803 1580 833 robore
1603 803 1776 839 duraturo,
1798 802 2002 833 fraternitati
2026 804 2137 832 vestre
2165 803 2338 841 negotium

1322 857 1447 895 ipsum,
1468 858 1567 895 prout
1592 857 1701 886 eidem
1728 857 1833 895 priori
1861 866 1878 885 a
1897 856 1986 886 dicta
2013 856 2091 885 sede
2116 855 2338 884 «ommis-sum

1324 910 1356 939 in
1379 910 1497 940 eodem
1527 918 1628 948 reguo
1649 909 1828 947 Norwagie
1853 910 1971 944 fuerat,
1996 909 2243 938 committimus
2262 916 2337 938 exe-

1323 963 1506 1002 quendum,
1540 972 1599 1001 per
1631 963 1815 1001 apostolica
1846 962 1942 992 vobis
1975 963 2101 1000 scripta
2136 962 2338 991 mandantes

1323 1016 1483 1054 quatinus
1505 1016 1537 1045 in
1554 1016 1667 1045 codem
1689 1016 1820 1053 negotio
1838 1016 1883 1044 ita
1899 1015 2046 1045 sollicite
2059 1023 2117 1053 per
2133 1024 2192 1044 vos
2203 1016 2233 1044 et
2251 1014 2338 1045 alios

1322 1069 1584 1104 virosi‹lon‹1²0s,
1608 1069 1640 1098 in
1666 1078 1765 1107 opere
1792 1078 1829 1098 ac
1857 1077 2012 1098 sermone
2029 1069 2198 1106 potentes,
2217 1076 2334 1106 proce-

1323 1123 1401 1152 dere
1420 1123 1597 1158 studeatis,
1613 1122 1711 1160 juxta
1730 1123 1842 1151 datam
1864 1121 1960 1151 vobis
1980 1130 1998 1151 a
2016 1122 2086 1151 Deo
2107 1121 2335 1159 prudentiam,

1323 1178 1354 1206 et
1373 1176 1577 1205 directarum
1614 1176 1715 1205 silem
1742 1175 1845 1213 priori
1876 1176 2069 1204 nostrarum
2094 1173 2335 1203 continentiam

1322 1229 1524 1265 litterarum,
1557 1237 1576 1266 q
1625 1229 1645 1257 d
1671 1228 1792 1257 exinde
1819 1227 1885 1265 ipsi
1916 1228 2018 1257 Terre
2046 1227 2167 1257 Sancte
2201 1228 2336 1265 optatus

1321 1282 1496 1320 In‘oveniat
1531 1281 1660 1311 fructus
1691 1282 1721 1310 et
1756 1282 1867 1310 vestre
1908 1279 2152 1310 sollicitudinis
2184 1279 2335 1310 studium

1322 1335 1442 1364 merito
1465 1334 1572 1364 valeat
1597 1333 1838 1363 commendari.
1866 1334 1990 1363 Datum
2009 1333 2097 1372 apud
2120 1332 2338 1363 L‘rbemvete-

1322 1396 1404 1423 rem,
1426 1397 1444 1416 x
1463 1387 1625 1417 kalendas
1642 1386 1848 1423 novembris,
1868 1395 1955 1416 anno
1971 1392 2031 1416 111⁰.
2052 1398 2066 1413 »

1412 1543 1483 1574 437

1843 1550 1967 1580 Orviem,
1984 1551 2000 1577 5
2013 1549 2166 1576 novembre
2186 1550 2264 1577 1263.

1358 1626 1497 1661 Episcopo
1516 1626 1682 1653 Βοὴ-11661151
1705 1626 1822 1653 mandat
1839 1625 1992 1660 compellat
2011 1625 2221 1660 lugeri—amum,
2243 1625 2338 1652 domi-

1321 1684 1390 1702 num
1408 1676 1441 1702 de
1457 1675 1586 1707 Coziaco,
1604 1678 1634 1702 ut
1657 1676 1691 1702 dc
1717 1674 1851 1710 dampnis
1872 1677 1900 1701 et
1923 1674 2035 1710 injuriis
2056 1674 2271 1709 archiepiscopo
2288 1675 2340 1701 Ca-

1322 1725 1481 1752 meraceusi
1500 1725 1627 1752 debitam
1643 1724 1873 1752 satisfactionem
1887 1724 2045 1758 impendat.
2063 1724 2142 1758 (Rae.
2159 1725 2203 1754 28,
2223 1723 2272 1750 soi.
2292 1724 2336 1755 11,

1322 1782 1387 1801 ann.
1405 1774 1449 1805 111,
1468 1779 1499 1800 11ο
1516 1775 1572 1807 401.

1363 1873 1377 1891 11
1402 1888 1431 1893 ..
1457 1863 1599 1902 νρῖεεορο
1624 1861 1813 1891 Belvueensi.
1836 1862 1902 1892 Sua
1924 1861 2021 1891 nobis
2043 1861 2249 1892 venerabilis
2274 1861 2338 1891 fra-

1323 1918 1373 1946 ter
1405 1918 1558 1952 noster..‚
1589 1915 1844 1946 Cameracensis
1871 1915 2063 1954 episcopus,
2096 1915 2338 1953 conquestione

1323 1970 1536 2006 monstravit,
1557 1969 1645 2008 quod
1662 1969 1787 1999 nobilis
1805 1968 1857 1998 vir
1873 1968 2102 2007 Ingerramus,
2123 1968 2282 1998 dominus
2296 1968 2337 1998 de

1323 2024 1476 2059 Coziaco,
1493 2023 1730 2053 Laudunensis
1745 2022 1903 2057 diocesis,
1918 2024 2043 2052 terram
2063 2022 2171 2060 ipsius
2185 2022 2336 2060 episcopi

1323 2078 1355 2106 et
1387 2076 1642 2106 Cameracensis
1677 2075 1819 2105 ecclesie
1854 2076 1969 2105 contra
1996 2075 2167 2114 Justitiam
2206 2075 2338 2105 intrans

1322 2129 1503 2163 hostiliter,
1529 2129 1638 2159 eidem
1658 2128 1817 2167 episcopo
1835 2137 1871 2157 ac
1894 2127 2089 2157 hominibus
2105 2128 2189 2164 suis,
2213 2128 2245 2158 in
2264 2127 2337 2166 ejus

1322 2183 1559 2222 prejudicium,
1578 2191 1638 2221 per
1664 2181 1817 2211 incendia
1846 2183 1877 2211 et
1906 2181 2043 2219 rapinas
2067 2183 2096 2211 et
2123 2181 2208 2211 alias
2235 2181 2337 2211 etiam

1322 2236 1466 2274 dampna
1484 2236 1599 2275 gravia
1619 2236 1649 2265 et
1670 2235 1812 2273 injurias
1826 2235 1975 2273 irrogare
1992 2234 2213 2273 presumpsit.
2226 2236 2337 2270 Quare

1323 2289 1495 2327 predictus
1524 2289 1704 2327 episcopus
1738 2287 1836 2317 nobis
1863 2287 2040 2317 humiliter
2065 2288 2268 2326 supplicavit
2301 2289 2338 2317 ut

1322 2343 1498 2382 providere
1518 2342 1583 2372 sibi
1603 2351 1703 2381 super
1720 2341 1779 2371 hoc
1801 2344 1939 2380 paterna
1959 2341 2190 2371 sollicitudine
2206 2349 2338 2371 curare-

1322 2405 1409 2426 mus.
1428 2397 1574 2434 Ideoque
1596 2395 1797 2425 fraternitati
1819 2397 1873 2425 tue
1893 2395 2095 2425 mandamus
2111 2395 2285 2433 quatinus,
2305 2394 2334 2424 si

1322 2449 1383 2480 tibi
1409 2449 1448 2479 de
1474 2449 1587 2488 plane,
1609 2448 1739 2488 absque
1762 2448 1881 2488 judicii
1905 2448 2061 2487 strepitu,
2081 2447 2271 2478 constiterit
2291 2448 2337 2478 ita

1323 2511 1410 2537 esse,
1429 2502 1615 2540 predictum
1638 2501 1798 2535 nobilem,
1815 2501 1904 2540 quod
1918 2501 2076 2540 episcopo
2092 2503 2122 2531 et
2141 2499 2338 2530 hominibus

1323 2555 1484 2594 predictis
1511 2555 1550 2585 de
1570 2554 1727 2593 dampnis
1750 2556 1781 2584 et
1808 2553 1942 2592 injuriis
1965 2553 2160 2591 hujusmodi
2187 2552 2335 2583 debitam

1323 2608 1591 2638 satisfactionem
1620 2607 1791 2646 impendat
1811 2609 1843 2637 et
1861 2606 1902 2637 ab
1921 2606 2107 2636 inferendis
2126 2606 2263 2636 omnino
2280 2606 2335 2636 de-

1323 2661 1434 2697 sistat,
1464 2661 1648 2691 monitione
1680 2661 1861 2699 prennssa,
1894 2669 1953 2699 per
1975 2659 2337 2690 excommunicatiouis

1323 2715 1357 2744 in
1385 2723 1564 2753 personam
1595 2716 1626 2745 et
1654 2714 1688 2744 in
1717 2716 1841 2744 terram
1872 2714 1981 2752 ipsius
2006 2712 2131 2743 nobilis
2164 2712 2336 2743 interdicti

1324 2770 1521 2805 sententias,
1538 2768 1765 2807 appellatione
1788 2769 1928 2804 remota,
1943 2766 2139 2806 compellas.
2164 2766 2241 2796 Non
2261 2765 2337 2796 obs-

1327 2823 1417 2852 tante
1436 2821 1523 2852 si-.
1536 2822 1659 2852 Datum
1674 2820 1763 2860 apud
1778 2819 2067 2854 Urbemveterem,
2086 2819 2184 2849 nonis
2203 2827 2336 2850 novem-

1323 2874 1407 2911 bris,
1425 2883 1511 2905 anno
1530 2878 1591 2905 111⁰.
1613 2885 1629 2902 11
