2547 3289
337 272 398 302 476

340 354 529 385 Prenestini
546 354 692 392 episi-opi
711 352 823 391 sigillo
839 352 982 391 signato,
996 351 1130 390 plenius
1141 350 1343 380 continetur,

339 409 408 438 Nos
436 408 558 445 itaque,
586 406 653 436 tuis
677 404 984 443 supplicationibus
1001 403 1168 439 inclinati,
1194 402 1283 442 quod
1307 402 1347 433 al)

339 460 454 489 eodem
484 459 640 497 episcopo
660 458 858 488 Prenestino
882 457 1005 487 factum
1027 458 1076 486 est
1105 456 1137 485 in
1157 456 1216 485 hac
1240 457 1345 494 parte,

339 514 447 542 ratum
466 513 499 542 et
518 512 651 541 tirmum
682 511 854 546 habentes,
880 510 913 539 id
938 510 1136 540 auctoritate
1163 509 1347 548 apostolica

338 565 587 600 confirmamus,
608 565 669 594 etc.
692 573 796 602 usque
816 563 1078 593 communimus.

377 618 541 647 Tenorem
559 619 671 647 autem
686 617 795 655 ipsius
814 616 1029 646 instrumenti
1046 616 1085 645 de
1103 614 1203 645 verbo
1221 615 1261 644 ad
1278 623 1348 644 ver-

337 669 416 700 bum
434 670 648 708 presentibus
668 670 810 699 fecimus
828 670 991 703 annotari,
1010 669 1067 708 qui
1085 668 1164 700 talis
1185 670 1235 698 est
1253 677 1258 695 z

378 734 391 751 1(
421 723 602 762 Stephanus,
622 723 811 752 miseratione
833 721 939 752 divina
960 722 1157 751 prenestinus
1174 721 1346 761 episcopus7

336 775 444 806 dilecto
459 775 639 816 cappellano
654 786 706 805 suo
724 776 868 815 magyislro
886 775 1027 811 Roberlo,
1039 775 1158 805 cancor-i
1173 774 1209 804 de
1219 774 1346 813 Pooeya,

336 830 450 859 domini
465 840 544 870 pape
560 829 755 860 subdiacono,
775 829 900 859 salutem
921 829 952 858 in
967 828 1106 858 Domino.
1127 828 1272 858 Noveris
1287 836 1348 857 nos

336 883 504 922 recepisse
522 883 653 913 litteras
670 883 873 921 apostolicas
894 883 927 912 in
942 882 1001 911 hac
1017 882 1125 911 forma
1140 891 1145 909 z

377 947 391 962 «
423 936 561 966 Urbanas
583 937 751 976 episcopus7
770 946 874 965 servus
900 945 1053 965 seruorum
1089 934 1153 969 Det,
1185 933 1349 963 venerabili

336 1001 351 1017 »
369 988 464 1027 fratri
483 1013 487 1017 .
503 1013 507 1017 .
525 989 666 1028 episcopo
681 989 873 1026 Peneslrino,
892 988 1019 1018 salutem
1037 993 1066 1017 et
1087 987 1283 1027 apostolicam
1301 987 1347 1016 be·

337 1051 351 1069 n
371 1041 580 1072 nedictc'onem.
598 1043 705 1073 Tuam
715 1042 868 1072 volentes
878 1042 1042 1072 honorare
1053 1049 1233 1080 personam
1249 1042 1279 1071 et
1289 1049 1348 1079 per

337 1106 352 1124 »
370 1095 529 1126 honorem
555 1095 615 1125 tihi
638 1095 827 1126 exhibitum
849 1096 927 1125 aliis
946 1095 1136 1134 providere,
1152 1094 1348 1124 conferendi

338 1159 352 1177 »
370 1157 429 1187 per
444 1150 476 1179 te
497 1149 548 1179 vel
566 1158 625 1188 per
645 1149 749 1179 alium
775 1158 833 1179 seu
853 1149 940 1179 alios
958 1149 1114 1187 personis
1134 1148 1275 1186 ydoneis
1295 1147 1347 1177 be-

336 1210 353 1230 »
373 1202 491 1232 neticia
510 1203 752 1237 ecclesiastica,
775 1204 978 1241 personatus
1006 1203 1037 1232 et
1062 1201 1244 1240 dignitates
1273 1210 1347 1230 cum

338 1264 353 1284 ))
372 1264 450 1285 cura
464 1257 496 1285 et
514 1256 586 1286 sine
603 1264 682 1285 cura
701 1264 764 1294 que
781 1255 925 1285 dilectus
940 1255 1032 1284 filius
1052 1254 1273 1293 Tymotheus,
1291 1254 1349 1283 Za-

336 1316 353 1337 »
372 1308 562 1347 gabriensis
580 1309 718 1344 electus,
738 1309 960 1347 promotionis
979 1316 1038 1338 sue
1058 1309 1220 1346 tempore,
1246 1307 1278 1336 in
1298 1315 1348 1337 re-

335 1369 353 1390 »
370 1370 433 1401 gno
458 1362 604 1400 Ungarie
629 1362 811 1396 obtinebat,
838 1371 874 1391 ac
899 1361 1042 1391 faciendi
1067 1369 1230 1399 personas
1255 1360 1348 1398 ipsas

336 1416 410 1445 »ad
433 1415 595 1445 beneficia
619 1415 825 1453 hujusmodi.
856 1415 883 1443 si
914 1415 947 1443 in
978 1414 1132 1444 ecclesiis
1159 1413 1348 1452 collegiatis

336 1478 352 1497 »
373 1468 507 1502 fuerint,
530 1468 632 1506 recipi
650 1468 682 1497 in
702 1468 880 1497 canonicos
896 1470 924 1497 ei
943 1468 975 1496 in
991 1467 1111 1497 fratres
1127 1475 1255 1496 necnon
1273 1475 1347 1497 con-

335 1530 352 1550 »
372 1521 572 1551 tradictores
601 1529 660 1559 per
687 1529 863 1550 censuram
889 1520 1165 1550 ecclesiasticam.
1200 1519 1347 1558 appella-

335 1575 458 1605 »tione
476 1574 673 1612 postposita,
690 1574 936 1612 compescendi,
952 1582 1016 1603 non
1034 1572 1187 1603 obstante
1204 1574 1293 1603 certo
1311 1590 1349 1593 —

335 1636 352 1656 »
370 1629 426 1658 aut
444 1627 531 1666 quod
557 1627 672 1657 eedem
696 1635 839 1665 persone
862 1627 947 1656 alias
969 1626 1164 1656 beneficiate
1185 1626 1345 1662 existant,

336 1690 352 1709 »
370 1680 572 1710 fraternitati
593 1682 648 1710 tue
666 1680 807 1709 liberam
823 1679 1038 1709 concedimus
1056 1679 1256 1709 auctoritate
1274 1687 1346 1717 pre-

335 1742 352 1761 »
373 1733 519 1763 sentium
540 1733 744 1763 facultatem.
759 1733 880 1763 Datum
902 1733 990 1771 apud
1007 1732 1282 1763 Urbemveterem
1302 1742 1344 1762 vn

336 1795 352 1815 »
370 1786 532 1817 kalendas
552 1786 710 1822 octobris,
732 1786 947 1824 pontificatus
968 1786 1073 1815 nostri
1095 1794 1181 1815 anno
1200 1785 1311 1816 tertio.
1330 1795 1346 1815 ))

374 1840 540 1870 «Harum
568 1839 671 1878 igitur
697 1840 894 1869 auctoritate
916 1839 1116 1875 litterarum,
1141 1839 1344 1869 archidiaco-

334 1894 449 1923 natum
468 1893 508 1923 de
527 1893 641 1929 Vulto,
662 1893 896 1923 canonicatum
925 1894 956 1922 et
975 1892 1179 1931 prebendam
1203 1901 1267 1931 que
1293 1901 1346 1923 ve-

334 1946 497 1976 nerabilis
519 1948 614 1985 pater
640 1946 862 1984 Tymotheus,
889 1946 1126 1985 Zagabriensis
1151 1946 1342 1985 episcopus,

334 1999 558 2038 promotionis
585 2008 643 2029 sue
666 2001 828 2037 tempore,
851 2000 883 2028 in
916 1999 1272 2037 Quinqueecclesiensi
1296 2009 1344 2030 ec-

334 2052 435 2082 clesia
448 2052 630 2084 obtinebat,
646 2052 796 2081 vacantia
808 2061 865 2090 per
878 2052 1124 2090 promotionem
1135 2052 1243 2090 ipsius
1259 2053 1345 2091 epis-

333 2106 418 2144 copi,
436 2105 509 2141 tibi,
535 2114 609 2135 cum
634 2105 791 2135 omnibus
807 2104 942 2141 juribus
967 2106 997 2134 et
1016 2105 1229 2143 pertinentiis
1257 2106 1341 2139 suis,

332 2158 538 2188 conferimus
557 2160 588 2188 et
616 2158 834 2196 providemus
865 2158 903 2188 de
931 2158 1027 2196 ipsis,
1058 2160 1088 2187 te
1121 2158 1343 2189 investientes

331 2211 582 2250 presentialiter
609 2220 666 2250 per
693 2213 846 2241 nostrum
874 2211 1013 2241 anulum
1037 2211 1076 2241 de
1105 2211 1246 2246 eisdem,
1278 2220 1343 2242 non

331 2264 483 2295 obstante
501 2266 590 2294 certo
607 2283 654 2299 fi,
676 2266 729 2294 aut
758 2265 846 2303 quod
865 2265 950 2294 alias
968 2264 1188 2294 beneficiatus
1208 2265 1340 2298 existis,

330 2318 548 2348 decernentes
561 2317 663 2348 etiam
676 2317 874 2347 auctoritate
886 2317 1037 2356 predicta
1051 2317 1184 2348 irritum
1199 2320 1229 2348 et
1244 2318 1342 2348 inane

331 2370 358 2400 si
381 2379 477 2400 secus
500 2371 539 2401 de
564 2370 756 2409 hujusmodi
784 2370 1068 2405 archidiaconatu,
1087 2371 1284 2401 canonicatu
1311 2373 1341 2401 et

328 2423 498 2462 prebenda
529 2424 649 2463 quavis
674 2423 870 2454 auctoritate
897 2424 1075 2463 contigerit
1104 2432 1163 2463 per
1192 2424 1340 2463 aliquem

328 2478 532 2515 attemptari.
563 2477 684 2507 Actum
710 2477 797 2515 apud
822 2476 1112 2513 Urbemveterem,
1140 2477 1173 2507 in
1193 2478 1340 2516 hospitio

328 2532 455 2566 nostro,
476 2530 693 2569 presentibus
710 2529 962 2560 venerabilibus
981 2530 1135 2569 patribus
1152 2531 1213 2561 Dei
1231 2532 1340 2570 gratia

327 2584 367 2614 A.
399 2584 602 2622 Urgellensi‚
631 2585 662 2614 et
693 2583 880 2622 'l'ymotheo
906 2583 1126 2623 Zagabriensi
1157 2585 1337 2623 episcopis,

327 2637 429 2667 fratre
448 2637 694 2676 Bentevengna,
707 2637 808 2667 fratre
827 2637 944 2667 Gratia
960 2637 1000 2667 de
1020 2637 1136 2667 ordine
1154 2637 1335 2675 Minoi-um,

325 2690 467 2721 Eventio
493 2690 702 2729 presbytero,
728 2690 939 2729 cappellanis
970 2690 1107 2725 nost-ris⁷
1131 2690 1337 2722 Thomasino

325 2743 469 2778 notario,
489 2743 650 2773 Jacobino
673 2743 794 2773 clerico
815 2745 847 2773 et
866 2743 1020 2774 Gnidone
1038 2743 1141 2776 Bono.
1162 2743 1337 2774 familiari·
1368 2736 1370 2759 1

324 2795 387 2826 bus
404 2797 541 2831 nostris,
569 2798 600 2826 et
624 2796 779 2835 pluribus
805 2796 951 2826 testibus
972 2796 1012 2826 ad
1035 2796 1096 2827 hoc
1116 2797 1244 2827 vocatis
1263 2806 1337 2836 spe·
1367 2818 1368 2823 ,

323 2849 455 2880 cialiter
473 2851 502 2880 et
523 2850 660 2888 rogatis,
685 2858 771 2879 anno
793 2849 929 2879 Domini
952 2849 1207 2884 M⁰CC⁰LXIII⁰,
1227 2851 1334 2889 ponti—
1367 2837 1368 2844 ¹

322 2903 441 2933 fieatus
456 2903 582 2933 domini
598 2903 723 2933 Urbani
740 2912 822 2942 pape
837 2903 901 2933 IIII
917 2912 1004 2934 anno
1018 2903 1130 2938 tertio,
1150 2903 1333 2935 indictione

321 2965 380 2992 vu,
396 2956 450 2986 die
467 2957 576 2995 prima
589 2957 746 2994 januarii.
768 2957 803 2986 In
821 2956 916 2995 cujus
938 2957 984 2987 rei
1008 2956 1241 2986 testimonium
1260 2966 1331 2996 pre-

1085 266 1330 297 REGISTRES
1363 266 1579 296 D'L'RBAIN
1612 266 1669 296 IV.

1408 358 1486 380 sens
1511 349 1683 388 publicum
1711 350 1974 381 instrumentum
2003 349 2074 380 fieri
2097 349 2239 380 fecimus
2258 351 2289 380 et
2313 350 2419 389 sigilli

1409 403 1514 433 nostri
1531 403 1718 433 munimine
1728 402 1892 433 roborari.
1906 403 1945 433 Et
1958 411 2018 441 ego
2030 403 2182 441 Angelus
2196 403 2235 432 de
2252 402 2418 437 Fauiano,

1409 457 1522 486 sancte
1538 457 1688 487 Romane
1703 455 1844 486 ecclesie
1863 455 2075 490 scriniarius,
2095 455 2256 494 predictis
2272 456 2420 492 interfui,

1408 511 1440 540 et
1454 518 1493 539 ea
1509 509 1718 539 demandato
1732 509 1883 547 ejusdem
1898 509 2081 539 cardinalis
2095 509 2217 547 scripsi
2235 511 2267 538 et
2282 511 2420 548 rogatus

1409 562 1554 592 fideliter
1571 562 1753 601 publicavi.
1774 572 1789 590 »

1448 615 1543 645 Nulli
1562 624 1638 654 ergo
1656 617 1770 645 nostre
1794 615 2074 651 confirmationis,
2095 617 2156 645 610.
2182 615 2305 645 Datum
2333 615 2421 654 apud

1410 668 1699 705 Urbemveterem,
1719 677 1740 698 11
1760 668 1836 699 idus
1851 668 2010 707 januarii,
2031 677 2118 698 anno
2137 668 2247 698 tertio.
2272 681 2286 696 »

1949 835 2073 865 Orvieto,
2097 835 2127 861 12
2141 834 2255 869 jam-ier
2274 834 2349 861 1264.

1498 836 1572 866 979

1446 916 1585 951 Episcopo
1602 917 1810 952 Vesprimiensi
1828 918 1945 944 mandat
1965 920 2105 952 quatenus
2125 917 2304 951 praedictum
2320 916 2427 943 Rober-

1409 967 1470 992 tum
1496 966 1525 992 in
1542 966 1752 1000 possessionem
1776 966 2026 993 archidiaconatus
2046 970 2073 993 et
2099 966 2277 1000 praebendae
2296 966 2425 1000 praedic-

1409 1017 1504 1042 torum
1522 1015 1647 1042 inducat.
1665 1016 1744 1049 (lino.
1764 1016 1808 1046 29,
1826 1015 1873 1042 sol.
1894 1016 1935 1043 18.
1957 1020 1985 1041 n⁰
2004 1015 2062 1042 27.)

1450 1134 1463 1152 «
1486 1123 1641 1163 Episcopo
1662 1123 1886 1161 Vesprimicnsz'.
1905 1123 2058 1153 Dilectus
2077 1122 2168 1152 filius
2183 1121 2354 1152 Robertus
2370 1139 2421 1150 —.

1408 1178 1532 1208 Datum
1562 1177 1649 1215 apud
1679 1176 1968 1207 Urbemveterem,
1999 1185 2019 1204 11
2050 1175 2126 1205 idus
2148 1174 2309 1213 Januarii,
2336 1181 2423 1204 anno

1408 1231 1520 1261 tertio.
1544 1241 1558 1259 ))

1949 1392 2073 1422 orvieto,
2093 1391 2125 1418 31
2138 1392 2252 1427 janvier
2271 1391 2348 1418 1:204.

1497 1394 1571 1425 980

1447 1479 1529 1504 Petro
1553 1478 1588 1504 de
1610 1477 1686 1512 Hoyo
1709 1477 1863 1503 rectoriam
1890 1476 2028 1503 ecclesiae
2051 1477 2086 1503 de
2113 1476 2326 1507 Ambresiueal,
2350 1475 2421 1503 Leo·

1409 1526 1516 1553 diensis
1542 1526 1675 1557 diocesis,
1706 1525 1759 1560 ipsi
1785 1535 1800 1552 a
1818 1526 1955 1552 Nax-arro.
1983 1526 2112 1552 auditore
2138 1533 2290 1552 causarum
2319 1523 2420 1560 palatii

1408 1575 1570 1611 apostolici,
1589 1575 1794 1610 adjudicatam.
1815 1574 1977 1601 confirmat.
1996 1575 2075 1608 (Bac.
2092 1574 2135 1601 29,
2154 1574 2202 1601 sol.
2222 1574 2264 1607 18,
2284 1579 2314 1600 n⁶
2328 1574 2386 1601 28.)

1449 1694 1463 1708 «
1488 1681 1577 1711 Petro
1596 1681 1631 1711 de
1650 1680 1751 1719 Hoyo,
1767 1681 1879 1710 rectori
1897 1679 2015 1710 ecclesie
2033 1679 2068 1710 de
2085 1678 2332 1719 Ajm]bresineal‚
2347 1679 2422 1709 Leo-

1407 1735 1518 1765 diensis
1533 1734 1666 1764 diocesis.
1683 1734 1731 1764 Ea
1749 1742 1812 1773 que
1827 1734 1966 1772 judicio,
1985 1735 2061 1770 etc.,
2079 1741 2186 1772 usque
2202 1732 2418 1763 communiri.

1408 1788 1567 1819 Exhibita
1583 1788 1752 1827 siquidem
1776 1787 1874 1818 nobis
1895 1789 1953 1817 tua
1969 1787 2087 1825 petitio
2107 1785 2300 1817 continebat
2316 1785 2417 1825 quod,

1406 1851 1481 1872 cum
1500 1850 1601 1872 causa
1620 1850 1683 1880 que
1709 1834 1796 1872 111161
1819 1845 1863 1877 16,
1887 1850 1927 1871 ex
1946 1843 2040 1879 parte
2058 1849 2135 1876 una,
2161 1842 2191 1870 et
2212 1839 2420 1878 Stephanum

1407 1896 1446 1926 de
1460 1896 1601 1927 Andana
1613 1894 1851 1934 presbyterum
1864 1903 1917 1924 ac.
1937 1919 1942 1924 .
1960 1893 2200 1933 prepositam,.
2220 1917 2225 1921 .
2245 1893 2419 1929 decanam,

1407 1950 1438 1979 et
1451 1949 1637 1987 capitulum
1652 1948 1816 1979 secularis
1829 1948 1970 1978 ecclesie
1981 1947 2206 1982 Andanensis,
2221 1946 2421 1976 Leodiensis

1406 2002 1562 2037 diocesis,
1592 2011 1693 2040 super
1719 2001 1862 2031 ecclesia
1881 2001 1920 2031 de
1948 1999 2197 2035 Ambresineah
2229 2008 2330 2038 quam
2356 1998 2419 2029 tibi

1406 2056 1606 2085 auctoritate
1632 2055 1818 2093 apostolica
1842 2056 2002 2092 proponis
2030 2061 2104 2083 esse
2129 2053 2300 2088 collatam,
2323 2055 2354 2082 et
2379 2052 2420 2082 ad

1405 2116 1505 2146 quam
1530 2108 1602 2146 ipse
1618 2107 1796 2146 presbyter
1817 2116 1833 2136 a
1853 2107 1951 2136 dictis
1973 2106 2155 2145 preposita,
2173 2105 2299 2135 decana
2317 2107 2349 2136 et
2367 2114 2419 2135 ca·

1405 2160 1512 2198 pitulo
1530 2168 1564 2190 se
1583 2169 1642 2198 pro
1658 2160 1811 2198 patronis
1833 2159 1926 2189 illius
1947 2158 2154 2197 gerentibus,
2174 2158 2324 2197 legitime
2344 2166 2419 2196 pre-

1404 2216 1572 2244 sentatum
1603 2222 1677 2244 esse
1707 2213 1850 2243 dicebat.
1882 2221 1923 2243 ex
1953 2213 2071 2247 altera,
2103 2214 2175 2242 orta
2204 2211 2328 2247 extitit,
2360 2219 2420 2250 per

1405 2267 1666 2305 appellationem
1695 2268 1787 2296 tuam
1817 2266 1857 2296 ad
1880 2266 1994 2296 sedem
2021 2265 2243 2304 apostolicam
2267 2264 2420 2304 legitime

1404 2320 1560 2350 devoluta
1583 2320 1716 2353 fuisset,
1736 2320 1851 2358 tuque,
1874 2327 1975 2349 causa
1996 2318 2224 2357 prosequendi
2244 2317 2417 2356 negotium

1404 2373 1609 2412 hujusmodi,
1629 2373 1669 2402 ad
1687 2373 1801 2402 sedem
1821 2372 2026 2402 accessisses
2047 2371 2202 2406 eandem,
2230 2379 2292 2400 nos
2311 2370 2345 2400 in
2365 2378 2421 2401 ne—

1403 2427 1492 2465 gotio
1512 2427 1585 2465 ipso
1601 2426 1762 2456 dilectum
1781 2426 1890 2455 tilium
1910 2427 2065 2455 nostrum
2082 2425 2134 2458 G.,
2155 2424 2263 2454 sancti
2280 2423 2419 2463 Georgii

1403 2480 1442 2509 ad
1472 2479 1594 2509 Velmn
1618 2480 1769 2510 Aureum
1799 2479 1978 2509 diaconum
2009 2477 2227 2513 cardinalem,
2260 2476 2417 2507 dedimus

1403 2533 1610 2567 auditorem3
1626 2534 1658 2563 et
1677 2532 1755 2562 licet
1773 2540 1851 2570 pars
1867 2531 2071 2571 presbyteri,
2090 2530 2274 2570 preposite,
2292 2530 2417 2562 decane

1401 2588 1432 2616 et
1462 2586 1602 2625 capituli
1625 2585 1854 2624 predictorum
1878 2585 1912 2615 in
1937 2584 2111 2615 audientia
2128 2583 2266 2622 publiea
2284 2583 2415 2622 pluries

1401 2641 1501 2670 citata
1520 2639 1622 2670 fuerit
1638 2641 1669 2669 et
1688 2639 1817 2669 diutius
1835 2640 2020 2677 expectata,-
2039 2646 2152 2668 coram
2168 2645 2207 2667 eo
2225 2638 2338 2667 tamen
2353 2644 2414 2675 per

1369 2686 1370 2707 ³
1400 2702 1435 2723 se
1455 2693 1507 2723 vel
1532 2701 1590 2731 per
1618 2694 1871 2730 procuratorem
1892 2691 2060 2730 ydoneum
2079 2698 2273 2729 comparere
2297 2691 2411 2720 eontu-

1400 2746 1539 2776 maciter
1558 2754 1623 2776 non
1648 2745 1789 2780 curavit,
1814 2753 1957 2783 cumque
1978 2744 2123 2774 dilectus
2141 2743 2234 2773 tilius
2253 2742 2416 2782 magister

1397 2799 1580 2833 ‹lohannes,
1610 2798 1829 2837 cappellanus
1857 2797 1965 2836 ipsius
1992 2796 2190 2829 cardinalis,
2214 2795 2268 2826 eui
2295 2795 2413 2826 eadem

1398 2861 1499 2882 causa
1517 2852 1580 2882 suit
1598 2860 1615 2881 a
1635 2851 1798 2881 cardinali
1812 2850 1975 2889 jamdicto
1995 2850 2191 2885 commissa,
2209 2849 2249 2879 de
2273 2847 2414 2887 speciali

1367 2894 1368 2897 Ἴ
1398 2905 1472 2943 ejus
1490 2904 1627 2935 licentia
1649 2906 1679 2934 et
1706 2903 1874 2939 mandato,
1896 2903 2161 2941 pronuntiasset,
2180 2901 2314 2940 justitia
2338 2909 2415 2931 sua-

1366 2958 1367 2963 ’
1398 2958 1509 2994 (161116,
1541 2957 1710 2996 prefatum
1742 2958 1913 2996 negotium
1948 2964 2023 2986 esse
2058 2964 2116 2994 per
2147 2954 2411 2994 appellationem
