2547 3289
337 221 356 250 6
1115 212 1343 243 REGISTRE
1367 207 1590 244 CAMERAL.

337 305 445 331 fructus
462 303 637 337 praebendae
655 301 800 336 Stephani,
813 301 880 328 dicti
893 301 1098 335 Tignosci,nec
1115 308 1170 326 non
1184 299 1335 334 pecuniam

334 354 363 379 et
382 352 438 378 alia
457 352 555 378 omnia
576 351 602 378 in
625 350 724 385 quibus
750 350 889 385 magister
911 349 1054 376 lohannes
1079 348 1216 383 Grospani
1237 350 1265 375 et
1288 348 1338 375 alii

336 400 415 434 regui
438 399 574 426 Franciae
599 399 653 433 ipsi
679 399 823 433 Stephano
845 397 1177 432 tenebuntur,1nagistro
1201 396 1338 429 Johnnni,

335 448 409 474 dicto
427 447 609 481 Beblequino,
630 447 776 481 capellano
794 449 822 473 ct
842 446 960 481 physico
978 454 1058 480 pape,
1073 445 1222 480 assignare
1240 453 1340 479 procu-

335 497 408 522 rent.
429 496 507 530 (llas.
526 497 570 528 27,
589 495 637 522 sol.
654 495 671 521 4
686 499 726 528 νῦ,
743 500 773 521 n⁰
791 495 831 527 9..)

376 609 391 624 «
409 620 428 628 ..
445 596 557 626 decano
575 596 582 613 ¹
602 595 722 624 Dolensi
739 599 768 624 ec
789 619 807 625 ..
825 595 994 623 succentori
1023 593 1222 623 Ambrzeensi.
1244 593 1340 623 Bona

335 650 529 681 clericorum
550 649 589 678 ab
613 649 766 679 intestato
785 648 871 686 apud
887 647 998 677 sedem
1018 646 1233 685 apostolicam
1249 646 1340 675 dece-

337 702 486 733 dentium
501 703 542 732 ad
558 702 743 732 Romanam
760 701 933 731 ecclesiam
952 700 991 730 de
1008 699 1187 738 approbata
1206 707 1342 729 consue-

336 756 450 786 tudine
473 755 708 790 devolvuntur,
735 754 767 783 et
793 754 831 783 de
857 754 972 783 eadem
999 752 1238 782 consuetudine
1268 760 1342 789 pro-

338 810 457 839 ventus
481 796 723 846 prebendarum
753 807 987 836 canonicorum
1015 805 1151 835 00010510
1180 805 1341 835 Constan-

337 861 455 892 tiensis
472 860 699 890 decedentium
717 869 734 889 a
756 859 864 898 prima
886 859 938 888 (110
960 858 1211 896 quadragesime
1236 866 1341 895 usqne

339 915 380 944 ad
396 913 557 944 kalendas
581 913 725 952 proximi
743 912 980 950 subsequentis
995 911 1149 949 Augusti,
1171 919 1229 948 pro
1255 919 1342 940 anno

337 967 464 1005 integro
489 966 529 996 ab
543 966 656 996 eadem
675 965 727 995 die
743 964 1024 1002 computanand
1042 964 1130 1002 ipsos
1147 964 1342 993 decedentes

335 1019 499 1059 pertinere
512 1019 677 1048 dicuntur.
691 1017 773 1048 Cum
785 1018 882 1055 igitur
897 1017 928 1047 in
942 1017 1081 1047 ecclesia
1092 1017 1164 1055 ipsa
1176 1016 1343 1055 prebenda

335 1081 399 1112 que
421 1072 460 1102 de
487 1071 631 1103 Vrivilla
645 1071 847 1109 vulgaretur,
862 1070 992 1105 dicitnr,
1008 1079 1143 1100 vacasse
1175 1071 1340 1105 noscatur,

336 1125 503 1165 quondam
531 1124 709 1163 Stephano,
723 1123 808 1153 dicto
828 1123 1006 1161 Tignosvo,
1030 1123 1178 1161 ejusdem
1204 1123 1341 1153 00010510

335 1177 505 1212 canonico,
525 1177 580 1216 qui
598 1185 671 1206 eam
686 1176 828 1211 tenebat,
846 1176 942 1205 tertia
956 1176 1008 1205 die
1027 1176 1183 1205 instantis
1203 1175 1342 1214 quadra-

335 1231 458 1270 gesime
482 1230 568 1268 apud
586 1230 697 1259 sedem
715 1229 820 1268 ipsam
838 1229 878 1258 ab
895 1229 1047 1259 intestato
1064 1230 1178 1258 nature
1194 1228 1341 1258 debitum

334 1283 555 1323 persolvente,
573 1282 764 1312 discretioni
779 1283 831 1311 tue
849 1290 906 1320 per
922 1282 1102 1320 apostolica
1117 1281 1238 1320 scripta
1251 1290 1342 1310 man-

335 1337 453 1366 damus
470 1337 632 1374 qnatenus
652 1344 710 1365 vos
725 1335 776 1365 vel
793 1335 874 1364 alter
890 1336 1037 1364 vestrum
1049 1343 1107 1373 per
1121 1343 1180 1363 vos
1192 1334 1243 1363 vel
1258 1334 1341 1363 alioS

335 1398 393 1419 seu
411 1389 514 1419 alium
530 1389 711 1427 proventus
730 1388 877 1425 ejusdem
903 1388 1068 1426 prebende
1093 1388 1172 1417 anni
1189 1387 1340 1425 predicti,

336 1450 462 1471 necnon
490 1441 663 1480 pecuniam
693 1441 723 1470 et
752 1440 816 1469 alia
842 1441 952 1469 onmia
977 1440 1009 1469 in
1038 1440 1159 1478 quibus
1184 1440 1341 1478 magister

337 1494 504 1524 Iohannes
532 1494 708 1532 Grospani‚
733 1493 911 1523 canonicus
925 1493 1200 1527 Constantiensis‚
1223 1493 1253 1521 et
1271 1492 1340 1530 qui-

337 1555 475 1584 cumque
502 1546 560 1576 alii
583 1547 675 1584 regni
700 1546 850 1580 Francie,
879 1546 1117 1583 cujuscumque
1136 1544 1341 1574 condicionis

337 1599 389 1629 vel
413 1599 582 1637 dignitatis
611 1599 770 1635 existant,
795 1598 857 1636 ipsi
886 1598 1071 1636 Stephano,
1099 1598 1177 1627 dum
1202 1598 1341 1632 viveret,

336 1651 544 1686 tenebantur,
564 1652 594 1681 01
609 1660 671 1689 (1110
685 1651 779 1689 juxta
795 1651 956 1689 prefatam
975 1650 1247 1680 consuetudinem
1266 1650 1342 1679 sunt

336 1705 377 1735 ad
398 1704 504 1743 ipsam
528 1704 713 1734 Romanam
739 1703 913 1733 ecclesiam
938 1703 1103 1737 devoluta,
1127 1703 1245 1733 dilecto
1273 1703 1342 1732 silio

336 1757 493 1795 magistro
503 1757 753 1791 Johanni‚diet0
764 1756 981 1794 Beblequino,
992 1756 1161 1795 capellano
1173 1757 1204 1785 01
1214 1756 1342 1794 phisico

337 1811 460 1846 nostro,
488 1809 735 1840 Constantiensi
762 1809 942 1844 canonico,
966 1809 1018 1838 vel
1046 1809 1251 1847 procuratori
1282 1817 1342 1838 suo

338 1862 470 1892 nomine
490 1862 595 1900 ipsius
610 1862 760 1892 Romane
779 1861 929 1895 ecclesie,
946 1861 1041 1899 cujus
1058 1861 1199 1890 eundem
1226 1861 1343 1897 magis-

336 1915 425 1945 trum
445 1914 630 1944 Johannem
647 1914 688 1943 ad
704 1913 865 1952 premissa
881 1913 1032 1951 petenda,
1049 1913 1221 1951 exigenda,
1242 1913 1344 1951 perci—

338 1967 458 2006 pienda
469 1968 499 1996 et
509 1967 735 1996 conservanda
747 1966 892 2003 ejusdem
904 1966 1040 1996 ecclesie
1051 1966 1199 1996 Romane
1210 1966 1343 1995 nomine

338 2020 584 2058 procuratorem
593 2019 786 2048 ordinamus
797 2020 828 2049 et
839 2019 1083 2053 constituimus,
1098 2019 1169 2048 0101
1183 2020 1343 2057 quantum

339 2073 380 2102 ad
395 2072 559 2111 premissa
577 2071 799 2101 constituendi
820 2071 891 2101 loeo
909 2072 959 2101 sui
978 2071 1080 2101 alium
1099 2071 1149 2101 vel
1171 2072 1254 2101 alios
1271 2080 1345 2110 pro-

340 2126 506 2155 curatores
522 2125 734 2154 concedimus
752 2124 952 2159 facultatem,
971 2124 1100 2154 faciatis
1113 2125 1237 2162 integre
1253 2124 1344 2154 exhi—

339 2177 421 2208 beri.
442 2177 517 2207 Non
541 2177 690 2207 obstante
710 2177 797 2215 quod
823 2177 923 2207 iidem
945 2177 1081 2211 fructus,
1103 2177 1129 2207 si
1149 2178 1256 2207 dictus
1273 2178 1343 2208 ste-

339 2229 469 2269 phanus
495 2229 668 2259 intestatus
685 2231 778 2260 extra
795 2230 919 2259 curiam
936 2231 1143 2264 decessisset,
1163 2230 1202 2260 de
1220 2231 1346 2269 prefata

341 2282 579 2312 consuetudine
600 2283 640 2312 ad
655 2283 879 2312 venerabilem
888 2283 1023 2313 fratrem
1037 2284 1186 2313 nostrum
1202 2307 1220 2314 ..
1240 2284 1344 2313 Cons-

341 2335 539 2365 tantiensem
562 2335 980 2374 episcopum,pertinerent
1001 2353 1050 2365 —.
1079 2336 1344 2366 Contradictores

340 2405 390 2418 —.
412 2388 535 2419 Datum
552 2389 706 2424 Viterbii,
721 2398 764 2419 xv
779 2389 938 2420 kalendas
952 2389 1081 2428 aprilis,
1099 2399 1184 2420 anno
1196 2389 1315 2429 primo.
1329 2401 1345 2417 »

409 2573 453 2604 21
829 2572 955 2605 Viterbe‚
974 2574 1011 2599 1⁰¹
1026 2572 1176 2599 decembre
1197 2574 1273 2599 1261.

378 2655 477 2688 Lucae,
495 2655 549 2682 civi
568 2655 730 2689 Anagnino,
750 2655 784 2682 de
801 2657 880 2682 certa
897 2655 1084 2689 pecuniarum
1102 2664 1219 2683 summa
1239 2657 1346 2691 quieta-

341 2702 449 2729 tionem
463 2702 600 2728 concedit.
619 2702 702 2737 (Rae.
717 2703 762 2735 27,
780 2702 827 2730 sol.
847 2704 873 2735 5,
890 2706 923 2729 n⁰
940 2703 976 2737 l.)

373 2794 396 2816 1.
411 2793 451 2818 Εο
466 2800 558 2824 marge
579 2801 585 2818 ε
608 2804 621 2817 ((
638 2795 691 2819 Isla
708 2794 797 2819 littera
810 2795 944 2825 assiynata
959 2795 1012 2825 suit
1028 2795 1154 2826 mayislro
1167 2796 1291 2824 Johmnn'.
1304 2804 1347 2821 cci-

342 2831 446 2862 pellano
461 2834 485 2856 el
496 2833 594 2863 phisico
607 2833 792 2865 ‹lominipape,
807 2834 848 2858 die
866 2834 1003 2865 772a1·1‹'1'‚xx
1017 2834 1143 2859 kalendas
1155 2835 1258 2866 aprilis,
1276 2844 1346 2860 anno

343 2878 436 2900 primo.
452 2880 464 2893 1»

1440 310 1455 325 «
1484 299 1599 329 Dilecto
1619 300 1684 339 filio
1705 301 1792 337 Luce,
1812 301 1870 330 civi
1897 301 2070 340 Anaqnzno,
2085 301 2234 341 quondam
2260 301 2406 331 hostiario

1397 351 1496 389 felicis
1519 353 1735 383 recordationis
1754 354 1923 383 Aleoeandri
1938 364 2035 393 pape,
2054 354 2273 394 predecessoris
2296 355 2403 385 nostri.

1400 404 1483 435 Cum
1511 406 1550 436 de
1584 407 1836 445 quadringentis
1873 407 2044 445 sexaginta
2070 407 2165 438 libris
2191 408 2403 438 denariorum

1399 460 1534 489 senatus
1547 468 1629 498 quas
1648 470 1666 490 a
1680 460 1782 490 Canto
1798 460 1837 490 de
1853 460 1950 491 Scala
1960 462 1991 490 01
2006 460 2186 491 Thomasio
2202 461 2334 500 Spiliati
2350 470 2404 491 eo-

1400 520 1538 550 rumque
1569 513 1682 548 sociis,
1712 513 1844 543 civibus
1872 514 1903 542 et
1932 512 2172 543 mercatoribus
2187 513 2405 549 Florentinis,

1402 572 1586 603 receperas,
1601 566 1639 595 ‹le
1655 574 1785 596 summa
1804 566 2059 604 quingentarum
2075 567 2105 596 et
2127 567 2198 596 0010
2215 574 2402 596 marcarum

1401 617 1636 656 sterlingorum
1665 620 1695 649 01
1721 620 1851 648 centum
1875 619 1988 648 decem
2011 619 2173 649 librarum
2189 619 2403 649 denariorum

1400 672 1535 700 senatus
1556 680 1657 709 quam
1677 674 1881 710 compertum
1902 673 1951 702 est
1973 671 2060 710 apud
2076 680 2132 702 005
2150 672 2189 701 (10
2205 671 2347 710 pecunia
2364 671 2407 702 se-

1400 722 1474 753 licis
1498 724 1736 754 recordationis
1757 724 1939 754 Alexandri
1953 733 2048 763 pape,
2071 724 2316 762 predecessoris
2334 732 2406 754 nos-

1400 776 1453 812 tri,
1478 778 1552 806 ante
1575 777 1837 815 assumptionem
1856 777 1963 816 ipsius
1984 777 2024 806 ad
2044 777 2167 807 summi
2192 777 2407 815 pontificatus

1402 829 1550 859 officium
1574 829 1787 864 remansisse,
1807 839 1864 868 per
1884 832 1914 860 te
1937 839 2064 860 camere
2086 831 2196 860 nostre
2214 830 2254 859 ad
2271 829 2408 859 manda·

1401 884 1470 913 tum
1496 883 1526 912 et
1545 882 1789 921 beneplacitum
1811 884 1972 917 nostrum,
1997 883 2093 913 nobis
2112 885 2140 913 le
2157 884 2198 913 :id
2215 883 2248 912 id
2266 882 2407 922 compel-

1402 935 1558 969 lentibus,
1577 935 1620 965 sit
1642 935 1766 974 integre
1783 936 2001 970 satisfactum,
2021 945 2080 966 nos
2098 937 2171 974 paci
2189 938 2218 965 et
2234 935 2337 974 quieti
2355 938 2409 966 tue

1402 997 1502 1027 super
1525 988 1586 1018 1100
1612 989 1786 1026 providere
1804 989 1964 1024 volentes,
1985 991 2016 1019 te
2037 989 2077 1018 ab
2096 989 2188 1019 omni
2205 988 2405 1027 obligatione

1402 1051 1466 1080 qua
1483 1050 1541 1080 pro
1555 1042 1701 1080 predicta
1718 1042 1858 1080 pecunia
1875 1042 1927 1072 vel
1943 1042 1983 1071 ad
1998 1042 2104 1080 ipsam
2121 1041 2286 1072 tenebaris
2298 1049 2409 1080 perso-

1402 1095 1454 1124 nis
1478 1095 1534 1124 aut
1552 1094 1701 1133 collegiis
1719 1094 1986 1132 quibuscumque
2005 1094 2058 1124 vel
2077 1095 2159 1124 locis
2181 1093 2402 1129 absolvimus,

1401 1149 1433 1177 et
1455 1148 1568 1177 tenore
1586 1147 1787 1185 presentium
1815 1147 2025 1177 decernimus
2043 1147 2244 1182 absolutum,
2264 1146 2407 1176 auctori-

1401 1202 1463 1230 tate
1482 1199 1665 1238 apostolica
1695 1200 1933 1230 nichilominus
1968 1201 2160 1234 statuentes,
2193 1202 2223 1230 te
2242 1202 2297 1229 aut
2313 1199 2406 1230 liere-

1400 1253 1458 1283 des
1470 1262 1528 1282 seu
1539 1261 1746 1282 successores
1758 1255 1831 1283 tuos
1846 1262 1904 1291 per
1915 1253 2088 1291 pecuniam
2102 1253 2292 1292 hujusmodi
2307 1251 2408 1282 alicui

1401 1316 1467 1337 non
1476 1305 1590 1340 teneri,
1601 1314 1658 1335 000
1671 1314 1728 1344 pro
1745 1306 1816 1344 ipsa
1827 1306 1945 1336 debere
1955 1306 2008 1336 vel
2017 1315 2114 1344 posse
2127 1306 2167 1335 ab
2178 1305 2410 1336 executoribus

1400 1359 1514 1389 ultime
1526 1358 1705 1388 voluntatis
1712 1358 1858 1396 ejusdem
1868 1358 2207 1396 predecessoris,tunc
2216 1357 2408 1388 Hostiensis

1401 1411 1620 1449 episcopi‚vel
1639 1410 1785 1448 quolibet
1802 1411 1867 1440 alio
1884 1411 1951 1440 ullo
1968 1420 2113 1449 unquam
2131 1413 2276 1449 tempore
2291 1418 2411 1440 conve-

1402 1464 1678 1500 niri‚sententiam
1691 1472 1747 1493 seu
1760 1464 1953 1503 sententias,
1963 1464 1991 1493 si
2005 1473 2088 1501 quas
2097 1472 2156 1501 pro
2169 1464 2256 1493 dicta
2269 1463 2411 1501 pecunia

1402 1516 1455 1546 vel
1467 1516 1637 1546 occasione
1651 1516 1756 1554 ipsius
1772 1516 1805 1545 in
1822 1517 1863 1552 te,
1880 1516 1931 1545 vel
1953 1516 2102 1550 heredes,
2122 1524 2180 1545 seu
2199 1523 2409 1546 successores

1401 1570 1476 1599 tuos
1498 1569 1551 1598 vel
1574 1577 1688 1598 eorum
1709 1568 1855 1606 aliquem
1871 1568 2109 1606 cujuscumque
2128 1568 2321 1598 auctoritate
2337 1566 2410 1598 fieri

1402 1621 1617 1660 contingeret,
1627 1621 1832 1651 decernendo
1848 1620 2088 1651 extuncirritas
2097 1620 2230 1659 penitus
2243 1619 2410 1651 etinanes.

1403 1674 1494 1705 Scire
1515 1683 1644 1712 quoque
1662 1675 1691 1704 te
1718 1674 1872 1704 volumus
1892 1674 1980 1712 quod
1995 1674 2025 1704 et
2041 1673 2124 1704 alias
2145 1673 2205 1703 tibi
2223 1671 2284 1712 pro
2301 1673 2411 1704 defen·

1403 1729 1496 1758 sione
1518 1729 1575 1758 tua
1591 1729 1703 1757 <andra
1722 1726 1809 1761 illos,
1832 1726 1889 1765 qui
1904 1727 1936 1756 te
1954 1735 2054 1764 super
2067 1726 2182 1756 eadem
2201 1725 2343 1764 pecunia
2358 1724 2412 1755 vel

1403 1782 1474 1820 ejus
1496 1780 1668 1810 occasione
1685 1779 1860 1809 moles-tare
1881 1779 2109 1817 presumerent
2137 1779 2311 1817 oportuno,
2334 1786 2411 1808 con·

1403 1834 1536 1864 cedente
1562 1833 1720 1867 Domino,
1747 1832 1872 1862 favoris
1905 1831 2077 1870 apostolici
2103 1831 2250 1870 presidio
2276 1830 2410 1862 assiste·

1403 1895 1490 1917 muS.
1526 1886 1649 1916 Datum
1687 1884 1831 1915 Viterbii
1845 1908 1853 1920 ‚
1885 1884 2039 1914 kalendis
2074 1883 2259 1914 decembris
2274 1907 2282 1919 ,
2323 1892 2410 1914 anno

1404 1939 1522 1978 primo.
1541 1950 1555 1966 11

1473 2088 1519 2118 22
1901 2084 2025 2116 Yiterbc,
2043 2085 2076 2111 30
2088 2084 2243 2110 novembre
2263 2085 2339 2110 ¹261.

1439 2166 1529 2192 Canto
1542 2165 1575 2191 de
1590 2165 1671 2191 Scala
1685 2166 1713 2190 et
1726 2164 1879 2190 'l'liomnsio
1896 2164 2007 2198 Spiliali
2025 2172 2181 2198 eorumque
2190 2163 2274 2190 sociis
2289 2166 2317 2190 et
2333 2171 2410 2190 mer-

1405 2214 1549 2241 catoribus
1566 2213 1740 2240 Florentinis
1758 2212 1791 2238 de
1808 2212 1908 2238 eadem
1928 2214 1956 2238 ut
1975 2212 2003 2238 10
2022 2219 2153 2246 proxima
2169 2212 2310 2246 superiori
2326 2219 2412 2246 pecu-

1405 2263 1469 2289 niae
1485 2262 1645 2296 quantitate
1662 2261 1868 2296 quietutionem
1887 2260 2026 2286 concedit.
2050 2261 2129 2293 11100.
2148 2261 2192 2291 ῗῖ,
2210 2260 2259 2287 sol.
2279 2262 2305 2292 5,
2323 2264 2356 2287 n⁰
2372 2261 2412 2293 2.)

1445 2351 1460 2367 «
1480 2340 1602 2368 De'leclz‘s
1625 2339 1697 2378 filiis
1718 2338 1815 2368 Canto
1835 2338 1870 2367 dv
1885 2337 1977 2367 Scala
1995 2344 2020 2367 e!
2041 2338 2197 2367 Thomas-122
2214 2339 2349 2378 Spilialt'
2365 2349 2413 2369 eo·

1404 2402 1530 2432 rumque
1545 2392 1642 2427 soriis,
1662 2391 1774 2420 civibus
1791 2397 1817 2420 et
1836 2391 2051 2420 meremoribus
2065 2391 2260 2422 Florentinis.
2279 2392 2363 2423 Cum
2374 2392 2414 2423 de

1405 2445 1597 2484 quingentis
1616 2446 1647 2474 et
1669 2446 1740 2474 octo
1760 2443 1882 2474 marcis
1903 2444 2139 2482 sterlingorum
2158 2453 2194 2474 ac
2215 2446 2346 2475 centum
2360 2444 2416 2476 de·

1404 2507 1475 2529 cem
1496 2498 1591 2528 libris
1616 2497 1828 2527 denariorum
1849 2499 2002 2532 senatus,
2029 2506 2111 2535 quas
2134 2499 2338 2536 compertum
2365 2499 2415 2529 est

1405 2551 1492 2590 apud
1513 2559 1573 2580 vos
1598 2550 1637 2580 de
1661 2549 1801 2588 pecunia
1825 2549 1934 2579 felicis
1963 2549 2200 2580 recordationis
2229 2550 2412 2581 Alexandri

1405 2612 1499 2644 pape,
1517 2602 1763 2641 predecessoris
1787 2601 1904 2637 nostri,
1922 2604 1996 2632 ante
2012 2602 2278 2641 assumptionem
2303 2602 2414 2642 ipsius

1406 2657 1447 2687 ad
1462 2655 1584 2686 summi
1596 2655 1806 2694 pontificatus
1820 2654 1967 2684 osticium
1983 2654 2196 2691 remansisse,
2210 2654 2414 2685 solutisinde

1405 2718 1465 2748 pro
1483 2708 1598 2739 codem
1620 2708 1853 2746 predecessore
1872 2716 1991 2738 novem
2010 2707 2120 2738 unciis
2142 2707 2215 2737 auri
2235 2706 2321 2737 hone
2344 2714 2415 2737 me·

1406 2761 1511 2792 morie
1541 2785 1560 2791 ..
1586 2759 1839 2799 archiepiscopo
1867 2759 2087 2794 Messanensi.
2103 2762 2134 2790 et
2159 2759 2412 2798 quadringentis

1407 2815 1577 2853 sexaginta
1605 2813 1701 2844 libris
1727 2813 1941 2844 denariorum
1970 2814 2105 2844 senatus
2131 2813 2230 2847 Luce,
2243 2811 2411 2850 quondam

1407 2867 1556 2906 ejusdem
1570 2866 1816 2906 predecessoris
1835 2866 1940 2897 nostri
1957 2865 2128 2900 hostiario,
2145 2864 2185 2895 de
2201 2863 2334 2895 residuo
2354 2872 2414 2904 per
