2547 3289
1039 269 1279 307 'rnotsn'fiiun
1308 269 1471 307 Ami-113.

212 359 414 394 talionibus,
448 358 734 398 depositionibus,
758 358 980 388 electionibus
1016 358 1067 387 vel
1101 358 1221 396 quovis

213 412 279 441 alio
313 412 422 447 modo,
454 413 554 442 etiam
582 413 609 441 si
638 413 670 441 in
694 412 841 450 capitulo
863 411 1010 449 generali
1035 411 1220 449 delinquat,

212 465 406 495 nullatenus
436 465 672 503 proclamatur,
704 474 763 494 nec
791 464 863 502 ejus
883 473 1043 494 excessus
1072 464 1148 493 licet
1181 473 1220 493 ex

213 516 363 554 predicta
393 519 483 546 carta
514 516 665 546 caritatis
701 515 791 545 aliud
824 516 997 546 habeatur.
1030 515 1152 545 ibidem
1181 515 1221 544 ab

214 569 327 608 aliquo
354 569 403 598 vel
432 569 603 608 aliquibus
631 569 854 607 corriguntur.
882 569 1002 607 Sicque
1031 569 1222 606 frequenter

214 623 337 651 evenit.
359 623 446 661 quod
471 623 720 660 languescentis
739 622 860 659 capitis
889 622 1026 651 morbus
1051 622 1082 650 in
1101 630 1222 659 corpus

214 675 317 705 effluit
353 675 563 713 diversisque
602 676 785 713 gravantur
823 674 974 703 membra
1013 674 1220 711 langoribus,

214 728 322 766 capite
341 736 403 757 non
423 729 549 757 curato.

256 781 305 810 Ad
336 780 393 810 bec
430 782 496 809 tam
528 780 637 809 dictus
670 780 907 809 Cisterciensis
939 789 1036 817 quam
1071 780 1220 808 nonnulli

215 833 271 862 alii
308 835 420 870 patres
455 831 604 866 abbates,
636 832 693 870 qui
725 840 759 861 se
793 832 950 861 deberent
985 832 1157 869 speculum
1192 834 1221 861 et

214 885 388 923 exemplar
419 885 595 923 religionis
625 886 654 914 et
682 884 884 914 abstinentie
917 884 1156 913 claustralibus
1192 886 1221 913 et

215 938 392 967 visitandis
430 937 590 967 fratril'ms
625 937 798 968 exhibere.
834 939 1051 974 sumptuosas
1085 937 1220 972 faciunt,

212 991 298 1020 sicut
326 991 441 1023 fertur,
474 992 504 1019 et
533 990 684 1019 curiosas
711 998 889 1028 expensas,
915 990 1073 1019 carnibus
1097 990 1127 1018 iu
1155 1000 1223 1018 mo-

212 1043 438 1073 nasteriorum
459 1043 613 1076 cameris,
635 1051 694 1072 nec
719 1042 905 1072 debilitatis
929 1051 988 1072 nec
1015 1043 1223 1072 infirmitatis
1254 1042 1255 1073 Q

212 1098 350 1135 urgente
366 1096 579 1127 necessitate,
592 1089 777 1125 'vescuntur
792 1104 866 1125 cum
885 1095 1102 1125 multitudine
1118 1095 1223 1125 socio-

213 1158 300 1182 rum,
329 1150 444 1179 contra
475 1148 585 1187 regale
618 1150 828 1187 preceptum,
867 1150 991 1178 statuta
1025 1149 1157 1186 patrum
1192 1150 1223 1177 et.

213 1202 323 1240 ipsius
350 1202 479 1232 ordinis
502 1201 724 1237 honestatem,
745 1202 777 1230 in
802 1210 902 1240 grave
927 1201 1122 1231 scandalum
1151 1201 1223 1239 pln-

214 1255 389 1285 rimorum.

213 1369 271 1391 neo
290 1361 441 1391 ordinem
454 1361 541 1399 juris
559 1360 749 1390 observant.
767 1361 853 1390 Nam
869 1360 1049 1390 electiones
1066 1360 1222 1390 abbatum

213 1416 510 1452 qiiaiitiiinc2111n31ue
551 1414 749 1447 canonicas,
781 1413 986 1443 unanimiter
1023 1416 1053 1443 et
1092 1423 1223 1443 concor-

214 1467 301 1497 diier
327 1467 365 1497 de
392 1467 547 1505 personis
571 1467 713 1505 ydoneis
741 1466 938 1501 celebratas,
962 1475 1020 1504 pro
1045 1466 1140 1496 libito
1164 1476 1223 1497 sue

214 1519 398 1549 voluntatis
420 1520 629 1557 impugnant,
650 1528 812 1557 personas
837 1519 1049 1557 approbatas,
1073 1520 1173 1550 utiles
1193 1522 1223 1551 et

212 1573 371 1603 honestas
395 1582 435 1602 ex
457 1573 608 1602 confictis
629 1572 850 1611 reprobando,
869 1573 942 1602 sine
964 1573 1077 1611 aliqua
1101 1575 1223 1604 exami—

212 1627 359 1662 natione,
391 1625 590 1656 defectibus.
620 1628 649 1655 et
682 1626 829 1655 indebite
863 1626 1046 1656 recusando
1071 1636 1107 1655 ac
1132 1627 1224 1657 inve-

212 1679 356 1709 recunde
374 1679 526 1718 ponendo
545 1678 710 1708 maculam
728 1679 760 1708 in
783 1679 910 1708 electis.
938 1679 1034 1708 (lirca
1052 1679 1224 1718 eligendas

213 1735 324 1762 autem
355 1741 389 1762 se
422 1733 591 1762 malitiose
621 1734 786 1770 gerentes.
817 1732 1020 1761 electoribus
1051 1733 1160 1762 minas
1193 1735 1223 1764 et

212 1788 359 1816 terrores
401 1786 571 1819 incutunt,
615 1794 673 1815 nec
715 1785 889 1823 quiescunt
929 1785 1033 1815 donec
1067 1786 1221 1819 inutiles,

213 1840 419 1877 dampnosos
436 1841 466 1868 et
486 1838 686 1877 quandoque
710 1838 848 1867 sinistre
865 1838 1036 1876 opinionis
1057 1839 1222 1875 homines,

212 1892 492 1930 consanguineOS,
523 1891 727 1921 domesticos
751 1894 805 1921 11111
838 1891 923 1920 alias
949 1900 1064 1921 eorum
1090 1893 1223 1923 benivo-

212 1946 352 1975 lentiam
372 1944 573 1977 obtinentes,
595 1944 671 1983 eligi
694 1944 815 1974 faciant
836 1946 890 1974 aut
910 1945 1094 1974 intrudant.
1116 1945 1221 1975 Abba-

211 2000 262 2028 tes
288 1999 426 2036 insuper
445 2006 529 2036 quos
550 1997 740 2026 innocentia
767 1997 901 2035 propria
923 1997 1041 2035 111-011111
1059 1998 1221 2033 insontes,

211 2052 381 2082 minarum
409 2050 603 2080 eorumdem
635 2052 767 2088 patrum
795 2049 953 2080 abbatum
978 2050 1130 2081 illatione
1153 2061 1223 2090 per-

210 2104 331 2139 territi,
366 2105 396 2133 et
427 2103 512 2133 alias
548 2103 730 2132 malitiosis
765 2103 916 2141 ipsorum
956 2103 1224 2135 involutionilms

212 2156 444 2191 circumventi,
462 2164 703 2193 nonnunquam
722 2156 818 2185 inviti
833 2156 949 2185 cedere
960 2157 1222 2195 compelluntur,

213 2212 256 2243 et,
283 2197 312 2239 si
346 2209 458 2239 forsan
483 2209 608 2247 aliquis
637 2209 715 2238 velit
741 2209 827 2247 apud
859 2209 936 2239 illos
959 2210 1046 2247 juris
1076 2211 1224 2248 presidio

216 2263 370 2297 relevari,
392 2262 502 2292 omnis
531 2262 562 2290 in
588 2261 648 2291 hoc
674 2261 703 2291 ei
727 2262 779 2290 via
800 2262 1010 2300 precluditur
1037 2264 1067 2292 et
1092 2264 1224 2302 justitie

215 2316 364 2346 remedia
389 2315 607 2353 denegantur.
636 2315 735 2349 Nam,
764 2315 791 2343 si
821 2317 910 2353 petat
934 2316 1095 2345 articulos
1125 2326 1225 2355 super

215 2368 339 2408 quibus
365 2367 461 2397 debet
484 2367 599 2397 haberi
624 2376 815 2405 processus,
841 2368 891 2397 vel
919 2369 1012 2406 copia
1041 2371 1225 2399 attestatio-

215 2430 295 2452 num
314 2420 551 2460 productorum
571 2420 709 2450 testium
729 2422 844 2450 contra
866 2422 989 2458 ipsum,
1017 2422 1048 2451 111
1068 2422 1134 2451 11115
1153 2423 1226 2460 ejus

215 2475 333 2513 petitio
365 2482 431 2503 non
459 2473 595 2502 auditur
630 2481 688 2502 nec
722 2473 912 2503 admittitur
941 2482 1044 2512 super
1074 2474 1226 2513 objectis,

215 2528 290 2557 licet
315 2526 454 2565 probata
475 2534 541 2555 non
564 2526 642 2560 sint,
669 2525 780 2555 oblata
798 2526 965 2564 purgatio,
988 2535 1046 2556 nec
1071 2528 1109 2557 ad
1129 2536 1226 2566 supe-

216 2580 317 2610 rioris
350 2578 556 2608 audientiam
596 2578 804 2616 permittitur
844 2579 1019 2616 appellari.
1057 2580 1227 2618 Contingit

216 2633 317 2663 etiam
338 2631 426 2670 quod
446 2639 504 2669 per
524 2631 765 2669 inquisitiones
782 2631 1011 2661 clandestinas
1036 2635 1065 2662 et
1093 2642 1228 2672 suspec-

217 2688 280 2717 tas,
302 2694 365 2724 que
396 2684 564 2714 interdum
585 2683 624 2713 ab
654 2684 727 2721 ipso
750 2684 968 2714 Cisterciensi
998 2687 1029 2715 01
1056 2687 1229 2716 nonnullis

217 2739 294 2769 aliis
334 2737 489 2776 patribus
529 2736 709 2766 abbatibus
747 2738 1008 2775 attemptantur,
1044 2739 1096 2768 vel
1127 2739 1229 2769 etiam

218 2791 310 2821 nulla
330 2790 550 2829 inquisitione
566 2789 745 2827 premissa,
760 2798 873 2823 causa,
889 2790 992 2820 immo
1011 2791 1123 2829 potius
1140 2801 1229 2822 occa—

219 2845 312 2874 sione
332 2843 483 2879 conficta,
499 2851 642 2881 persone
661 2842 763 2872 utiles
777 2844 806 2872 et
827 2842 965 2873 honeste
981 2843 1053 2873 suis
1071 2844 1231 2882 dejiciun-

218 2900 273 2927 tur
294 2896 492 2931 lionoribus,
510 2904 528 2925 a
542 2895 625 2925 locis
642 2897 673 2925 et
692 2895 1044 2926 administrationibus
1063 2897 1230 2935 deponun-

222 2954 288 2986 tur,
311 2950 403 2980 nullo
419 2951 535 2979 contra
555 2957 613 2978 eos
630 2949 712 2978 vitio
733 2948 884 2987 probato,
905 2949 1008 2979 immo
1030 2950 1069 2979 de
1089 2951 1234 2988 puritate

350 3015 488 3042 URBAIN
511 3014 562 3045 IV,
585 3016 606 3040 t⁴
627 3013 666 3047 11,
689 3015 753 3047 Rey.
775 3014 834 3040 ord.

2232 284 2290 311 417

1285 358 1351 386 vite
1375 366 1411 386 ac
1438 358 1568 387 moritis
1597 361 1864 390 conversationis
1888 361 2026 391 honeste
2054 363 2214 392 laudabili
2242 365 2291 393 eis

1284 410 1478 440 testimonio
1495 412 1710 449 sutl'raganto.

1326 462 1479 492 preterea
1501 464 1600 493 iidem
1619 465 1862 495 (listcrcienses
1881 469 1910 495 et
1930 468 2080 497 nonnulli
2101 468 2157 497 alii
2179 471 2291 506 patres

1283 514 1419 544 abbates
1453 517 1540 545 tilios
1567 517 1705 546 abbates
1731 519 1970 553 indill'ereuter,
1996 521 2068 549 sine
2095 530 2194 550 causa
2225 522 2291 551 evi-

1283 567 1373 596 denti
1397 568 1446 597 101
1471 569 1573 605 Ι1115111,
1599 572 1629 597 ct
1657 579 1770 599 eorum
1800 572 1991 601 nmnacbos.
2024 582 2096 602 cum
2127 574 2158 602 in
2187 574 2289 611 111505,

1283 621 1465 649 secundum
1481 622 1652 659 antiquam
1676 623 1804 651 ordinis
1821 625 2111 658 consuetudinem,
2131 626 2194 655 11151
2215 626 2290 655 1151-

1285 673 1422 701 tationis
1447 676 1606 711 tcmpore,
1628 675 1899 711 jurisdictionem
1929 686 1990 705 non
2016 677 2167 708 habeant.
2189 678 2290 707 citare

1284 734 1393 753 coram
1414 736 1448 753 se
1469 728 1563 755 extra
1580 728 1734 765 proprias
1751 728 1904 757 abbatias
1929 731 1957 758 et
1984 731 2289 766 excommnnifflre,

1285 779 1500 815 suspendere,
1527 779 1725 809 interdicere
1755 790 1790 809 111·
1819 781 1903 810 alias
1927 782 2195 812 animadvvrtorc
2222 792 2293 821 pre-

1285 834 1421 859 sumunt
1441 831 1705 869 1111115115.01«·15
1724 834 1924 871 t'requenter,
1945 835 2035 864 nulla
2053 836 2117 865 alia
2135 836 2290 865 citatione

1285 892 1343 912 seu
1366 885 1567 922 competenti
1597 886 1779 915 monitione
1805 888 1982 924 111-01015511,
2012 888 2045 917 111
2072 889 2194 918 virtute
2219 889 2292 919 obe-

1285 936 1409 965 dientie
1435 939 1463 966 et
1490 938 1550 966 51111
1575 947 1659 976 pena
1687 941 2047 970 excommluricati«uiis
2073 942 2138 970 late
2164 945 2293 971 senten·

1285 989 1341 1023 tie,
1366 990 1453 1026 quod
1480 991 1518 1019 ad
1552 991 1644 1028 ipsos
1672 992 1829 1022 accedant
1856 993 1905 1021 vel
1930 994 2017 1031 quod
2047 994 2174 1032 aliquid
2202 995 2290 1024 alind

1287 1042 1405 1071 t'aeiant
1425 1043 1594 1080 precipere
1613 1052 1677 1073 non
1699 1047 1865 1074 1010111111.

1327 1094 1360 1122 111
1393 1095 1564 1124 cumulum
1605 1099 1716 1125 autem
1750 1098 1916 1127 malorum
1955 1101 1983 1127 et
2023 1099 2104 1128 illud
2138 1100 2292 1129 accedere

1253 1173 1255 1185 ,
1285 1147 1407 1176 dicitur
1434 1148 1534 1185 quod,
1562 1157 1636 1178 cum
1678 1149 1813 1187 aliquod
1858 1151 1966 1193 ipsius
2002 1152 2131 1181 ordinis
2163 1161 2294 1182 monas-

1254 1236 1255 1241 1
1285 1200 1406 1229 terium
1427 1209 1544 1230 vacare
1561 1202 1735 1239 contingit,
1750 1203 1861 1232 dictus
1879 1204 2115 1234 cisterciensis
2132 1205 2234 1234 abbas
2253 1206 2294 1235 si-

1254 1294 1255 1300 *
1284 1253 1401 1292 gillum
1424 1254 1503 1283 dicti
1524 1255 1721 1284 monasterii
1740 1256 1870 1294 rec-ipit,
1892 1257 2071 1295 ipsumque
2088 1258 2238 1296 sigillum
2255 1259 2295 1288 ad

253 1308 348 1338 Alias
375 1317 508 1346 quoque
532 1309 564 1337 in
590 1308 662 1337 suis
688 1307 904 1345 processibus
930 1316 988 1337 nec
1013 1307 1068 1345 jus
1094 1308 1223 1337 ordinis
1254 1309 1255 1332 t

1286 1306 1420 1335 libitum
1436 1307 1568 1342 retinet,
1584 1307 1688 1337 donec
1703 1308 1747 1337 sit
1758 1310 1886 1338 vacanti
1904 1311 2110 1340 monasterio
2124 1311 2162 1340 de
2175 1310 2295 1341 abbate

1254 1363 1255 1377 ³
1286 1360 1471 1398 provisum.
1506 1368 1546 1389 ex
1571 1369 1636 1398 quo
1674 1362 1742 1390 tani
1771 1362 1859 1391 circa
1888 1362 2112 1401 obligationes
2139 1364 2242 1393 falsas
2265 1367 2296 1394 et

1286 1413 1526 1447 clandestinas,
1556 1422 1655 1451 quam
1687 1414 1774 1443 circa
1801 1415 1865 1444 alia
1893 1418 2029 1453 possent
2056 1417 2159 1446 multa
2180 1426 2295 1455 prove-

1286 1466 1357 1495 nire
1385 1466 1534 1504 pericula
1563 1467 1714 1505 eiusdem
1748 1468 1877 1497 ordinis
1906 1470 2124 1499 monasteriis
2159 1473 2189 1500 et
2222 1479 2295 1509 per-

1286 1519 1389 1549 sonis.
1416 1519 1450 1548 ln
1478 1519 1543 1548 11115
1568 1520 1704 1558 quidem
1729 1524 1757 1550 et
1783 1521 1860 1550 aliis
1887 1530 1945 1559 per
1969 1531 2043 1560 que,
2065 1523 2151 1552 sicut
2170 1523 2295 1553 audivi-

1285 1581 1372 1607 mus,
1408 1572 1517 1610 ipsius
1551 1573 1679 1602 ordinis
1717 1574 1875 1611 splendor
1910 1576 2049 1613 caligine
2086 1576 2223 1606 int‘ainie
2258 1586 2294 1606 ac

1285 1626 1502 1656 detractionis
1521 1625 1710 1660 obducimr,
1731 1627 1879 1657 inticitur
1899 1629 2041 1666 puritas,
2060 1629 2165 1667 gloria
2185 1638 2293 1660 macu-

1255 1700 1256 1709 ,
1286 1679 1383 1711 1111111,
1410 1687 1481 1715 1105,
1505 1679 1561 1717 qui
1585 1679 1624 1708 ad
1651 1680 1793 1709 eundem
1820 1681 1984 1717 ordinem,
2003 1691 2094 1711 more
2114 1683 2292 1721 111111111115,

1285 1732 1462 1765 allicimur,
1496 1732 1536 1761 ad
1560 1732 1671 1770 ipsum
1700 1736 1835 1770 paterne
1863 1735 2013 1772 gerimus
2047 1737 2294 1774 00111111155101115

1254 1823 1255 1827 ¹
1285 1786 1451 1814 aflectum.
1473 1785 1676 1815 Audivimus
1706 1786 1795 1815 enim
1827 1790 1855 1816 et
1886 1787 2119 1817 verisimiliter
2147 1789 2294 1820 creditur

1285 1838 1384 1876 quod,
1405 1838 1485 1867 dum
1506 1840 1573 1867 tam
1598 1839 1719 1868 ceteris
1749 1839 1899 1877 ejusdem
1925 1840 2053 1870 ordinis
2081 1841 2246 1872 institutis
2264 1846 2292 1873 et

1285 1891 1587 1920 consuetudinibus
1612 1892 1818 1930 approbatis,
1847 1902 1946 1932 quani
1972 1894 2120 1931 predicte
2144 1896 2295 1926 caritatis

1285 1946 1373 1973 carte
1408 1944 1606 1977 detrahitur,
1641 1945 1782 1974 fratrum
1814 1947 1937 1976 caritas
1968 1947 2174 1983 vulneratur,
2203 1949 2295 1979 subit

1285 2006 1399 2027 eorum
1428 1998 1527 2027 corda
1547 1997 1726 2031 discordia,
1754 2001 1785 2028 et
1805 1999 1861 2037 qui
1884 1999 2034 2030 habitare
2059 2001 2245 2032 debuerunt
2263 2003 2295 2032 in

1285 2051 1460 2080 concordie
1485 2051 1613 2080 unitate
1640 2052 1833 2087 concordes,
1860 2053 1891 2082 in
1916 2056 2067 2083 votorum
2101 2055 2295 2086 diversitate

1285 2104 1490 2139 discordant,
1523 2112 1587 2141 pax
1630 2105 1851 2143 extinguitur,
1891 2106 2116 2136 accenduntur
2161 2108 2296 2138 t'oinites

1286 2156 1452 2190 odiorum,
1472 2157 1567 2195 quies
1587 2157 1825 2187 claustralibus
1844 2158 1955 2188 debit-a
1974 2160 2006 2188 in
2028 2159 2295 2198 inquietudinem

1256 2230 1257 2235 ,
1287 2210 1467 2245 transiens,
1490 2210 1639 2239 redditur
1660 2211 1819 2249 inquieta,
1846 2212 1931 2241 cedit
1959 2213 2131 2242 silentium
2158 2214 2189 2243 in
2211 2224 2297 2244 mur-

1286 2263 1521 2295 muranonem,
1541 2263 1713 2292 sussurria
1726 2266 1755 2292 et
1774 2265 1952 2293 tumultus.
1966 2268 2078 2295 sancte
2094 2267 2297 2305 contempla—

1286 2315 1388 2344 tionis
1408 2315 1512 2344 otium
1531 2315 1724 2353 impeditur.

1326 2368 1468 2406 Propter
1503 2368 1607 2406 qnod,
1643 2368 1814 2397 salubrem
1855 2369 1963 2406 ipsius
2000 2371 2128 2400 ordinis
2170 2375 2293 2402 statum

1287 2421 1397 2459 plenis
1415 2421 1594 2450 desideriis
1609 2422 1814 2456 all'ectanteS,
1833 2432 1868 2450 ac
1888 2423 2099 2453 intendentes
2117 2425 2164 2453 sic
2178 2434 2295 2463 agrum

1257 2508 1258 2511 Ἰ
1288 2474 1359 2512 ejus
1388 2474 1552 2507 excolere,
1581 2474 1669 2512 quod
1694 2474 1779 2503 idem
1807 2475 1898 2510 ordo,
1926 2476 2054 2505 evulsis
2084 2477 2160 2507 inde
2187 2479 2296 2517 spinis

1289 2530 1318 2556 et
1346 2526 1495 2556 tribulis.
1524 2527 1721 2565 sparsisque
1752 2527 1783 2556 in
1811 2528 1883 2565 ipso
1914 2528 2075 2558 virtutum
2109 2531 2296 2562 seminilssuis

1290 2579 1499 2614 amabilium,
1539 2582 1750 2618 acceptorum
1789 2581 1934 2610 Domino
1973 2582 2141 2613 fruc-tuum
2183 2585 2297 2615 affluat

1260 2662 1261 2667 ,
1290 2634 1454 2669 ubertate,
1488 2634 1682 2664 discretioni
1718 2636 1840 2668 vestre,
1875 2635 1906 2664 in
1939 2635 2063 2666 virtute
2096 2637 2296 2675 obedientie,

1290 2696 1349 2726 per
1375 2687 1560 2726 apostolica
1588 2687 1715 2726 scripta
1748 2688 1888 2718 lii-miter
1914 2689 2121 2728 precipimus
2149 2693 2178 2721 ct
2207 2701 2298 2723 man-

1291 2741 1411 2770 damus
1430 2740 1590 2778 quatinus
1611 2749 1670 2770 vos
1691 2740 1743 2770 101
1763 2740 1827 2770 duo
1846 2744 1994 2771 vestrum
2016 2745 2239 2780 personaliter
2259 2747 2299 2775 ad

1293 2793 1459 2832 prefatum
1484 2793 1707 2823 Cisterciense
1732 2794 1975 2823 monasterinm
2003 2795 2054 2825 vel
2079 2797 2117 2826 ad
2142 2798 2206 2827 alia
2229 2799 2300 2829 loca

1294 2855 1357 2884 que
1374 2846 1414 2875 ad
1431 2845 1491 2875 boc
1508 2848 1673 2884 oportuna
1689 2846 1856 2880 videritis,
1869 2847 2074 2881 accedentes,
2092 2851 2121 2879 et
2141 2850 2300 2882 babentes

1295 2908 1352 2937 pre
1369 2899 1476 2928 oculis
1495 2898 1604 2928 50111111
1622 2899 1738 2933 Deum7
1754 2899 1934 2937 inquiratis
1956 2908 2058 2938 super
2076 2903 2252 2939 premissis
2269 2908 2299 2935 et

1297 2952 1374 2980 aliis
1393 2951 1524 2990 inJ'uriis
1542 2953 1571 2981 et
1591 2951 1846 2989 gravaminiluis
1865 2961 1882 2981 a
1902 2952 2001 2982 dictis
2018 2953 2301 2989 Cisterciensibus
