2547 3289
199 248 240 278 52

203 330 405 363 audientiam
423 329 570 357 nostram
583 325 735 365 pervenit
749 324 837 363 quod
852 323 937 353 bone
951 323 1110 353 memorie
1125 322 1209 352 Lan·

204 382 360 422 amphus,
376 381 550 419 episcopus
568 377 808 411 Mothonensis,
825 376 865 406 ab
880 376 1034 406 intestato
1051 373 1211 405 decesssit

204 436 372 473 multaque
387 432 521 471 reliquit
534 432 572 461 de
587 430 685 461 bonis
697 429 834 460 ecclesie
847 429 1077 460 Mothonensis
1088 429 1121 458 in
1136 436 1210 457 exa-

205 487 315 521 metis‚
333 486 439 519 libris,
450 484 540 514 vasis
559 483 723 522 argenteis
738 483 770 513 et
786 482 886 512 rebus
902 481 989 517 aliis,
1007 489 1070 520 que
1087 481 1128 511 ad
1144 488 1212 509 ma-

207 549 269 570 nus
295 538 407 569 dilecti
435 537 497 567 filii
518 535 698 575 Raynaldi,
721 534 947 565 archidiaconi
970 533 1211 568 Mothonensis‚

205 592 370 631 quondam
387 590 516 628 nepotis
532 589 652 628 ipsius,
665 589 697 619 et
716 587 924 626 quorundam
939 587 1082 618 aliorum
1098 594 1214 625 perve-

207 645 297 675 nisse
318 644 484 674 dicuntur.
506 642 650 680 Ideoque
671 640 865 671 discretioni
882 641 935 670 tue
957 649 1015 679 per
1033 639 1215 678 apostolica

206 697 328 736 scripta
349 696 547 727 mandamus
569 696 732 733 quatenus
755 694 794 724 de
815 693 914 724 honis
937 693 1021 732 ipsis
1044 694 1074 722 et
1100 700 1214 722 eorum

207 749 433 781 detentoribus
446 748 621 787 diligenter
636 747 821 786 inquirens,
838 746 914 776 illos
926 746 1012 785 apud
1025 754 1109 784 quos
1126 745 1214 774 inve-

209 804 298 834 neris
314 802 401 833 bona
422 802 504 841 ipsa,
526 802 764 840 cujuscumque
781 799 993 833 conditionis,
1015 798 1144 828 ordinis
1162 797 1215 826 vel

208 855 381 895 dignitatis
391 854 569 889 extiterint,
583 854 619 883 ut
630 862 668 884 ea
682 853 741 883 tibi
753 854 864 882 nostro
876 854 908 882 et
918 851 1055 882 ecclesie
1066 851 1214 880 Romane

209 909 341 939 nomine
362 908 432 937 sine
453 907 609 937 dilatione
631 906 802 944 assignare
823 905 1011 942 procurent,
1034 903 1214 932 monitione

206 961 380 1000 premis-sa,
411 969 469 999 per
494 967 667 989 censuram
697 957 967 992 ecclesiasticam,
994 955 1215 994 appellatione

207 1015 342 1047 remota,
361 1012 553 1050 compellas,
573 1020 637 1041 non
658 1010 809 1041 obstante
834 1010 862 1039 si
885 1018 950 1048 qua
968 1009 1132 1047 scriptura
1153 1008 1215 1038 sub

207 1066 316 1105 sigillo
332 1065 450 1104 prefati
461 1064 607 1103 episcopi
624 1063 676 1093 vel
689 1063 825 1093 alterius
838 1062 1077 1101 cujuscumque
1092 1061 1131 1091 de
1144 1069 1215 1105 pre-

207 1119 370 1149 dictorum
393 1118 554 1147 bonorum
579 1115 788 1146 ordinatione
811 1116 967 1154 appareat
990 1114 1138 1144 confecta
1159 1122 1217 1152 per

206 1172 334 1202 fraudis
353 1171 534 1201 fomentum
560 1169 593 1199 in
614 1169 799 1199 elusionem
816 1176 874 1198 seu
894 1166 1115 1206 prejudicium
1131 1167 1216 1196 veri-

207 1225 295 1262 tatis,
320 1223 542 1262 rescripturus
564 1222 659 1252 nobis
683 1221 816 1259 singula
852 1228 914 1259 que
938 1220 979 1250 ad
1001 1228 1121 1250 manus
1145 1220 1217 1249 tuas

206 1277 420 1318 pervenerint
435 1275 474 1306 de
490 1275 648 1315 predictis
666 1275 697 1304 et
714 1282 820 1312 usque
837 1273 878 1303 ad
897 1274 1046 1303 nostrum
1062 1272 1216 1312 benepla-

208 1331 310 1361 citum
322 1329 465 1360 fideliter
476 1329 680 1359 servaturus.
695 1327 818 1357 Datum
830 1326 918 1365 apud
931 1325 1216 1361 Urbemvetereni,

211 1393 260 1413 nn
277 1383 353 1413 idus
369 1381 566 1417 decembris,
584 1389 671 1412 anno
687 1379 844 1410 secundo.
861 1390 876 1406 »

278 1548 349 1580 184

745 1544 871 1576 Orvieto,
887 1543 923 1569 ‘24
937 1543 1049 1578 janvier
1071 1544 1146 1570 1263.

244 1630 340 1657 Electo
355 1628 525 1655 Bononiensi
543 1628 660 1654 mandat
677 1629 708 1653 ut
724 1627 918 1661 possessiones
935 1627 1079 1661 quondam
1098 1626 1220 1653 Avenie-

209 1678 306 1705 nensis
324 1677 449 1712 episcopi
466 1677 494 1703 in
512 1675 684 1703 Bononiensi
700 1675 814 1702 civitate
833 1675 862 1702 in
883 1675 972 1710 ipsius
991 1674 1127 1701 manibus
1147 1675 1220 1702 assi-

210 1727 292 1763 gnari
307 1726 404 1754 saciat.
422 1727 500 1760 (Rsc.
515 1727 560 1758 27,
577 1725 626 1752 fol.
645 1724 679 1751 49
697 1729 738 1757 νῦ,
755 1728 788 1751 n⁰
805 1725 846 1758 3.)

251 1827 265 1842 «
286 1839 305 1846 ..
322 1815 416 1845 electo
432 1813 623 1843 Bononiensi.
639 1813 722 1844 Cum
735 1813 820 1844 bone
839 1813 998 1843 memorie
1015 1813 1063 1847 Z.,
1083 1812 1219 1842 Avinio-

212 1869 325 1899 nensis
343 1869 531 1907 episcopus,
549 1866 780 1906 possessiones
799 1865 1063 1905 quamplurimas
1079 1866 1113 1895 in
1138 1865 1220 1896 civi-

210 1923 274 1953 tate
290 1921 494 1952 Bononiensi
510 1920 647 1959 ejusque
662 1919 827 1950 territorio
844 1919 1065 1949 consistentes
1082 1919 1221 1957 relique-

212 1975 264 2010 rit,
283 1975 324 2005 ad
338 1982 478 2012 quarum
495 1973 744 2012 occupationem
763 1972 916 2002 nonnulli
931 1972 1087 2002 dicuntur
1103 1980 1222 2002 manus

211 2027 405 2058 temerarias
433 2026 633 2060 extendisse,
659 2025 851 2055 discretioni
878 2026 932 2054 tue
956 2033 1015 2064 per
1042 2024 1222 2063 apostolica

212 2081 335 2119 scripta
359 2080 503 2109 districte
528 2079 738 2118 precipiendo
763 2078 961 2108 mandamus
983 2079 1159 2116 quatenus,
1182 2078 1222 2108 de

211 2133 482 2172 possessionibus
498 2132 580 2171 ipsis
605 2131 783 2170 diligenter
806 2130 1087 2169 inquimns‚illas,
1103 2131 1222 2160 amotis
1251 2152 1253 2161 .

212 2187 253 2217 ab
271 2187 319 2217 cis
334 2185 538 2225 quibuslibet
554 2185 792 2219 detentoribus,
805 2185 845 2214 ad
858 2192 976 2213 manns
988 2184 1072 2219 tuas,
1090 2183 1221 2213 nomine

213 2241 324 2270 nostro
340 2241 371 2269 et
388 2238 526 2269 ecclesie
554 2239 716 2272 Romane,
735 2237 875 2276 recipias
900 2238 930 2267 et
949 2245 1138 2271 conserves,
1157 2245 1223 2266 non
1253 2240 1254 2255 ³

213 2292 362 2324 obstante
382 2292 494 2330 aliquo
511 2291 629 2330 prefati
649 2290 797 2330 episcopi
815 2290 1011 2320 testamento
1028 2298 1086 2320 seu
1104 2289 1223 2327 aliqui-

212 2346 275 2376 bus
289 2346 407 2376 litteris
425 2345 601 2375 contrariis
619 2353 637 2374 a
660 2344 737 2374 sede
761 2343 941 2382 apostolica
966 2343 1150 2381 impetratis
1165 2351 1223 2372 seu

213 2398 312 2429 etiam
324 2398 552 2436 impetrandis,
566 2406 630 2427 non
640 2396 839 2427 facientibus
850 2396 980 2433 plenam
992 2397 1019 2426 et
1032 2403 1223 2433 expressam

214 2451 252 2482 de
268 2451 478 2490 presentibus
495 2450 710 2480 mentionem.
729 2449 1007 2484 Contradictores,
1025 2449 1100 2482 etc„
1120 2457 1224 2486 usque

213 2505 462 2543 compescendo.
498 2504 667 2537 invocato,
699 2503 774 2538 etc.,
806 2510 911 2540 usque
943 2501 1114 2531 secularis.
1141 2504 1223 2536 Qne,

215 2558 336 2595 quante
352 2558 382 2587 et
392 2556 506 2595 quales
522 2555 589 2585 sint
602 2553 1033 2595 possessioneshujusmodi
1045 2554 1225 2592 quantique

216 2609 339 2640 valoris
367 2609 498 2648 singule
534 2617 570 2638 ac
604 2616 717 2638 earum
746 2606 1012 2637 circumstantias
1050 2606 1226 2636 universas

1006 237 1233 269 REGISTRE
1255 229 1468 267 CAMERAL

1816 316 1939 349 Orvieto,
1956 314 1991 342 2¹*
2004 316 2117 351 janvier
2134 317 2210 345 ¹263,

1337 321 1409 353 185

1308 403 1408 430 Eidem
1424 403 1543 430 mandat
1556 404 1587 429 ut
1602 402 1636 428 de
1654 400 1782 436 pecuniis
1795 400 1886 427 bonae
1904 399 2063 426 memoriae
2076 399 2281 425 Avenionensis

1271 452 1397 486 episcopi
1421 451 1474 486 ipsi
1497 459 1513 478 a
1533 451 1619 478 certis
1641 449 1867 476 Bononiensibus
1887 447 2096 474 mercatoribus
2115 446 2282 482 assignatis,

1273 503 1388 528 centum
1408 500 1495 527 libras
1518 499 1727 526 Turonensium
1751 498 1836 530 Bene,
1853 496 1966 523 notario
1981 498 2009 522 et
2025 496 2079 523 civi
2100 495 2282 526 Bononiensi,

1274 550 1413 584 assignet.
1427 549 1508 582 (Rae.
1524 549 1570 581 27,
1584 548 1632 575 sol.
1651 548 1684 574 49
1701 551 1742 580 νο,
1756 550 1788 573 u⁰
1805 546 1845 581 4.)

1314 667 1330 682 «
1347 654 1467 685 Eidem.
1481 655 1564 685 Cum
1588 655 1686 684 totam
1712 652 1900 691 pecuniam,
1913 660 2010 690 quam
2024 650 2109 680 bone
2129 650 2288 680 memorie

1275 708 1324 742 Z.,
1339 708 1580 738 Avinionensis
1603 707 1788 746 episcopus,
1814 713 1916 745 penes
1934 704 2133 734 Jacobinum
2157 703 2196 733 de
2223 703 2287 733 Ra-

1275 761 1437 799 corgetis,
1456 760 1656 790 Amadorein
1684 759 1856 792 Pizacotti,
1878 758 2055 788 Nicolaum
2087 755 2287 795 Bongirardi

1275 815 1305 844 et
1333 822 1447 844 eorum
1481 813 1602 848 socios,
1637 813 1728 843 cives
1755 814 1787 843 et
1815 813 2014 842 men-atores
2044 810 2286 843 Bononienses,

1277 871 1409 901 nomine
1435 870 1576 909 depositi
1598 878 1657 900 seu
1686 869 1792 900 mutui
1813 868 2069 901 commendavit,
2093 867 2289 897 mandemus

1275 933 1334 963 per
1349 924 1432 953 alias
1451 924 1580 953 nostras
1596 923 1722 952 litteras
1739 922 1799 952 tibi
1813 923 1925 952 nostro
1941 923 1971 951 et
1987 920 2126 951 eccl(·sIe
2138 920 2288 950 Romane

1278 977 1410 1007 nomine
1433 975 1608 1014 assignari,
1632 975 1836 1014 presentium
1861 975 1920 1004 tibi
1943 974 2134 1003 auctoritate
2157 972 2289 1002 manda-

1276 1039 1352 1060 mus
1368 1029 1538 1068 quatinus,
1554 1028 1694 1067 pecunia
1711 1028 1783 1066 ipsa
1795 1028 1937 1065 recepta,
1954 1027 2030 1056 inde
2041 1026 2145 1056 libras
2157 1027 2289 1056 centum

1277 1082 1523 1113 Turonensiuin
1548 1082 1667 1111 dilecto
1694 1080 1762 1110 filio
1790 1081 1890 1113 Bene,
1920 1079 2059 1115 notario,
2087 1078 2152 1108 civi
2178 1078 2288 1107 Bono-

1277 1135 1399 1170 niensi,
1425 1135 1562 1174 speciali
1586 1134 1706 1164 dilecto
1725 1135 1849 1168 nostro,
1869 1133 1940 1162 sine
1962 1132 2122 1161 dilatione
2145 1139 2181 1160 ac
2204 1129 2289 1160 disfi-

1277 1189 1397 1219 cultate
1413 1188 1559 1227 qualibet
1575 1187 1731 1218 exhibere
1747 1195 1914 1226 procures
1940 1186 2063 1215 Datum
2086 1185 2121 1214 ut
2142 1192 2254 1223 supra.
2274 1196 2288 1209 »

1349 1361 1420 1392 18ss

1823 1357 1946 1387 Orvieto,
1963 1357 1996 1383 23
2010 1355 2123 1391 janvier
2142 1356 2218 1381 1263.

1314 1443 1414 1470 Eidem
1437 1443 1557 1469 mandat
1573 1445 1604 1469 ut
1626 1450 1642 1468 a
1657 1442 1742 1468 certis
1764 1441 1989 1468 Bononiensibus
2010 1439 2218 1467 mercatoribus
2238 1439 2292 1466 sibi

1279 1491 1423 1527 assignari
1440 1491 1527 1518 saciat
1542 1491 1693 1525 pecuniam
1709 1490 1784 1524 apud
1797 1498 1845 1516 eos
1861 1497 1878 1515 a
1894 1489 1984 1516 bonae
2000 1488 2159 1515 memoriae
2174 1487 2294 1515 Avenie-

1280 1541 1363 1567 nensi
1380 1540 1511 1574 episcopo
1526 1539 1696 1573 depositam.
1714 1539 1793 1573 (llas.
1809 1539 1854 1569 ⁶37,
1873 1537 1922 1564 sol.
1940 1538 1974 1563 49
1991 1542 2031 1570 νο,
2047 1542 2078 1563 n⁰
2095 1539 2132 1567 5.)

1321 1659 1336 1674 «
1361 1645 1484 1675 Eidem.
1507 1646 1593 1676 Cum
1616 1645 1728 1675 dilecti
1745 1644 1807 1674 filii
1823 1643 2006 1675 Jacobinus
2020 1643 2060 1674 de
2074 1643 2293 1682 Recorgettis,

1281 1700 1470 1731 Amadorus
1495 1698 1669 1732 Pizacotti,
1699 1697 1860 1727 Nicolaus
1886 1696 2086 1736 Bongirardi
2115 1697 2146 1727 et
2177 1704 2292 1726 eorum

1282 1753 1374 1788 socii,
1395 1752 1485 1782 cives
1510 1753 1542 1782 et
1556 1752 1757 1782 mercatores
1778 1750 2021 1786 Bononienses,
2042 1749 2080 1780 de
2096 1749 2194 1779 bonis
2209 1749 2294 1779 bone

1281 1805 1440 1836 memorie
1466 1806 1514 1840 Z.,
1542 1804 1785 1835 Avinionensis
1804 1803 1964 1843 episcopi,
1984 1803 2146 1841 quasdam
2175 1802 2296 1833 habere

1283 1860 1463 1890 noscantur
1485 1858 1624 1897 pecunie
1650 1857 1862 1896 quantitates,
1889 1857 2041 1887 videlicet
2066 1857 2100 1886 in
2119 1864 2186 1886 una
2203 1858 2295 1895 parte

1283 1911 1481 1950 quingentas
1497 1912 1528 1940 et
1544 1911 1579 1940 in
1593 1910 1660 1941 alia
1675 1910 1766 1939 mille
1779 1909 2039 1943 'furonensimm
2059 1916 2117 1938 nec
2134 1917 2199 1938 non
2213 1910 2243 1938 et
2262 1908 2295 1938 in

1283 1965 1347 1995 alia
1364 1965 1428 1994 duo
1447 1964 1540 1993 milia
1565 1965 1597 1994 et
1618 1963 1878 2002 quadringentas
1895 1961 2160 1993 Bononiensiuin
2179 1961 2294 1998 libras,

1283 2026 1367 2056 quas
1389 2017 1476 2047 idem
1492 2017 1670 2056 episcopus
1693 2024 1807 2046 eornm
1829 2015 1904 2045 fidei
1931 2016 2061 2045 nominc
2078 2014 2218 2052 depositi
2236 2022 2295 2044 seu

1283 2071 1402 2107 mutui,
1414 2071 1499 2101 sicut
1510 2069 1751 2104 intelleximus,
1763 2068 2021 2102 commendavit,
2037 2068 2086 2097 eis
2096 2076 2155 2106 per
2166 2068 2296 2097 nostras

1283 2125 1402 2155 damus
1414 2124 1540 2154 litteras
1557 2124 1590 2153 in
1609 2122 1774 2153 mandatis
1792 2124 1828 2152 ut
1843 2122 1943 2152 totam
1959 2121 2133 2160 pecuniam
2151 2119 2295 2150 antedic-

1283 2180 1349 2207 tam
1369 2177 1442 2211 tibi,
1461 2178 1571 2207 nostro
1590 2178 1619 2206 et
1638 2175 1776 2206 ecclesie
1795 2175 1944 2206 Romane
1963 2174 2109 2207 nomine,
2129 2173 2199 2203 sine
2216 2173 2298 2203 dila-

1281 2231 1371 2261 tione
1386 2239 1421 2260 ac
1439 2230 1634 2259 difficultate
1652 2228 1809 2267 qualibet,
1827 2227 1997 2266 assignare
2024 2228 2212 2265 procurent.
2232 2234 2297 2256 non

1254 2306 1255 2313 ,
1284 2283 1495 2314 obstantibus
1509 2283 1620 2321 aliquo
1637 2282 1754 2321 prefati
1767 2280 1914 2320 episcopi
1926 2281 2122 2310 testamento
2139 2287 2212 2309 eum
2227 2279 2298 2318 ipse

1254 2500 1256 2514 ι

1254 2522 1256 2543 Ι

1255 2581 1256 2595 l

1255 2600 1257 2619 t

1255 2640 1257 2652 Ι

215 2662 312 2693 nobis
336 2671 394 2701 per
416 2663 489 2692 tuas
516 2662 642 2692 litteras
659 2660 893 2698 rescripturus.
913 2660 1035 2690 Datum
1054 2659 1141 2698 apud
1164 2660 1222 2689 Ur·
1254 2669 1257 2699 j

215 2715 449 2749 bemveterem,
475 2723 542 2745 vnn
563 2714 723 2745 kalendas
740 2712 912 2748 februarii,
929 2720 1016 2742 anno
1033 2712 1189 2742 secundo.
1210 2725 1222 2737 »

1283 2337 1323 2367 de
1338 2336 1434 2366 bonis
1449 2335 1683 2366 ecclesiasticis
1693 2334 1818 2372 absque
1834 2333 2002 2372 pontilicis
2019 2332 2183 2363 Romanis
2200 2332 2298 2362 lieen-

1284 2389 1328 2419 tia
1348 2389 1460 2419 testari
1481 2387 1679 2426 nequiverit,
1701 2395 1758 2417 nec
1776 2387 1861 2416 sacta
1893 2386 1934 2415 sit
1951 2385 2047 2415 nobis
2065 2394 2165 2424 super
2182 2384 2298 2424 hujus-

1284 2443 1373 2472 modi
1399 2442 1531 2472 licentia
1548 2441 1645 2480 plena
1661 2440 1756 2474 fides,
1775 2440 1829 2469 ant
1848 2438 2051 2477 quibuslibet
2068 2438 2188 2468 litteris
2203 2445 2297 2476 apos·

1286 2495 1396 2525 tolicis
1424 2494 1600 2525 contrariis
1626 2493 1688 2523 sub
1717 2492 1836 2531 quavis
1863 2492 1968 2521 forma
1998 2491 2174 2521 verborum
2199 2498 2299 2529 super

1286 2547 1383 2577 dietis
1395 2547 1492 2577 bonis
1502 2546 1768 2585 quibuscumque
1777 2545 1923 2574 directis.
1935 2544 2096 2580 Quocirca
2105 2542 2297 2573 discretioni

1286 2602 1339 2630 tue
1362 2609 1420 2639 per
1435 2599 1615 2638 apostoliea
1634 2598 1755 2637 scripta
1781 2598 1980 2627 inamlanins
1997 2597 2156 2636 quatinus
2173 2603 2297 2626 merca-

1286 2654 1374 2682 tores
1388 2654 1480 2691 ipsos
1495 2651 1582 2690 quod
1606 2651 1781 2689 pecuniam
1800 2650 1904 2688 ipsam
1923 2650 1978 2680 tibi
1995 2650 2090 2688 juxta
2105 2648 2297 2679 mandatum

1288 2707 1436 2735 nostrum
1451 2704 1632 2742 assignent,
1642 2712 1778 2733 moneas
1793 2703 1950 2733 attentius
1965 2704 1995 2733 et
2009 2702 2148 2732 inducas
2163 2707 2298 2739 eosque,

1286 2757 1314 2787 si
1329 2757 1466 2787 monitis
1482 2765 1548 2787 non
1565 2756 1748 2795 paruerint,
1766 2756 1806 2786 ad
1824 2756 1856 2785 id
1871 2764 1928 2794 per
1939 2762 2114 2785 censuram
2125 2752 2298 2784 ecclesias-

1254 2811 1256 2820 '
1286 2810 1396 2845 ticam,
1425 2809 1648 2849 appellatione
1682 2810 1818 2843 remota,
1849 2808 2040 2848 compellas.
2073 2807 2229 2837 Invocato
2257 2805 2298 2835 ad

1256 2845 1257 2856 l

1255 2857 1258 2879 l

1256 2881 1258 2922 l

1286 2863 1346 2893 boe
1363 2863 1390 2892 si
1407 2871 1502 2902 opus,
1517 2864 1592 2896 etc...
1609 2871 1713 2901 nsque
1728 2861 1902 2892 secularis.
1918 2861 2041 2891 Datum
2058 2858 2144 2898 apud
2160 2857 2297 2890 Urbem-

1286 2917 1445 2951 veterem.
1463 2924 1484 2945 x
1501 2915 1661 2945 kalendas
1679 2914 1850 2948 februarii,
1867 2921 1954 2945 anno
1972 2911 2127 2943 secundo.
2147 2923 2161 2937 u
