2547 3289
1184 243 1399 274 D'URBAIN
1422 244 1480 275 IV.

288 320 427 357 pecunie
439 321 652 359 quantitates,
667 331 749 360 quas
760 323 824 360 ipsi
834 322 892 352 tibi
903 322 1060 352 duxerint
1072 323 1302 361 assignandas,

288 372 418 403 dilectis
444 373 525 403 filiis
556 374 723 405 Mannetto
754 376 870 414 Spine,
903 375 1088 405 Rusticello
1118 375 1247 405 Cambii
1274 377 1305 405 et

286 425 456 464 Raynerio
476 426 770 463 Abbatis‚civibus
788 429 819 458 et
839 428 1079 458 mercatoribus
1100 428 1304 458 Florentinis

287 477 321 507 in
345 478 466 517 Anglia
485 480 781 515 commorantibus,
804 481 858 510 vel
874 489 989 510 eorum
1006 480 1117 515 alicui,
1138 481 1238 510 sociis
1253 481 1303 510 di-

285 530 445 561 lectorum
475 532 622 562 filiorum
649 533 766 563 Jacobi
787 534 826 563 de
846 533 953 567 Scala,
981 533 1072 563 Petri
1099 533 1302 568 Benene-ase,

286 583 367 613 Dini
383 583 689 623 Perinieorumque
705 586 882 620 sociorum,
901 585 1026 615 civium
1038 586 1069 615 et
1082 586 1302 615 mercatorum

285 636 568 673 Florentinorum,
587 638 806 668 familiarium
822 639 854 668 et
870 646 1082 676 campsorum
1101 639 1301 672 nostrorum,

284 690 416 720 sublato
436 691 616 729 cujuslibet
636 691 807 721 dilationis
829 694 862 720 et
884 691 1093 720 difficultatis
1117 691 1299 725 obstaculo,

284 744 397 772 nostro
419 744 451 773 et
469 743 606 774 ecclesie
628 743 775 782 predicte
800 744 935 774 nomine
959 744 1094 773 studeas
1116 744 1299 783 assignare,

282 795 532 834 significaturus
545 797 640 827 nobis
656 805 715 835 per
731 797 806 826 tuas
822 798 854 827 et
870 797 1020 835 ipsorum
1032 796 1160 826 litteras
1179 797 1301 835 quidet

282 850 444 887 quantum
458 850 506 879 eis
518 849 654 879 duxeris
669 849 923 887 assignandum.
943 865 980 870 -—
994 850 1116 879 Datum
1132 850 1299 885 Laterani,

284 909 345 931 xiii
358 901 518 931 kalendas
535 902 886 941 aprilis‚p0ntificatus
902 903 1006 932 nostri
1023 910 1109 932 anno
1128 902 1299 941 septimo¹.

827 1073 969 1106 'Orvieto‚
988 1074 1002 1099 3
1017 1073 1133 1108 janvier
1152 1074 1227 1100 1263.

354 1075 425 1106 128

317 1157 410 1184 Fratri
430 1157 561 1190 Martiuo,
580 1158 614 1183 de
630 1157 729 1184 ordine
746 1157 863 1184 Militiae
891 1157 1014 1191 Templi,
1032 1157 1192 1183 custodiam
1209 1157 1297 1184 castri

278 1205 312 1232 de
328 1206 425 1232 Trebis
443 1205 614 1232 committit.
631 1206 710 1240 (Hac.
729 1208 773 1238 27,
788 1205 838 1232 fol.
854 1206 887 1231 29
904 1209 943 1239 v0,
962 1209 992 1231 n0
1009 1206 1047 1239 2.)

320 1319 333 1334 «
362 1307 479 1337 Dilecto
501 1307 569 1346 silio
585 1306 682 1346 finiri
701 1307 848 1343 Marinio,
862 1306 896 1336 cle
911 1306 1016 1336 ordine
1037 1306 1146 1335 Miluie
1171 1306 1295 1346 Templi,

276 1361 430 1400 familiari
456 1366 570 1390 nostro.
596 1361 646 1390 Ex
667 1360 797 1390 fervore
820 1361 874 1390 tue
896 1361 1025 1390 sincere
1048 1360 1235 1390 devotionis
1259 1369 1296 1390 ac

278 1414 355 1445 fidei
375 1414 493 1453 grandi
516 1415 648 1452 sumpta
665 1413 798 1449 fiducia,
819 1414 908 1452 quod
926 1414 959 1444 in
976 1413 1232 1443 manutenendis
1248 1422 1296 1443 ec-

276 1468 376 1498 clesie
403 1468 553 1498 Romane
574 1467 709 1506 juribus
731 1467 869 1505 ejusque
893 1467 1132 1506 promovendis
1154 1467 1295 1505 negotiis

277 1520 387 1551 fidelis
403 1521 434 1551 et
451 1520 596 1559 diligens
618 1520 782 1555 habearis
802 1519 988 1550 custodiam
1004 1519 1104 1550 castri
1119 1520 1159 1549 de
1175 1519 1295 1550 Trebis

277 1574 494 1612 omniumque
513 1573 641 1612 jurium
664 1575 694 1603 et
710 1573 985 1611 pertinentiarum
1011 1581 1148 1602 suarum
1172 1573 1292 1602 sollici-

275 1627 384 1657 tudini
400 1628 454 1656 tue
474 1627 634 1656 duximus
653 1626 937 1661 committendam,
959 1635 1018 1664 per
1034 1626 1215 1664 apostolica
1232 1627 1295 1657 tibi

276 1680 399 1719 scripta
423 1680 618 1709 mandantes
637 1680 801 1717 quatenus
825 1679 864 1708 ad
881 1679 970 1708 idem
987 1681 1132 1709 castrum
1155 1679 1216 1709 tibi
1235 1688 1294 1718 per

228 1738 232 1741 ’
275 1733 433 1763 dilectum
445 1732 551 1762 tilium
570 1756 590 1761 ..
608 1732 760 1761 abbatem
776 1732 970 1762 monasterii
983 1732 1022 1761 «le
1035 1732 1190 1766 Sublico,
1206 1741 1292 1762 nunc

274 1786 346 1824 ejus
364 1786 539 1815 habentem
557 1785 753 1819 custodiam,
765 1794 839 1815 cum
856 1785 1012 1823 predictis
1028 1785 1162 1823 juribus
1175 1786 1206 1815 et
1224 1794 1293 1824 per-

273 1839 424 1869 tinentiis
441 1847 569 1868 necnon
586 1838 688 1867 armis
701 1839 732 1868 et
747 1838 843 1868 bonis
860 1838 967 1876 ipsius
983 1838 1082 1867 castri
1098 1838 1291 1873 mobilibus,

273 1892 359 1922 sicut
382 1892 411 1922 ei
434 1900 493 1930 per
515 1892 640 1922 litteras
662 1893 794 1921 nostras
810 1891 1018 1927 iniungimus
1036 1891 1291 1929 assignandum,

271 1948 302 1976 te
318 1945 538 1984 personaliter
554 1944 729 1974 conferens
741 1945 772 1974 et
786 1944 978 1982 hujusmodi
992 1944 1175 1974 custodiam
1189 1944 1291 1974 susci·

272 1999 379 2037 piens,
402 1998 494 2028 illam
518 2006 624 2036 usque
646 1997 686 2027 ad
712 1999 821 2027 nostre
845 1997 1027 2026 voluntatis
1045 1997 1290 2036 beneplacitum

272 2052 413 2082 sollicite
432 2060 544 2090 gerere
558 2060 595 2081 ac
610 2050 698 2080 circa
715 2050 821 2089 ipsam
840 2050 1006 2088 sic,jiixta
1028 2058 1119 2088 spem
1137 2058 1236 2088 quam
1252 2050 1291 2080 de

270 2105 327 2134 tua
342 2104 529 2134 sinceritate
541 2103 768 2142 concepimus,
778 2104 938 2133 attentum
951 2104 981 2132 et
991 2103 1104 2132 utilem
1114 2104 1144 2133 te
1159 2103 1291 2133 studeas

272 2158 429 2188 exhibere
446 2158 534 2196 quod
550 2156 724 2196 apostolici
742 2156 868 2186 favoris
884 2157 1100 2193 augmentum
1115 2155 1213 2194 (ligne
1228 2156 1288 2185 tibi

270 2220 312 2241 ex
328 2211 388 2242 hoc
406 2211 543 2241 uberius
564 2211 673 2240 valeat
695 2210 884 2249 provenire.
905 2209 1047 2239 Proviso
1064 2209 1152 2247 quod
1167 2217 1289 2239 memo-

270 2265 349 2295 rIter
370 2266 484 2295 teneas
502 2265 533 2294 et
557 2266 729 2303 tamquam
755 2263 807 2293 vir
823 2264 980 2293 constans
1000 2264 1031 2292 et
1052 2263 1160 2292 fidelis
1179 2262 1288 2292 ohser-

270 2325 339 2353 ves,
356 2319 404 2351 ut,
416 2318 501 2347 sicut
519 2326 630 2348 coram
648 2317 745 2347 nobis
759 2318 788 2347 et
807 2316 966 2346 fratribus
985 2316 1107 2346 nostris
1122 2316 1290 2354 juramen-

268 2371 339 2400 tum
361 2371 577 2408 corporaliter
598 2370 784 2409 prestitisti,
806 2370 952 2399 castrum
975 2369 1087 2408 ipsum
1108 2368 1204 2400 nulli,
1224 2368 1288 2398 nisi

269 2423 366 2453 nobis
382 2423 435 2452 vel
449 2423 503 2453 cui
521 2432 578 2462 per
598 2423 726 2453 litteras
747 2424 877 2452 nostras
897 2422 1041 2452 bullatas
1059 2422 1090 2451 et
1107 2421 1287 2460 specialem

269 2476 423 2506 nuntium
435 2476 706 2505 mandaverimus
722 2475 911 2513 aut,siqui‹l
927 2475 1119 2504 humaniter
1136 2474 1174 2504 de
1192 2474 1288 2504 nobis

268 2529 484 2566 contingeret,
503 2529 689 2558 successori
703 2529 814 2558 nostro
831 2529 988 2558 canonice
1003 2527 1153 2561 intranti,
1168 2526 1221 2556 vel
1234 2527 1287 2556 cui

268 2582 462 2621 perlitteras
479 2590 556 2611 suas
571 2583 602 2611 et
618 2582 743 2611 certum
759 2581 830 2620 ejus
846 2581 1001 2611 nuntium
1018 2581 1088 2619 ipse
1104 2580 1285 2615 mandaret,

268 2635 481 2673 aliquatenus
511 2634 682 2671 assignare
706 2642 894 2672 presumas.
919 2651 957 2655 -
973 2634 1096 2663 Datum
1114 2633 1201 2671 apud
1223 2633 1286 2663 Ur-

266 2688 501 2721 bemveterem‚
520 2696 556 2716 111
573 2687 848 2725 noaasjanuariL
868 2695 954 2717 anno
973 2687 1132 2717 secundo.
1153 2699 1166 2712 »

302 2859 323 2883 1.
341 2858 417 2882 Cette
433 2858 512 2881 lettre
527 2864 558 2881 ne
574 2857 637 2887 peut
651 2863 702 2886 pas
717 2857 777 2880 etre
798 2855 935 2879 d'Urbain
951 2856 991 2880 IV
1004 2856 1052 2887 qui
1070 2857 1116 2880 n'a
1138 2855 1220 2886 regne
1232 2862 1285 2887 que
1314 2869 1315 2877 i

268 2893 334 2917 trois
352 2900 416 2920 mzs;
437 2894 503 2917 c'est
528 2892 714 2917 evidemment
729 2898 783 2915 une
810 2890 890 2914 lettre
917 2890 1098 2915 d’Alexandre
1126 2891 1166 2915 IV
1189 2891 1284 2921 egaree

266 2929 338 2953 daus
354 2929 380 2953 le
398 2929 526 2959 Regis-tre
540 2927 661 2952 canniral
679 2927 711 2951 de
727 2933 777 2950 son
791 2932 965 2950 successeur.

413 2969 664 3001 URBA1N1V‚t.
681 2967 705 2994 Ι.
720 2967 796 3001 Reg.
813 2973 892 2993 cam.

2337 254 2377 283 33

1434 327 1503 357 127
1941 330 2065 364 Orvieto,
2088 332 2118 357 ii
2133 332 2203 359 avril
2227 333 2302 360 1203.

1400 408 1536 443 Episcopo
1553 410 1711 437 Marsicano
1728 413 1846 439 mandat
1861 416 2001 447 quatenus
2016 416 2147 442 abbatem
2170 417 2373 445 sublacensem

1363 458 1519 490 compellat
1539 461 1570 484 ut
1588 460 1725 486 ecclesiae
1743 461 1886 488 Romanae
1905 463 2061 490 satisfaciat
2083 474 2131 498 pro
2152 466 2284 492 omnibus
2303 475 2374 501 quae

1363 512 1380 529 a
1401 513 1482 531 rocca
1501 506 1534 532 de
1556 507 1652 533 'l'reliis
1673 511 1858 542 asportarunt
1878 511 1918 536 illi
1937 512 2037 544 quibus
2060 521 2108 546 per
2130 514 2223 547 ipsum
2245 515 2374 542 custodia

1362 553 1455 579 dictae
1472 562 1571 580 roccae
1587 555 1721 589 deputata
1737 557 1840 583 suerat.
1858 559 1936 589 (lieo.
1954 561 1996 590 27,
2014 561 2061 588 fol.
2079 562 2111 586 ‘20
2129 568 2166 594 w,
2183 568 2213 588 [ιυ
2230 564 2265 596 3„

1402 661 1416 676 «
1445 674 1464 679 ..
1490 651 1626 690 episcopo
1643 652 1826 682 Mai-sicano.
1846 655 1895 683 Aa
1912 656 2114 687 audientiam
2140 661 2282 689 nostram
2300 669 2371 698 per-

1363 703 1465 738 venit,
1489 704 1577 741 quod
1612 704 1702 739 oliin,
1729 707 1905 744 antequam
1926 717 2019 738 rocca
2054 710 2092 739 de
2115 711 2233 741 'l'rebis
2253 713 2371 744 dilecto

1362 755 1432 785 filio
1449 756 1543 786 fratri
1565 757 1719 793 Mai-tino,
1738 758 1893 789 familiari
1914 762 2037 796 nostro,
2057 763 2223 800 assignata
2240 765 2370 800 fnisset,

1361 807 1413 837 illi
1432 809 1489 846 qui
1506 818 1564 847 per
1580 831 1601 839 ..
1617 810 1769 840 abbatem
1786 811 2023 843 Sublacensem
2047 817 2139 844 erant
2158 816 2262 853 ipsius
2279 827 2370 848 rorce

1361 862 1509 891 custodie
1527 862 1684 900 deputati,
1698 864 1840 901 (predam
1857 874 1947 894 arma
1963 867 2087 896 etalias
2105 877 2155 896 res
2168 878 2229 906 que
2247 870 2285 899 ad
2303 879 2372 900 mu-

1361 914 1519 944 nitionem
1539 915 1687 954 ejusdem
1702 925 1794 946 rocce
1807 917 1889 946 inibi
1902 918 2119 955 babelmntur,
2133 929 2243 950 serum
2253 922 2372 953 exinde

1362 967 1514 1005 nequiter
1545 970 1780 1006 asportarunt;
1812 971 1916 1000 terras
1945 980 2076 1010 quoque
2104 974 2143 1002 ad
2166 974 2249 1003 dicte
2279 984 2372 1006 rome

1361 1020 1552 1050 demanium
1587 1021 1803 1059 pertinentes,
1828 1023 1906 1053 dum
1936 1024 1969 1054 in
2000 1034 2092 1055 rocca
2118 1030 2373 1064 permanserunt

1360 1073 1487 1108 eadem,
1515 1074 1715 1104 dimiserunt
1742 1075 1896 1110 incultas,
1921 1086 1961 1106 ex
1986 1087 2125 1116 ‹piarum
2155 1081 2370 1117 proventibus

1359 1134 1418 1164 pro
1435 1135 1555 1162 magna
1570 1128 1660 1165 parte
1676 1129 1788 1165 posset
1800 1129 1871 1167 ejus
1882 1131 2075 1160 custodibus
2092 1133 2287 1163 sustentatio
2300 1142 2372 1171 pro-

1361 1179 1485 1215 venire,
1509 1179 1593 1209 alias
1609 1180 1637 1209 ei
1654 1189 1712 1218 per
1731 1181 1928 1212 incisionem
1944 1184 2370 1218 arborum,distractionem

1358 1233 1389 1262 et
1407 1233 1695 1270 c011sumpti0nem
1716 1233 1879 1264 bonorum
1900 1237 2151 1274 quamplurium
2178 1238 2261 1267 dicte
2282 1248 2373 1269 rocce

1358 1285 1502 1322 dampna
1523 1285 1722 1324 multiplicia
1746 1286 1934 1325 irrogamlo.
1960 1289 2000 1318 Et
2019 1289 2095 1319 licet
2119 1299 2159 1319 ex
2177 1290 2255 1326 biis,
2275 1294 2373 1330 prout

1357 1347 1399 1368 ex
1422 1338 1614 1368 testimonio
1631 1339 1819 1377 accepimus
1841 1341 1862 1369 n
1879 1341 2019 1380 ledigno,
2038 1343 2153 1372 eadem
2174 1353 2268 1373 rocca
2299 1354 2373 1374 nos-

1357 1391 1448 1420 catur
1459 1391 1500 1420 ad
1517 1391 1662 1421 valorem
1676 1393 1958 1431 sexagintalibras
1973 1396 2227 1433 provesiimrum
2245 1406 2316 1427 esse
2329 1398 2373 1428 le-

1355 1451 1403 1477 sa,
1418 1443 1519 1473 abbas
1535 1445 1643 1474 tamen
1657 1445 1825 1483 predictus
1851 1455 1870 1476 a
1888 1448 2056 1478 nominato
2071 1449 2169 1479 fratre
2194 1459 2293 1488 super
2309 1450 2371 1480 hoc

1356 1497 1482 1535 pluries
1505 1498 1697 1536 requisitus,
1716 1507 1775 1537 pro
1792 1500 2032 1537 premissorum
2052 1503 2201 1532 omnium
2219 1504 2369 1534 satisfac-

1355 1550 1444 1579 tione
1464 1550 1582 1580 obtulit
1600 1552 1826 1582 tantummodo
1844 1553 1958 1583 decem
1974 1554 2088 1585 libras.
2106 1556 2250 1594 Ideoque
2279 1565 2371 1586 man-

1355 1602 1473 1632 damus
1498 1604 1662 1641 quatenus
1689 1605 1895 1635 nominatum
1918 1606 2070 1637 abbatem
2101 1617 2157 1646 per
2185 1610 2212 1637 te
2233 1609 2286 1639 vel
2313 1618 2373 1648 per

1354 1655 1458 1684 alium
1482 1664 1523 1685 ex
1546 1658 1638 1694 parte
1659 1658 1773 1687 nostra
1798 1666 1931 1688 monere
1955 1668 2112 1697 procures
2139 1662 2173 1690 ut
2197 1661 2283 1691 iufra
2301 1664 2373 1693 octo

1354 1708 1482 1737 dierum
1493 1709 1636 1746 spatium
1649 1711 1722 1747 post
1739 1711 1954 1741 monitionem
1969 1713 2069 1747 tuam,
2082 1714 2251 1751 sexaginta
2267 1714 2372 1745 libras

1353 1762 1608 1799 provesinorum
1632 1771 1691 1800 pro
1713 1764 1938 1794 satisfactione
1963 1764 2153 1803 liujiisiin›‹li
2168 1767 2254 1797 «licto
2277 1768 2371 1798 fratri

1354 1814 1484 1844 studeat
1503 1815 1575 1844 sine
1588 1815 1782 1845 difficultate
1798 1817 1943 1854 qualibet
1955 1818 2109 1848 exhibere
2119 1819 2248 1858 sibique
2259 1821 2371 1858 plena-

1353 1867 1400 1896 rie
1417 1867 1600 1897 satisfaciat
1622 1868 1660 1897 de
1677 1870 1819 1906 quatuor
1834 1869 1928 1899 libris·
1955 1873 1983 1899 et
2001 1870 2148 1901 dimidia.
2160 1882 2242 1910 «pias
2260 1882 2371 1903 annua

1352 1919 1411 1948 tim
1435 1920 1581 1950 dominis
1601 1921 1639 1950 de
1656 1921 1774 1951 Trebis
1796 1922 1924 1952 solvere
1940 1924 2123 1959 tenebatur,
2148 1934 2295 1963 quasque
2311 1935 2370 1964 per

1353 1980 1411 2002 sex
1434 1981 1539 2002 annos
1554 1973 1623 2011 jam
1640 1974 1783 2012 elapsos,
1808 1977 1841 2004 ut
1857 1976 1987 2011 dicitur,
2000 1985 2064 2006 non
2078 1978 2369 2017 persolvit,ipsum

1353 2026 1393 2055 ad
1410 2026 1455 2059 id,
1475 2026 1503 2055 si
1531 2034 1666 2056 necesse
1692 2028 1803 2063 suerit,
1822 2037 1880 2066 per
1896 2038 2071 2059 censuram
2096 2031 2368 2065 ecclesiasticam,

1352 2079 1571 2117 appellatione
1595 2081 1789 2119 postposita,
1813 2083 2065 2120 conipesceinlo.
2083 2101 2119 2103 —
2137 2084 2259 2113 Datum
2277 2085 2364 2124 apud

1352 2132 1636 2168 Urbemveterem,
1664 2143 1745 2163 xvni
1770 2134 1930 2164 kalendas
1954 2136 2045 2172 maii,
2064 2145 2151 2166 anno
2172 2138 2328 2168 secundo.
2350 2151 2363 2164 »

1891 2303 2015 2335 Yiterbe,
2034 2305 2065 2330 23
2080 2304 2192 2339 junx-ier
2214 2306 2290 2333 1262.

1421 2303 1492 2333 128

1387 2385 1640 2420 Archiepiscopum
1667 2386 1905 2412 Cantuariensem
1933 2389 2063 2414 bortatur
2090 2391 2119 2414 ut
2142 2389 2360 2416 neeessiintibus

1348 2434 1483 2461 ecelesiae
1504 2436 1649 2461 Romanae
1667 2436 1827 2462 subveniat.
1845 2436 1922 2470 <rnna
1942 2438 1985 2470 27,
2005 2436 2052 2462 sol.
2071 2438 2114 2465 30,
2132 2442 2163 2463 n⁰
2186 2440 2218 2469 l.)

1390 2559 1402 2573 α
1437 2546 1604 2576 Venerabili
1625 2546 1722 2585 fratri
1746 2570 1765 2575 ..

1347 2608 1445 2629 mana
1465 2599 1689 2638 ecclesia‚que
1712 2599 1808 2637 caput
1826 2600 1873 2628 est
1895 2598 2036 2628 aliarum
2058 2601 2088 2630 et
2110 2602 2258 2631 omnium
2280 2601 2359 2632 fide-

1346 2653 1429 2682 lium
1446 2652 1571 2682 Christi
1586 2653 1699 2686 mater,
1718 2653 1852 2690 gravata
1875 2651 2070 2689 jannlndum
2087 2662 2145 2691 pro
2163 2654 2356 2685 defensione

1347 2705 1510 2736 libertatis
1529 2705 1752 2735 ecclesiastice
1769 2713 1804 2734 ac
1824 2705 1952 2743 negotio
1972 2706 2114 2735 maxime
2135 2708 2226 2745 regni
2243 2707 2356 2738 Sicilie

1346 2758 1615 2797 importabilibus
1636 2757 1794 2787 oneribus
1813 2757 2010 2793 debitorum,
2032 2758 2139 2789 felicis
2159 2760 2356 2791 recordatio-

1345 2811 1398 2841 nis
1420 2811 1549 2841 Alexan
1561 2811 1610 2840 lor
1632 2819 1715 2849 papa
1736 2809 2036 2848 IlI[,predecessor
2058 2812 2179 2848 noster,
2204 2814 2355 2844 conside-

1344 2873 1422 2894 rans
1438 2864 1614 2894 ecclesiam
1631 2863 1737 2902 ipsam
1757 2863 1821 2892 nisi
1839 2871 1897 2900 per
1913 2863 2140 2894 membrorum
2159 2867 2188 2895 et
2209 2866 2353 2896 tiliorum

1312 2941 1314 2955 s
1344 2925 1481 2947 suorum
1512 2923 1707 2946 succursum
1736 2915 1767 2945 et
1794 2915 1959 2945 auxilium
1986 2925 2086 2954 posse
2116 2918 2309 2949 nullatenus
2342 2928 2361 2949 a

2185 2968 2200 2991 5

1786 2546 1857 2575 Cll't'li
1863 2547 2012 2585 {episcopii
2038 2547 2264 2578 Cuulnuiffeiisi.
2292 2549 2359 2580 RO—
