2547 3289
1111 266 1324 297 D'URBAIN
1348 267 1406 297 IV.
2260 269 2297 298 85

220 348 378 388 cujuslibet
402 347 526 377 allerias
542 348 671 378 ordinis,
698 359 812 378 necnon.
838 349 969 385 dra-anis,
994 347 1228 382 archidiaconis,

218 401 393 441 prepositis,
412 401 675 441 arclzipresbicemte
701 407 727 431 el
748 402 817 431 aliis
836 401 1026 431 ecclesiarium
1051 400 1179 440 prelatis
1201 406 1228 429 01

218 454 382 483 rectoribus
400 464 434 483 ac
445 454 677 494 preceptoribus
693 464 743 483 seu
761 454 1062 483 admim'stratorihus
1074 453 1229 482 domorum

217 505 389 546 Hospitalis
423 512 449 535 el
486 506 614 546 Templi,
649 518 683 537 ac
724 512 825 536 sande
852 507 948 536 *llario
978 506 1228 536 Tlceutonlrorum

219 560 366 599 exemplis
382 564 408 588 cl
428 570 486 589 non
504 561 660 599 «menimis,
680 560 721 589 ml
737 570 809 600 quos
834 560 932 589 lillere
954 561 1006 589 isle
1023 559 1225 598 pervenerint.

217 612 301 643 Cum
321 612 549 643 venerabIlem
571 613 708 643 tratrem
728 615 880 642 nostrum
895 612 1083 647 Albertum,
1101 611 1228 649 episco-

216 673 296 703 pum
315 666 485 704 quondam
510 666 806 705 Ratisponensem⁷
825 666 935 694 virum
955 665 1071 703 utique
1088 664 1227 702 probate

216 717 295 748 fidei
318 719 349 748 et
367 719 559 748 examinate
578 719 725 752 virtutis,
746 719 779 747 in
800 717 1024 754 Alamaniam,
1054 717 1227 747 Boemiam

215 771 247 801 et
265 771 331 801 alia
352 771 424 801 loca
452 771 493 801 ad
511 780 574 810 que
595 771 710 809 lingua
726 770 919 800 theutonica
937 778 971 799 se
1000 770 1150 799 extendit
1168 779 1227 808 pro

216 823 318 853 Terre
337 824 456 853 Sancte
477 824 621 861 negotIo,
653 824 692 852 de
711 823 854 852 fratrum
873 824 1065 852 nostrorum
1086 822 1227 852 consilio

217 876 413 914 specialiter
427 876 649 912 destinemus,
669 875 926 905 universitatem
949 876 1096 904 vestram
1116 884 1226 905 monc-

216 936 303 965 mus,
324 937 483 967 rogamus
497 929 529 958 et
546 928 720 957 hortamur
738 928 876 964 attente,
891 936 950 966 per
968 927 1154 966 apostoliea
1175 936 1227 957 vo-

215 979 269 1010 bis
287 981 413 1019 scripta
430 981 582 1010 districte
599 980 818 1019 precipiendo
838 981 1048 1015 mandantes,
1067 980 1227 1018 quatinus

215 1032 341 1071 ipsum,
362 1034 465 1063 immo
482 1033 595 1072 potius
617 1042 677 1063 nos
697 1033 731 1063 in
749 1042 798 1069 eo,
827 1032 868 1063 ob
890 1033 1113 1063 reverentiam
1133 1041 1228 1071 apos-

214 1085 315 1116 tolice
331 1086 422 1116 sedis
441 1088 472 1116 et
484 1088 645 1123 nostram,
661 1087 693 1116 in
705 1086 825 1122 eundo⁷
840 1087 1001 1116 morando
1014 1088 1045 1116 et
1058 1086 1226 1118 redeundo

215 1139 442 1177 suscipientes
460 1139 586 1170 honore
606 1139 782 1178 condigno,
812 1139 877 1169 sibi
902 1148 962 1178 pro
980 1148 1027 1175 se,
1049 1139 1226 1169 duodecim

215 1190 419 1228 equitaturis
443 1193 474 1221 et
501 1191 617 1221 decem
634 1193 665 1222 et
684 1194 757 1222 octo
784 1192 940 1230 personis
964 1192 997 1221 in
1024 1190 1226 1221 necessariis

214 1251 344 1272 necnon
371 1243 404 1273 in
431 1252 549 1274 securo
571 1245 737 1274 conductu
759 1245 936 1284 providere
960 1244 1089 1292 curetis
1107 1243 1226 1273 libera-

214 1295 292 1326 liter
316 1297 347 1326 et
369 1296 536 1333 decenter,
564 1297 611 1327 ita
639 1298 727 1336 quod
746 1298 846 1335 idem,
866 1306 967 1336 quem
996 1306 1056 1327 nos
1087 1299 1119 1327 et
1146 1297 1226 1327 dicti

214 1348 347 1385 fratres,
369 1358 428 1380 sue
446 1349 626 1388 probitatis
649 1351 865 1390 exigentibus
884 1351 1027 1387 meritis,
1041 1359 1155 1380 carum
1171 1350 1226 1379 ha-

213 1401 334 1432 bemus
358 1403 594 1442 multipliciter
612 1405 643 1433 et
662 1405 848 1442 acceptum,
868 1413 943 1434 cum
962 1404 1002 1434 ad
1020 1404 1226 1443 presentiam

214 1456 376 1492 nostram,
393 1456 463 1486 Deo
484 1456 594 1490 dante,
615 1457 764 1494 redierit,
795 1457 966 1487 laudabile
986 1457 1095 1496 possit
1116 1458 1225 1486 vestre

214 1508 473 1546 promptitudini
491 1510 725 1539 testimonium
744 1510 932 1548 perhibere,
956 1519 992 1539 ac
1015 1518 1076 1539 nos
1105 1509 1226 1540 exinde

214 1561 353 1590 reddere
372 1561 406 1590 in
425 1562 549 1592 vestris
566 1563 773 1592 utilitatibus
793 1563 1032 1601 promptiores.
1051 1562 1224 1600 Alioquin,

215 1613 402 1643 sententias
421 1623 504 1652 quas
531 1615 603 1653 ipse
629 1624 688 1653 per
707 1624 741 1645 se
762 1616 815 1645 vel
833 1625 892 1654 per
911 1616 996 1645 alios
1022 1616 1084 1645 rite
1110 1615 1226 1645 tulerit

215 1666 249 1695 in
265 1666 420 1703 rebelles⁷
436 1669 526 1697 ratas
536 1667 747 1704 habebimus,
763 1677 886 1707 easque
903 1668 1076 1701 faciemus,
1090 1669 1225 1697 auctore

213 1719 372 1755 Domino,
393 1729 501 1758 nsque
527 1721 566 1750 ad
586 1721 854 1751 satisfactionem
878 1721 1087 1760 condignam,
1113 1721 1225 1759 appel-

213 1771 339 1802 latione
358 1774 497 1809 remota,
510 1773 753 1803 inviolabiliter
771 1773 956 1804 observari.
971 1774 1046 1804 Non
1066 1773 1225 1803 obstanti-

214 1823 277 1855 bus
296 1825 467 1864 aliquibus
491 1827 688 1864 apostolicis
706 1827 897 1865 privilegiis
915 1836 974 1857 seu
993 1827 1224 1865 indulgentiis,

217 1877 280 1907 sub
299 1879 419 1916 (plavis
437 1878 615 1908 verborum
636 1879 744 1909 forma
764 1879 933 1909 concessis
955 1879 1224 1918 spiibuscunupie

216 1930 457 1961 ecclesiasticis
477 1932 666 1969 ordinibus,
683 1933 848 1971 collegiis,
862 1932 1154 1966 univfflsitatibus,
1173 1933 1225 1962 vel

214 1984 382 2022 personis,
403 1985 492 2023 quod
521 1985 783 2021 exeomunicart,
803 1985 964 2023 suspendi
990 1985 1042 2014 vel
1069 1985 1226 2015 interdiei

215 2038 393 2075 nequeant,
414 2046 473 2067 seu
498 2038 538 2067 ad
563 2038 765 2076 prestandas
784 2038 1037 2076 procurationes
1056 2038 1177 2076 legatis
1195 2040 1227 2068 et

215 2089 344 2119 nuntiis
361 2090 453 2120 sedis
467 2091 651 2129 apostolice
666 2091 821 2127 coartari,
835 2091 905 2121 sive
925 2090 1134 2130 quibuslibet
1149 2091 1226 2121 aliis

216 2143 458 2182 cujuscumque
482 2144 610 2174 tenoris
635 2144 794 2178 existant,
827 2153 890 2183 que
921 2144 1026 2173 nullis
1050 2144 1226 2183 suffragari

214 2195 372 2226 volumus
390 2196 425 2226 in
444 2196 503 2226 hac
520 2198 626 2235 parte,
645 2198 677 2227 et
695 2197 874 2235 quibusvis
892 2197 1191 2227 constitutionibus
1210 2206 1227 2227 a

215 2249 514 2287 predecessoribus
540 2250 668 2280 nostris
700 2250 813 2286 editis,
838 2259 898 2280 seu
925 2250 1227 2280 consuetudinibus

217 2301 424 2340 quibuslibet
442 2303 481 2333 de
501 2303 799 2342 procurationibus
811 2303 940 2333 nuntiis
957 2304 1043 2333 dicte
1056 2304 1146 2333 sedis
1165 2303 1227 2333 sub

217 2354 318 2384 certis
334 2355 443 2385 modis
457 2357 489 2386 01
505 2356 757 2386 conditionibus
775 2356 984 2386 exhibendis.
1000 2357 1124 2386 Datum
1140 2357 1227 2395 apud

217 2406 508 2445 Urbemveterem,
528 2418 588 2438 vui
610 2409 686 2439 idus
704 2404 829 2445 martii,
850 2417 936 2439 anno
956 2409 1112 2439 secundo.
1132 2419 1147 2438 »

309 2642 379 2673 311
743 2640 867 2671 Orvieto,
890 2641 918 2667 13
939 2640 1044 2667 sevrier
1062 2641 1142 2670 1263.

253 2743 345 2770 Fratri
370 2743 499 2773 Alberto,
519 2742 654 2777 episcopo
680 2743 824 2777 quondam
847 2743 1055 2777 Ratisponmsi,
1077 2743 1230 2778 legationis

218 2791 348 2819 officium
371 2791 529 2819 committit
556 2792 584 2818 in
607 2791 786 2822 Alemannia,
817 2791 953 2818 Bohemia
975 2792 1135 2827 ceterisque
1160 2792 1229 2820 locis

218 2842 255 2868 ad
271 2849 333 2876 quie
349 2841 446 2875 lingua
462 2840 617 2867 Teutonica
634 2849 662 2867 se
685 2840 823 2872 extendit,
841 2841 876 2867 ad
902 2841 1117 2874 pra-*dicandum
1144 2849 1230 2876 nego-

218 2889 292 2917 tium
307 2889 405 2916 Crucis
421 2898 471 2924 pro
489 2890 583 2916 Terrae
597 2889 707 2916 Sanctae
725 2889 860 2915 subsidio.
880 2889 959 2922 (REG.
975 2891 1020 2921 27,
1036 2889 1082 2917 sol.
1106 2891 1148 2922 85,
1163 2892 1229 2922 ηοξ,

220 2938 379 2970 Pom-ruam,
400 2938 507 2973 18491.)

1331 360 1345 375 <‹
1376 349 1482 378 Fralrz'
1506 349 1640 385 „illies-to,
1665 351 1801 390 episeopo
1832 350 1982 390 quondam
2006 352 2227 391 Ratispom‘nsi.
2248 353 2296 382 De

1291 402 1433 431 suminis
1460 403 1607 432 celorum
1635 403 1797 433 1)(1111111115
1821 405 1942 434 terrani
1968 414 2026 434 sue
2055 405 2242 435 nativitatis
2265 406 2296 435 01

1290 454 1459 491 passionis
1479 455 1658 493 aspiciens,
1679 457 1756 485 dnm
1778 458 2093 495 110151111111111511105
2114 458 2145 487 111
2165 459 2221 487 illa
2242 468 2294 488 va-

1290 506 1348 535 riis
1378 509 1578 544 provocatur
1599 508 1730 545 injuriis
1761 518 1819 539 nec
1850 510 1983 548 exurgit
2010 511 2166 549 populus,
2196 520 2295 549 quem

1290 558 1361 596 ipse
1379 559 1531 595 redemit,
1549 561 1589 589 ad
1612 561 1850 591 vindic-andum
1871 563 1987 592 13111015
2007 563 2236 601 obprobrium,
2254 573 2293 593 ex

1289 619 1325 639 00
1344 611 1501 648 precipue
1529 621 1591 640 non
1623 612 1881 643 11111110111111111111
1916 615 2119 644 111111111010111
2156 625 2292 646 suorum

1288 663 1465 692 vulnerum
1483 666 1724 703 reputatnpujd
1744 666 2292 707 1001151110511111’11551111115,11111110

1289 715 1401 753 ipsum
1433 716 1493 745 celi
1526 726 1637 755 regem
1669 718 1760 755 virgo
1793 728 1958 756 puerpera
1992 721 2117 756 «genuit,
2140 722 2294 751 continue

1289 768 1479 798 vexationis
1498 769 1646 798 lassatur
1669 771 1835 808 angustiis
1858 773 1887 800 01
1915 773 2117 802 511000551115
2141 774 2294 803 dissi-liis

1288 820 1467 854 laceratur,
1502 830 1588 851 nunc
1612 822 1643 850 in
1665 822 1757 851 illum
1782 826 1988 853 sarracenica
2015 825 2144 854 furente
2173 827 2293 855 sevitia

1290 882 1375 903 1111111·
1404 874 1435 902 111
1463 874 1604 903 eundem
1630 874 1982 906 1111011511111111111111110
2007 878 2293 913 'saltarit-i,sexui

1289 926 1341 956 vel
1359 926 1439 956 etati
1458 935 1594 964 parcere
1612 928 1737 964 nescia,
1756 928 1915 959 seviente.
1935 930 1983 959 >ol
2004 930 2062 959 hoe
2084 931 2173 959 0111111
2193 931 2295 969 preci-

1289 988 1352 1017 pue
1370 979 1516 1009 filiorum
1532 980 1617 1009 lucis
1635 980 1775 1011 intentio
1791 982 1948 1016 residere,
1961 983 2047 1012 circa
2060 983 2092 1012 id
2110 992 2225 1013 eorum
2244 984 2296 1014 dc-

1288 1031 1366 1062 bent
1384 1032 1520 1062 assiduo
1542 1033 1669 1062 revolvi
1690 1034 1865 1071 precordia
1881 1036 1912 1064 et
1941 1035 2135 1065 sollicitudo
2154 1037 2293 1073 versari,

1288 1085 1323 1114 ut
1342 1085 1437 1114 illius
1457 1086 1556 1121 terre,
1577 1094 1676 1124 quam
1698 1086 1729 1115 in
1761 1086 1981 1117 1101011111110111
2003 1088 2068 1117 sibi
2095 1090 2154 1118 Dei
2186 1089 2295 1118 Filias

1288 1138 1462 1177 preelegit,
1478 1138 1770 1169 abhominationes
1787 1140 1922 1178 expiare
1939 1142 2100 1171 conentur
2118 1143 2149 1171 et
2167 1142 2294 1180 potenti

1288 1199 1388 1220 manu
1407 1191 1566 1221 resistere
1584 1192 1814 1230 polluentibus
1843 1193 1950 1231 ipsam
1970 1193 2050 1223 filiis
2068 1194 2292 1224 tenebrarum.

1287 1245 1356 1274 Nec
1373 1244 1524 1282 profecto
1549 1244 1760 1275 dissimulari
1786 1254 1850 1275 non
1874 1246 1995 1276 debent
2019 1247 2071 1276 vel
2090 1246 2220 1276 obtusis
2239 1256 2294 1277 au-

1289 1296 1383 1326 ribus
1399 1297 1568 1335 preteriri,
1582 1306 1620 1327 110
1637 1298 1829 1336 redemptor
1845 1299 1959 1328 noster
1973 1300 2089 1329 cuncta
2102 1300 2294 1338 providens,

1288 1349 1360 1379 falli
1376 1350 1523 1384 nescius⁷
1544 1350 1799 1389 ingratitudinis
1821 1352 1902 1381 vitio
1928 1352 2119 1390 redemptos
2145 1352 2297 1383 laborare

1288 1403 1510 1441 comperiens,
1532 1403 1572 1433 ab
1596 1404 1645 1433 eis
1670 1404 1789 1433 faeiem
1808 1406 1913 1434 iratus
1941 1406 2079 1441 avertat⁷
2099 1414 2223 1444 eosque
2246 1415 2297 1435 ve*

1288 1455 1337 1485 lut
1369 1456 1526 1494 indignos
1559 1458 1697 1494 paterna
1730 1458 1838 1495 gratia
1868 1458 2089 1496 derelinquat.
2121 1459 2196 1488 Non
2230 1459 2297 1488 sint

1288 1508 1391 1547 igitur
1408 1509 1469 1538 tilii
1495 1509 1685 1539 ‹lrwotitniis
1705 1510 1921 1540 immemores
1945 1511 2033 1549 quod
2051 1511 2122 1549 ipse
2144 1512 2296 1541 Christus

1288 1561 1321 1591 in
1340 1563 1428 1591 terra
1446 1562 1504 1591 illa
1520 1562 1552 1591 in
1572 1562 1677 1592 fornia
1693 1563 1781 1592 servi
1799 1572 1932 1593 carnem
1950 1565 2062 1593 nostre
2080 1564 2296 1594 mortalitatis

1288 1614 1437 1650 imlutus,
1458 1615 1656 1644 111-1101511011
1672 1616 1792 1645 metuit
1806 1615 1919 1645 subire
1940 1618 2146 1646 tormentum
2159 1620 2193 1646 ut
2210 1626 2293 1646 mor-

1287 1668 1353 1696 tem
1370 1668 1520 1696 nostram
1534 1668 1706 1697 moriendo
1725 1669 1914 1698 destrueret
1927 1670 1958 1699 et
1971 1669 2073 1699 vitam
2091 1670 2294 1708 resurgendo

1287 1719 1443 1749 fidelibus
1473 1722 1655 1758 repararet.
1690 1721 1881 1756 Quesumus
1911 1722 2089 1760 diligenter
2123 1723 2294 1752 attendant

1286 1773 1431 1811 qualiter
1465 1773 1523 1802 illa
1541 1773 1747 1803 miserabilis
1780 1774 1871 1813 regio
1896 1775 2055 1813 depressa
2080 1775 2178 1813 jacet,
2211 1775 2295 1804 diris

1287 1826 1479 1864 angustiata
1506 1827 1660 1864 flagellis,
1689 1827 1989 1866 1111011111ιο1111011111
2012 1828 2119 1866 pestis
2137 1828 2295 1858 tartarica

1287 1879 1494 1917 supervenit,
1516 1879 1611 1917 cujlis
1634 1880 1725 1909 tanto
1751 1880 1863 1917 potius
1883 1880 2044 1909 nimirum
2059 1880 2162 1910 futuri
2181 1881 2294 1910 vicini-

1288 1940 1351 1969 que
1369 1931 1596 1961 formidantur
1614 1932 1780 1968 ineursus,
1801 1934 1924 1970 quanto
1952 1933 2088 1971 gravius
2112 1934 2168 1963 ille
2196 1943 2296 1963 sevus

1288 1985 1319 2013 et
1337 1984 1567 2022 dampnabilis
1579 1985 1797 2014 Tartarorum
1812 1985 1958 2023 populus
1970 1987 2105 2022 terram,
2119 1995 2219 2024 quam
2237 1996 2295 2016 sue

1289 2036 1431 2075 subjecit
1450 2037 1618 2072 serr1tuti,
1638 2037 1911 2067 intolerabilibus
1933 2039 2167 2068 exactionibus
2186 2039 2296 2077 oppri-

1288 2098 1395 2125 mens,
1419 2090 1466 2119 sic
1487 2089 1581 2119 1111115
1606 2090 1734 2119 incolas
1754 2092 1887 2129 torquet
1906 2091 2099 2121 immaniter
2125 2093 2156 2121 et
2178 2092 2297 2131 at‘tligit

1289 2142 1378 2182 quod
1395 2143 1552 2181 degentes
1570 2142 1632 2172 sub
1653 2152 1768 2173 eorum
1785 2143 2000 2182 tirampni‹le‚
2012 2143 2173 2174 libentius
2191 2146 2296 2174 metas

1288 2195 1408 2225 mortis
1424 2195 1585 2234 eligerent
1601 2205 1701 2234 quam
1716 2196 1763 2226 sie
1776 2197 1929 2233 vivendo,
1945 2198 2037 2227 tanta
2053 2197 2164 2227 subire
2176 2206 2298 2235 genera

1288 2248 1544 2278 tormentorum.
1564 2249 1738 2287 Exurgant
1759 2249 1869 2288 itaque
1888 2249 1963 2279 fidei
1989 2250 2152 2280 zelatores
2176 2251 2217 2280 ad
2244 2251 2297 2281 de-

1290 2301 1477 2331 fensionem
1498 2302 1585 2331 dicte
1616 2302 1775 2340 regionis,
1803 2302 1952 2340 ejusdem
1971 2302 2194 2340 redemptoris
2214 2312 2297 2333 mai-

1288 2354 1367 2384 tirio
1385 2356 1588 2391 consecrate,
1607 2363 1666 2384 nee
1682 2355 1722 2384 ad
1739 2355 1771 2383 id
1789 2356 1957 2393 tepescant
1981 2364 2095 2385 eorum
2114 2355 2217 2385 animi
2239 2356 2297 2386 sed

1289 2406 1497 2437 ferventibus
1523 2407 1703 2437 desideriis
1736 2408 1970 2437 accemlantur.
2002 2408 2073 2437 Hoc
2101 2408 2191 2438 enim
2224 2409 2296 2447 ipse

1288 2460 1351 2489 Dei
1376 2459 1486 2490 Filius
1503 2460 1589 2490 inter
1604 2461 1712 2490 cetera
1728 2460 1956 2490 solicitudinis
1979 2459 2124 2490 humane
2158 2461 2298 2491 servitia

1288 2512 1521 2551 gratissimum
1538 2514 1670 2551 reputat
1687 2514 1717 2543 et
1737 2512 1777 2542 ob
1791 2513 1825 2542 id
1842 2513 1899 2543 ille
1916 2513 2069 2551 rependit
2087 2514 2216 2552 premia
2233 2522 2296 2552 que

1289 2565 1523 2603 principaliter
1535 2566 1688 2596 affectare
1702 2565 1862 2595 debemus
1879 2567 1910 2595 et
1928 2566 2052 2604 petere,
2066 2566 2144 2595 (111111
2159 2566 2193 2595 111
2209 2566 2296 2596 valle

1289 2618 1392 2656 positi
1423 2619 1592 2657 presentis
1626 2618 1774 2654 miserie,
1798 2618 1928 2648 indulta
1956 2617 2054 2648 nobis
2084 2619 2296 2648 excurrimus

1289 2672 1442 2710 tempora
1468 2671 1654 2701 servitutis,

1329 2724 1412 2754 Cum
1443 2724 1546 2763 igitur
1572 2724 1611 2754 de
1642 2725 1684 2760 te,
1719 2732 1818 2762 quem
1847 2723 1968 2753 habere
2000 2724 2169 2754 eredimus
2199 2725 2297 2754 timo-

1290 2785 1361 2806 rem
1379 2777 1515 2807 Domini
1533 2778 1564 2807 et
1587 2786 1747 2811 amorem,
1774 2777 1897 2815 quique
1925 2777 2172 2815 multiplicibus
2200 2777 2297 2807 donis

1290 2829 1454 2859 virtutum
1486 2830 1649 2868 preditus,
1676 2829 1891 2859 lalulabiliter
1922 2829 1989 2859 5015
2017 2831 2049 2860 et
2083 2830 2174 2860 vales
2201 2830 2297 2869 profi-

1290 2890 1363 2912 cere
1378 2881 1435 2912 ubi
1450 2882 1582 2912 labores
1607 2882 1787 2920 impendis,
1815 2890 1971 2920 magnam
1990 2882 2024 2911 in
2047 2882 2192 2913 Domino
2214 2883 2298 2913 lidu-

1291 2935 1377 2965 ciam
1399 2934 1594 2971 habeamus,
1617 2935 1790 2973 sperantes
1820 2935 1856 2964 ut
1892 2934 1925 2963 in
1959 2936 2194 2974 prosecutione
2226 2944 2298 2975 pre-
