2547 3289
1022 238 1263 276 TROISIEME
1291 246 1381 275 ANN
1388 239 1455 276 EE.

192 327 291 362 tram,
317 327 405 357 fama
433 327 599 357 clamante
624 328 655 356 et
684 325 831 355 clamore
857 325 1064 359 diffamante,
1089 335 1203 364 perve-

192 380 241 410 nit
267 380 357 418 quod
391 379 583 410 Lundensis
599 379 753 414 ecclesia,
775 387 840 417 que
866 378 947 408 olim
971 380 1203 417 spiritualium

193 433 464 471 augmentatione
482 432 647 462 bonorum
673 433 705 461 et
723 431 963 469 temporalium
983 434 1205 462 consueverat

192 485 345 516 ubertate
367 486 496 520 florere,
521 485 562 514 ad
580 484 678 514 illum
710 484 780 522 jam
817 484 1045 515 miserabilem
1065 487 1203 521 statum,

191 539 260 569 tuis
288 538 498 577 temporibus
531 546 588 575 per
612 539 705 567 tuam
730 537 897 567 malitiam
929 537 1203 577 superbiamque,

192 592 326 622 devenit
353 591 452 630 quod,
484 591 550 620 nisi
575 599 634 628 per
655 590 841 628 apostolice
859 591 950 620 sedis
973 591 1154 621 consilium
1173 593 1205 621 et

191 645 358 674 auxilium
376 644 533 674 celeriter
551 646 778 674 succurratur.
799 644 857 673 vix
880 644 1011 674 adicere
1029 645 1151 683 poterit
1169 645 1205 674 ut

190 700 354 736 resurgat,
374 706 449 727 cum
468 697 502 726 in
520 696 760 735 spiritualibus
771 697 869 735 quasi
884 697 1021 727 omnino
1039 698 1204 727 corruerit

192 753 223 781 et
242 751 276 780 in
292 749 538 788 temporalibus
561 750 634 788 ejus
658 749 873 786 substantiis,
895 759 1038 789 quarum
1065 759 1204 789 proven-

191 806 258 837 tus,
293 803 350 842 qui
381 812 441 833 sex
472 803 568 833 milia
599 811 788 833 marcarum
822 803 1064 842 sterlingorum
1095 804 1206 834 valere

193 858 436 887 consueverant
456 856 643 892 annuatim,
677 858 811 886 centum
840 865 970 886 marcas
995 857 1036 887 ad
1067 865 1207 895 presens

192 911 249 940 vix
266 910 378 940 valere
396 910 566 946 dicuntur,
586 910 657 940 lesa
675 911 859 940 enormiter
877 913 908 940 et
927 910 1206 949 irreparabiliter,
1238 922 1239 927 ¹

192 964 338 1002 quodam
361 963 461 993 modo
490 963 533 993 sit
552 963 714 1002 collapsa.
739 964 862 994 Fertur
884 964 985 994 etiam
1007 964 1108 1003 quod,
1130 964 1206 994 licet

192 1016 280 1046 clare
298 1016 461 1046 memorie
477 1015 700 1051 ChristoforQ
717 1017 787 1056 regi
804 1017 918 1052 Dacie,
935 1017 1120 1047 secundum
1138 1026 1207 1047 mo-

190 1078 261 1100 rem
286 1071 318 1100 et
344 1070 627 1100 consuetudinem
648 1070 743 1109 regni
772 1070 837 1106 sui,
866 1070 985 1109 ligium
1012 1071 1207 1109 homagium

190 1123 324 1158 feceris,
343 1126 375 1153 et
392 1131 495 1162 super
514 1123 767 1153 Eucharistiam
785 1125 816 1153 et
843 1123 974 1162 lignum
993 1132 1070 1154 vere
1089 1124 1207 1154 Crucis

190 1176 224 1206 in
248 1184 315 1214 qua
333 1176 427 1206 salus
446 1178 562 1206 nostra
578 1176 750 1214 pependit,
767 1178 799 1206 et
815 1176 883 1206 alia
898 1178 1014 1207 sancta
1032 1177 1207 1207 fidelitatis

190 1229 382 1268 prestiteris
402 1229 655 1268 juramentum3
681 1231 716 1260 tu
740 1232 865 1263 tamen,
886 1230 1071 1268 juramenti
1092 1230 1206 1269 11111115-

190 1283 281 1312 modi
302 1282 466 1321 religione
485 1284 689 1321 contempta,
713 1283 748 1312 in
769 1283 896 1313 crimen
918 1283 988 1313 lese
1016 1283 1207 1322 majestatis

190 1336 339 1366 incidere
349 1344 415 1366 non
425 1335 625 1371 formidans,
634 1336 921 1374 conspirationem
936 1338 1052 1366 contra
1063 1337 1207 1367 eundem

191 1398 303 1428 regem
323 1389 443 1424 facere,
463 1391 563 1428 teque
584 1397 660 1419 cum
684 1389 881 1428 potentibus
899 1390 1097 1420 eorumdem
1117 1391 1207 1429 regis

191 1444 223 1473 et
237 1443 331 1481 regni
347 1442 515 1478 hostibus,
532 1451 617 1481 quos
629 1442 749 1481 juvisti
762 1443 962 1481 multotiens
982 1443 1017 1473 in
1031 1444 1204 1483 expensis,

191 1495 408 1526 confederare
429 1495 615 1534 proditorie
638 1496 881 1534 presumpsisti
901 1498 944 1529 et,
964 1497 1115 1527 exercitu
1134 1505 1208 1527 con-

191 1550 338 1588 gregato,
352 1549 534 1584 Andr-eam,
555 1548 694 1578 fratrem
706 1550 815 1584 tuum,
833 1557 907 1578 cum
924 1549 1031 1579 nobili
1048 1550 1120 1579 viro
1133 1550 1208 1580 Jur-

193 1611 297 1637 maro,
317 1602 469 1640 principe
488 1601 710 1637 Ruianorum,
727 1602 769 1631 ad
782 1602 930 1632 insulam
945 1603 1087 1641 predicti
1103 1603 1204 1642 regis,

192 1664 255 1694 que
279 1657 415 1685 vocatur
437 1654 648 1689 Borendlzolm,
676 1655 777 1685 sitam
806 1655 840 1684 in
866 1656 1039 1685 Lundensi
1065 1656 1205 1691 diosesi‚

193 1708 256 1738 sub
273 1709 342 1738 tuis
362 1708 557 1747 sumptibus
584 1708 777 1738 destinasti.
804 1708 861 1738 ubi
880 1709 967 1739 circa
984 1709 1146 1739 ducentos
1167 1709 1206 1740 de

192 1761 388 1791 hominibus
408 1762 517 1800 ipsius
546 1762 636 1801 regis
652 1762 857 1800 procurasti,
873 1762 961 1792 sicut
979 1763 1114 1795 dicitur,
1134 1771 1206 1792 cru-

191 1815 313 1845 deliter
342 1816 517 1850 trucidari,
551 1815 716 1845 talliando
744 1815 900 1845 residuos
930 1816 1083 1854 ejtisdem
1116 1817 1205 1855 regis

191 1869 357 1903 homines,
370 1870 511 1907 eiusque
526 1870 675 1898 castrum
690 1868 817 1898 ibidem
833 1868 985 1898 funditus
1001 1869 1205 1899 destruendo

181 1923 223 1951 et
242 1921 433 1960 occupando
451 1930 488 1951 ac
511 1921 692 1951 detinendo
714 1921 820 1951 adhuc
845 1924 1041 1960 occupatam
1065 1923 1205 1952 eandem

180 1975 338 2004 insulam
355 1975 532 2008 violenter,
549 1975 584 2004 in
600 1974 826 2013 plurimorum
850 1975 1048 2005 scandalum
1069 1978 1099 2005 et
1115 1976 1204 2014 regie

191 2028 366 2066 dignitatis
383 2028 609 2066 prejudicium
626 2028 657 2057 et
683 2036 882 2066 gravameng
903 2030 933 2058 et
955 2030 1128 2067 tamquam
1149 2029 1206 2059 ille

191 2082 260 2120 qui,
281 2090 356 2111 cum
378 2081 598 2117 malefecerit,
624 2081 800 2120 gloriatur,
830 2081 963 2120 publice
994 2090 1058 2111 non
1078 2083 1206 2112 vereris

2219 254 2278 284 273

1266 326 1458 358 inhibuisse
1479 330 1655 364 assereris,
1676 339 1714 360 ne
1735 331 1812 369 quis
1830 341 1906 362 eum
1930 341 2090 363 coronare
2108 336 2163 364 aut
2188 344 2279 365 coro-

1265 380 1392 410 nationi
1409 381 1482 419 ejus
1499 386 1706 419 presumeret
1726 386 1906 420 interesse:
1926 394 1985 416 nec
2003 386 2070 416 hiis
2087 390 2275 423 contentus,

1265 433 1299 462 111
1317 434 1461 463 eundem
1493 435 1642 466 Ericum,
1664 445 1773 473 regem
1800 441 1995 469 coronatum
2029 448 2088 478 per
2115 440 2193 471 illos
2219 442 2276 480 qni

1265 485 1324 515 hoc
1345 486 1453 516 tacere
1483 490 1676 525 potuerunt.
1704 498 1830 519 necnsin
1859 494 1889 521 et
1915 495 2131 523 coronatores
2157 493 2276 532 ipsius,

1266 541 1339 577 post
1359 540 1622 578 appellationem
1656 541 1842 579 legitimam
1869 545 1909 573 ab
1941 545 1990 575 eis
2025 554 2127 585 super
2152 546 2213 577 hoc
2237 547 2277 577 ad

1266 592 1379 622 sedem
1412 593 1633 630 apostolicam
1667 595 1887 633 interjectam,
1914 600 2277 631 excommunicationis

1266 644 1305 674 de
1326 644 1412 675 facto
1429 646 1602 684 protulisti
1620 648 1834 683 sententiam,
1855 653 1883 679 ct
1903 653 2214 683 excommunicatos
2236 653 2279 683 t‘e-

1266 697 1342 727 cisti
1371 698 1506 736 publice
1538 700 1699 730 nuntiari.
1731 704 1882 740 Cumque
1913 705 2083 741 predictus
2104 706 2223 736 Ericus
2246 709 2278 737 et

1267 751 1443 781 carissima
1462 752 1494 781 in
1518 752 1653 783 Christo
1680 753 1749 783 filia
1770 758 1887 785 nostra
1910 757 2103 793 Margarita,
2131 759 2278 789 illustris

1267 805 1383 843 regina
1400 805 1514 841 Dacie‚
1546 809 1653 836 mater
1679 816 1751 839 sua,
1774 816 1810 837 ac
1838 809 2043 840 venerabilis
2078 811 2179 841 trater
2202 821 2278 842 nos-

1268 859 1355 893 ter..,
1376 858 1612 888 Sleswicensis
1633 860 1824 898 episcopus,
1850 861 1993 892 fuissent
2014 863 2053 892 ab
2071 874 2187 894 eorum
2204 865 2277 895 hos-

1267 910 1359 940 tibus
1390 912 1561 949 captivati.
1583 914 1618 942 tu
1649 913 1689 942 ad
1709 916 1869 946 castrum.
1890 915 1923 944 in
1949 924 2014 953 quo
2046 917 2147 947 iidem
2170 927 2228 947 rex
2247 920 2279 948 et

1269 964 1449 1002 episcopus
1477 965 1549 995 sine
1578 965 1724 995 vinculis
1752 967 1964 1003 tenebantur,
1990 971 2021 998 te
2055 971 2280 1007 personaliter

1238 1030 1239 1036 1
1269 1016 1457 1049 conferens.
1478 1019 1667 1056 procurasti
1680 1020 1807 1055 statim,
1824 1022 1911 1059 quod
1929 1024 1960 1051 te
1972 1031 2037 1052 non
2050 1023 2173 1059 decuit,
2191 1025 2280 1062 quod

1268 1069 1379 1100 dictus
1400 1071 1579 1109 episcopus
1600 1072 1751 1102 cathenis
1782 1073 1903 1103 ferreis
1929 1075 2103 1113 ligaretur,
2129 1086 2165 1106 ac
2189 1077 2281 1107 nobi-

1268 1122 1334 1153 lem
1360 1124 1537 1154 mulierem
1569 1125 1772 1161 Mattildam,
1797 1126 1951 1157 relictam
1986 1129 2155 1166 quondam
2182 1130 2280 1167 Abel,

1269 1176 1326 1214 qui
1345 1185 1404 1215 pro
1428 1178 1525 1207 Datie
1552 1186 1628 1217 rege
1653 1187 1688 1208 se
1710 1179 1828 1218 gessit,
1855 1189 1918 1218 que
1941 1181 1998 1210 diu
2022 1184 2095 1211 ante
2115 1183 2148 1212 in
2176 1184 2282 1213 mani-

1268 1229 1331 1259 bus
1348 1230 1554 1260 venerabilis
1577 1231 1692 1261 fratris
1717 1233 1864 1267 nostri..‚
1885 1233 2102 1265 Otheniensis
2117 1236 2280 1275 episcopi,

1270 1286 1381 1312 votum
1402 1286 1563 1322 perpetue
1586 1285 1754 1315 castitatis
1779 1287 1952 1323 emiserat,
1983 1288 2066 1318 adeo
2095 1289 2281 1320 circumve-

1270 1336 1341 1366 nire
1362 1346 1398 1366 ac
1416 1337 1574 1367 inducere
1599 1347 1664 1368 non
1682 1347 1717 1368 es
1737 1340 1878 1373 veritus,
1908 1341 1996 1378 quod
2026 1341 2094 1377 illa,
2114 1342 2220 1372 fracto
2251 1344 2283 1373 et

1269 1390 1459 1427 postposito
1489 1391 1694 1421 continentie
1718 1394 1807 1428 voto,
1839 1393 1880 1422 ad
1912 1393 2000 1432 quod
2033 1394 2282 1425 observandum

1269 1442 1341 1481 ejus
1370 1443 1588 1474 corroborare
1614 1444 1765 1474 animum
1797 1445 1987 1483 debuisses,
2023 1447 2129 1477 nobili
2169 1449 2281 1485 viro..‚

1237 1493 1239 1539 J
1268 1495 1344 1525 duci
1362 1496 1496 1531 Swetie,
1525 1506 1560 1527 se
1584 1498 1883 1529 matrimonialiter
1897 1500 2080 1538 copulavit,
2107 1502 2196 1539 quod
2215 1511 2281 1532 non

1236 2068 1238 2134 1

192 2143 343 2164 asserere
362 2134 452 2173 quod
470 2135 510 2164 de
529 2135 688 2164 mandato
705 2136 763 2164 tuo
783 2134 909 2164 fuerint
927 2134 986 2164 hec
1003 2136 1116 2165 onmia
1134 2145 1206 2174 per·
1236 2142 1237 2148 ¹

191 2189 332 2226 petrata.
369 2187 501 2217 Dicitur
527 2187 628 2217 etiam
648 2187 749 2226 quod,
768 2195 842 2217 cum
871 2190 907 2218 tu
937 2188 1152 2218 carissimum
1173 2189 1205 2218 in

193 2240 327 2270 Christo
361 2240 470 2270 tilium
501 2242 655 2270 nostrum
690 2240 839 2276 Ericum,
865 2240 1036 2270 illustrem
1059 2243 1066 2261 ¹
1093 2249 1205 2280 regem

192 2293 305 2329 Dacie,
326 2293 466 2331 predicti
490 2293 694 2324 Christofori
720 2294 810 2333 regis
836 2293 956 2328 tilium,
975 2303 1050 2324 cum
1084 2295 1205 2325 ceteris

194 2346 345 2384 ejusdem
363 2347 455 2385 regni
472 2346 693 2385 optimatibus
714 2349 744 2377 et
762 2347 958 2386 proceribus
983 2347 1150 2386 elegisses
1172 2349 1204 2378 in

193 2407 319 2437 regem,
336 2399 563 2437 postmodum,
582 2402 697 2430 contra
716 2400 909 2439 homagium
929 2403 959 2430 et
975 2401 1204 2439 juramentum

194 2451 379 2486 fidelitatis,
408 2452 496 2490 quod
524 2452 634 2482 eidem
663 2453 874 2491 prestiteras,
897 2455 1023 2483 temere
1057 2454 1204 2484 veniens.

193 2505 363 2534 hostiliter
381 2505 572 2543 opposuisti
597 2508 629 2535 te
656 2505 717 2542 illi,
745 2506 886 2536 dicendo
907 2507 1019 2544 ipsum
1048 2515 1113 2537 non
1131 2516 1205 2537 esse

194 2566 305 2597 regem
323 2566 382 2587 nec
401 2566 476 2588 esse
494 2557 626 2593 debere,
648 2567 685 2588 ac
710 2559 853 2589 nolendo
872 2560 945 2598 eJus
963 2560 1136 2598 imponere
1155 2569 1206 2590 ca·
1236 2557 1237 2566 ¹

194 2611 269 2650 piti,
301 2613 399 2649 prout
433 2611 473 2640 ad
510 2613 542 2640 te
570 2611 715 2649 pertinet
759 2614 790 2642 et
820 2612 951 2650 pridem
984 2613 1203 2651 promiseras,

193 2664 322 2702 regium
337 2663 508 2698 diadema,
522 2666 566 2699 et,
578 2666 611 2693 ut
630 2664 876 2702 promotionem
886 2665 959 2703 eJus
978 2666 1206 2703 perniciosius

192 2717 377 2755 impedires
396 2718 427 2747 et
453 2717 566 2755 ipsum
584 2726 602 2746 a
625 2717 719 2756 regni
745 2717 959 2747 successione
991 2719 1126 2749 ommno
1151 2728 1206 2749 ex-

193 2770 359 2805 cluderes,
380 2770 414 2799 in
433 2778 533 2809 grave
547 2770 658 2808 ipsius
675 2770 764 2809 regis
783 2772 815 2800 et
833 2770 938 2800 totius
957 2772 1051 2809 regni
1067 2772 1204 2801 scanda-

194 2824 277 2860 lum,
295 2823 458 2853 statuisse
483 2832 518 2853 ac
544 2832 603 2862 per
619 2823 978 2854 excommunicationis
1003 2825 1205 2855 sententiam

198 2955 200 2957 -
226 2940 248 2963 1.
266 2939 367 2970 Ajoute
386 2947 418 2963 en
437 2947 542 2971 niarge.

320 2994 458 3021 Uaaaxx
482 2994 535 3027 IV,
557 2996 578 3020 t.
600 2993 639 3025 ΙΙ,
662 2994 726 3027 Rey.
747 2993 806 3019 ord.

1269 1548 1310 1578 ob
1328 1549 1420 1578 aliud
1443 1551 1645 1588 procurasti,
1665 1551 1731 1581 nisi
1755 1554 1791 1582 ut
1807 1553 1925 1582 ducem
1946 1553 2058 1592 ipsum
2074 1557 2189 1584 contra
2207 1564 2280 1593 pro-

1268 1602 1376 1632 dictos
1396 1611 1507 1641 regem
1527 1606 1557 1633 et
1579 1612 1720 1642 regnum
1739 1605 1841 1635 Dacie
1870 1614 2083 1644 provocares.
2106 1608 2184 1637 Alia
2198 1617 2277 1646 quo-

1269 1664 1332 1693 que
1349 1655 1527 1686 innumera
1544 1658 1812 1694 persecutiorum
1830 1667 1953 1697 genera
1978 1662 2091 1690 contra
2114 1661 2278 1699 reginam,

1268 1717 1380 1747 regem
1406 1718 1613 1748 regnumque
1633 1711 1795 1748 predicta,
1822 1720 1914 1742 more
1934 1714 2118 1751 tyrampni,
2146 1715 2281 1753 attemp-

1267 1762 1347 1791 tasti
1366 1762 1527 1792 hactenus
1546 1765 1577 1792 et
1597 1765 1797 1802 attemptare
1814 1773 1880 1794 non
1898 1765 2038 1802 desinis,
2057 1775 2120 1805 que
2143 1767 2281 1806 longum

1268 1818 1356 1844 essct
1369 1816 1587 1854 singulariter
1605 1824 1775 1853 enarrare,
1795 1819 1825 1847 et
1847 1827 1905 1856 per
1923 1827 1986 1857 que
2010 1828 2076 1849 non
2099 1820 2209 1850 solum
2227 1830 2279 1851 eo-

1268 1869 1419 1898 rumdem
1444 1869 1570 1907 regine,
1598 1870 1686 1908 regis
1705 1872 1736 1900 et
1749 1871 1856 1909 regni,
1875 1880 1991 1901 verum
2010 1873 2110 1902 etiam
2130 1873 2281 1912 indigna-

1267 1921 1393 1951 tionem
1428 1922 1490 1952 Dei
1525 1923 1768 1960 omnipotentis
1796 1924 1985 1954 dinosceris
2016 1925 2219 1962 incurrisse,
2249 1929 2281 1957 et

1267 1975 1398 2004 utinam
1423 1975 1677 2012 persecutiones
1702 1976 1895 2015 hujusmodi
1919 1978 1953 2007 in
1977 1981 2076 2017 caput
2094 1981 2191 2009 tuum
2212 1982 2280 2010 tan-

1267 2028 1454 2063 tummodo,
1479 2030 1510 2058 et
1529 2037 1593 2058 non
1619 2029 1652 2058 in
1681 2031 1923 2060 exterminium
1955 2032 2103 2069 predicte
2125 2033 2278 2069 ecclesie,

1268 2090 1332 2119 que
1350 2081 1444 2119 gravi
1476 2082 1572 2111 ruine
1603 2085 1741 2120 propter
1765 2083 1825 2113 hoc
1849 2083 2011 2122 subjacet,
2040 2085 2278 2117 redundarent.

1307 2134 1477 2165 Preterea.
1505 2136 1601 2173 quasi
1621 2145 1738 2174 parum
1762 2136 1823 2166 tibi
1843 2138 2011 2167 sufficeret
2032 2139 2121 2177 quod
2136 2141 2281 2170 terrenis

1267 2188 1404 2227 regibus
1438 2197 1473 2218 es
1508 2190 1682 2220 molestus.
1718 2191 1907 2229 apposuisti
1935 2192 2036 2222 etiam
2067 2201 2142 2223 esse
2167 2195 2280 2232 gravis

1268 2243 1336 2280 regi
1367 2242 1494 2272 celesti.
1527 2251 1586 2280 per
1617 2252 1716 2281 quem
1746 2253 1841 2282 reges
1872 2247 2012 2283 regnant
2045 2248 2076 2276 et
2110 2247 2280 2285 principes

1267 2295 1512 2333 principantur=
1531 2296 1609 2325 dum
1628 2297 1771 2326 orationi
1799 2298 1975 2327 Dominice
2006 2307 2104 2337 quam
2125 2299 2279 2330 Christus

1267 2349 1339 2387 ipse
1359 2349 1559 2387 composuit,
1588 2351 1618 2378 et
1642 2349 1809 2387 symbolo,
1832 2351 1920 2388 quod
1940 2353 2129 2382 veneranda
2153 2355 2184 2383 et
2204 2362 2277 2391 pro-

1268 2402 1343 2431 vida
1368 2402 1584 2440 antiquorum
1605 2406 1797 2432 sanctorum
1829 2406 1962 2442 patrum
1988 2406 2182 2441 auctoritas,
2203 2415 2278 2436 cum

1267 2454 1373 2484 multa
1406 2455 1599 2484 maturitate
1635 2464 1670 2485 ac
1705 2456 1900 2491 attentione,
1937 2458 1976 2486 ad
2003 2458 2226 2489 eruditionem
2247 2461 2279 2490 et

1268 2508 1524 2537 instructionem
1539 2508 1700 2537 tideliiun.
1718 2509 1908 2546 compilavit
1923 2510 1997 2539 etin
2012 2519 2077 2548 quo
2090 2511 2191 2541 etiam
2208 2514 2278 2543 tota

1267 2561 1344 2590 fidei
1379 2560 1540 2590 catholice
1569 2560 1735 2598 professio
1767 2564 1966 2598 continetur,
1995 2572 2059 2592 non
2087 2574 2122 2593 es
2149 2566 2278 2596 veritus

1267 2614 1429 2652 quasdam
1449 2614 1686 2648 correctiones,
1708 2614 1810 2643 11111110
1826 2615 1940 2644 verius
1958 2617 2192 2654 corruptiones
2221 2627 2278 2657 ap—

1267 2675 1402 2704 ponere.
1428 2669 1456 2695 et
1489 2666 1590 2704 Quod
1623 2668 1671 2695 est
1705 2667 1724 2695 d
1737 2666 1972 2705 nnpnabiliusi
2001 2670 2194 2700 sacerdotes
2221 2674 2277 2701 tue

1267 2718 1421 2752 diocesis,
1440 2718 1495 2756 qui
1515 2721 1590 2747 tunc
1611 2718 1649 2747 :id
1673 2718 1841 2756 synodum
1863 2723 2103 2755 convenerunt,
2122 2722 2277 2761 adjurare

1267 2772 1355 2810 quod
1379 2771 1471 2799 Ραίνν
1490 2776 1591 2799 noster
1617 2774 1646 2800 et
1675 2770 1770 2801 Credo
1799 2773 1827 2800 in
1855 2783 1945 2801 unum
1972 2773 2065 2803 Deum
2093 2777 2274 2807 secunduli]

1267 2827 1343 2854 tuas
1371 2825 1597 2854 correctimies
1630 2825 1829 2863 reciperent,
1860 2835 2008 2865 suosque
2037 2830 2276 2866 parrochianos

1267 2878 1306 2907 de
1320 2878 1380 2907 hoc
1402 2878 1608 2907 instruerent
1632 2881 1661 2907 et
1683 2878 1841 2908 docerent
1869 2881 2095 2911 correctiones
2121 2883 2274 2913 easdem:

1269 2933 1299 2961 et
1319 2931 1397 2970 quia
1415 2931 1495 2960 dicti
1514 2931 1705 2961 sacerdotes
1722 2931 1783 2962 hoc
1801 2932 1909 2963 facere
1928 2935 2063 2972 penitus
2081 2935 2273 2972 noluerunt,

2119 2998 2153 3024 35
