2547 3289
219 247 259 276 98
975 231 1226 263 REGISTRES
1250 229 1461 260 D'URBAIN
1484 231 1543 262 IV.

221 326 431 365 dispendium
448 325 480 353 et
495 317 876 358 animaru1111perieul11m
894 312 1224 347 remaneretdiutius,

221 381 249 410 si
264 379 400 410 forsitan
420 377 532 406 iterate
549 371 764 403 dissentionis
782 369 963 407 emergeret
983 364 1226 404 scrupulus,vi-

221 432 333 466 (liiata,
352 429 481 467 cognito
498 429 563 457 tam
579 434 637 465 per
653 424 770 454 fratres
789 423 919 451 nostros
949 428 1047 458 quam
1067 427 1125 457 per
1143 417 1226 447 alios

220 484 404 520 fidedignos
420 481 475 519 qui
496 482 526 510 te
547 487 605 518 per
626 475 911 508 conversationem
935 472 1097 502 diutinam
1119 472 1227 500 tecum

221 535 368 567 habitam
384 533 516 572 plenius
529 530 764 570 cognoverunt,
783 527 870 566 quod
886 535 935 560 ea,
953 533 1015 564 que
1028 524 1087 554 tibi
1104 522 1228 561 objecta

220 588 358 622 fuerant,
372 585 463 616 nulla
489 585 581 614 erant
604 582 740 613 veritate
771 579 927 612 subnixa,
948 577 1102 616 quodque
1123 575 1174 604 vir
1193 582 1228 604 es

219 639 436 682 preminentis
460 636 607 670 scientie,
630 635 753 664 munde
777 633 854 667 vite,
879 629 1143 661 conversationis
1171 627 1225 657 ho-

222 694 324 727 neste,
344 692 377 721 iu
394 689 624 729 spiritualibus
637 686 798 726 providus
815 687 846 715 et
864 685 894 714 in
912 682 1152 722 temporalibus
1168 680 1227 709 cir-

221 745 432 783 eumspectus
458 744 487 772 et
512 741 664 780 ydoneus
690 739 729 770 ad
756 737 940 777 quamlibet
969 734 1225 765 ecclesiasticam

220 798 425 837 dignitatem,
444 795 651 825 considerato
684 800 814 831 quoque
838 791 924 829 quod
943 789 1048 828 major
1069 790 1100 818 et
1116 786 1228 817 sanior

221 860 297 891 pars
313 849 446 889 capituli
465 846 644 887 supradicti
664 847 693 875 te
712 845 850 874 duxerat
867 842 1069 881 eligendum,
1084 841 1123 870 de
1142 840 1227 878 ipso-

221 913 293 934 rum
315 903 453 933 fratrum
475 900 616 931 consilio
637 900 665 929 et
690 897 867 937 apostolice
890 894 1096 934 plenitudine
1121 894 1228 931 potes-

221 957 299 988 tatis
321 957 350 986 te
371 955 433 994 ipsi
456 952 592 984 ecclesie,
616 952 647 981 in
670 951 861 989 episcopum
882 947 1083 988 prefecimus
1104 947 1134 976 et
1155 954 1227 984 pas-

220 1011 325 1041 torem
342 1026 391 1038 —-.
410 1008 533 1037 Datum
551 1005 638 1044 apud
659 1003 946 1035 Urbemveterem,
968 1010 1013 1030 vu
1040 1000 1115 1029 idus
1137 998 1227 1034 maii,

215 1071 302 1095 anno
320 1066 366 1092 11⁰.
392 1074 405 1087 »

255 1172 283 1197 ln
302 1169 427 1196 eundem
448 1166 565 1193 modum
582 1163 705 1198 capitulo
721 1161 879 1196 llaioeensi.

258 1220 286 1246 ln
302 1218 424 1245 eundem
443 1215 560 1242 modum
578 1214 653 1240 clero
670 1211 793 1238 civitatis
810 1212 835 1236 et
852 1208 972 1236 diocesis
990 1206 1165 1242 Bujocensis.

254 1269 284 1295 ln
299 1267 421 1294 eundem
440 1264 558 1291 modum
576 1262 678 1296 populo
696 1259 852 1294 nujocensi.

255 1317 285 1344 ln
304 1315 427 1343 eundem
446 1313 562 1339 modum
582 1332 598 1338 ..
611 1310 823 1343 archiepiscopo
839 1304 1072 1340 ltelhomagensi.

256 1366 286 1392 ln
300 1366 422 1392 eundem
439 1362 555 1389 modum
568 1380 586 1388 ..
604 1359 662 1393 regi
678 1357 797 1384 Francie
816 1355 931 1382 illustri.

806 1520 930 1551 Orvieto,
945 1520 978 1545 ‘26
994 1518 1065 1545 avril
1082 1518 1158 1543 1263.

290 1531 360 1562 227

258 1603 419 1636 Quamdam
435 1599 671 1628 reformationem
689 1597 723 1624 ab
740 1596 871 1630 episcopo
895 1592 1049 1621 Parisiensi
1066 1592 1093 1618 in
1110 1591 1232 1618 ecelesia

223 1655 249 1681 b.
272 1651 386 1679 Martini
408 1651 441 1676 de
466 1647 620 1682 Campellis
642 1647 669 1673 in
695 1645 759 1671 Bria
781 1644 882 1671 initam
904 1641 1068 1669 coufirmat.
1091 1640 1168 1675 (nm.
1186 1640 1230 1671 ⁶26,

222 1701 290 1729 anui
308 1701 341 1733 ll,
359 1698 514 1731 1‘i‹=OO‚fol.
531 1697 564 1723 78
583 1695 634 1729 νο).

268 1818 283 1835 (1
308 1829 328 1836 ..
347 1805 489 1844 episeopo
512 1801 688 1831 Parixieusz‘.
714 1799 832 1829 Divini
856 1798 964 1828 cultus
988 1796 1163 1835 diligentes
1182 1813 1231 1826 —.

226 1861 311 1891 Sane
328 1857 441 1897 petitio
458 1857 513 1886 tua
531 1855 626 1884 nobis
643 1852 789 1883 exhibita
810 1850 1010 1884 continebat,
1026 1849 1113 1888 quod
1134 1849 1234 1879 eccle-

227 1913 277 1943 sia
292 1911 379 1941 beati
394 1908 531 1940 Martini
547 1908 586 1937 de
604 1905 783 1944 Cainpellis
800 1904 833 1934 iu
850 1903 939 1937 ltria,
956 1903 1010 1932 tue
1027 1902 1180 1938 diocesis,
1198 1901 1233 1931 in

227 1973 292 2004 qua
319 1963 560 2003 prebendarum
585 1959 716 1989 collatio
740 1959 770 1988 et
795 1956 1029 1986 canonicorum
1057 1954 1232 1989 ordinatio,

227 2016 405 2050 institutio,
425 2013 583 2045 correctio
602 2013 632 2041 et
651 2010 841 2041 reformatio
863 2009 904 2038 ad
924 2010 954 2038 te
975 2007 1116 2046 pertinet
1137 2007 1233 2045 pleno

222 2071 310 2110 jure,
330 2069 370 2099 ad
389 2069 512 2098 tantam
533 2064 770 2095 desolationem
788 2062 964 2091 devenisse
985 2060 1180 2094 dinoscitur,
1200 2061 1235 2089 ut

226 2124 261 2154 in
276 2132 314 2153 ea
326 2123 359 2152 in
372 2119 593 2160 quaconsistit
614 2125 770 2147 numerus
782 2114 896 2153 viginti
909 2113 1235 2152 duarumprebenda-

226 2185 300 2208 rum
331 2176 361 2205 et
378 2173 512 2204 totidem
529 2170 764 2201 canonicorum
781 2169 888 2207 preter
903 2166 1116 2205 prebendam,
1134 2174 1232 2203 quam

226 2227 465 2260 monasterium
487 2224 591 2255 sancti
615 2221 759 2253 Victoris
781 2219 983 2250 l'arisiensis
1007 2218 1129 2248 ibidem
1153 2218 1233 2248 obti-

225 2284 293 2317 net,
310 2281 470 2319 eujusque
490 2277 672 2316 proventus
688 2274 793 2303 valori
810 2273 976 2303 fructuum
995 2272 1136 2301 duarum
1153 2270 1233 2300 alia-

224 2344 297 2366 rum
309 2332 550 2372 prebemlarum
566 2329 671 2368 ipsius
687 2327 823 2357 ecclesie
837 2326 1080 2364 comparantur,
1095 2324 1150 2353 vix
1165 2324 1232 2353 tres

224 2389 280 2419 aut
297 2387 439 2425 quatuor
455 2384 591 2423 possunt
608 2381 791 2411 residentes
806 2378 954 2409 canonici
974 2376 1145 2416 repperiri,
1162 2378 1231 2406 tum

223 2449 281 2480 pro
305 2449 342 2470 011
362 2438 449 2477 1111011
471 2435 632 2467 cotidiano
652 2432 916 2465 distributiones,
939 2440 1002 2469 que
1020 2430 1128 2459 solum
1149 2429 1230 2459 1111111

224 2491 446 2524 residentibus
462 2488 685 2526 assignantur,
695 2487 805 2524 utpote
822 2493 885 2522 que
900 2482 1056 2513 residenti
1073 2482 1230 2512 canonico

223 2546 308 2576 ultra
334 2545 466 2574 centum
490 2541 614 2571 solidos
639 2537 883 2569 l'arisieusium
911 2544 975 2565 non
1002 2535 1110 2565 valent
1134 2534 1232 2565 annis

223 2597 378 2637 singulis,
395 2595 496 2626 nimis
512 2595 589 2624 sunt
603 2594 716 2622 tenues
729 2592 759 2621 01
774 2590 888 2624 exiles,
902 2590 971 2618 tum
988 2588 1065 2626 quia
1079 2587 1231 2617 nonnulli

223 2650 460 2681 canonicorum
483 2648 630 2686 ipsorum
653 2645 685 2675 in
706 2642 887 2674 cathedrali
909 2641 960 2671 vel
984 2640 1060 2669 aliis
1080 2640 1231 2669 eeclesiis

223 2702 385 2736 beneficia
404 2700 602 2735 obtinentes,
621 2699 719 2729 001115
740 2694 955 2734 indulgentiis
973 2695 1028 2723 aut.
1045 2693 1232 2731 privilegiis

223 2754 414 2796 apostolicis
443 2753 595 2783 asserunt
623 2760 657 2781 50
687 2749 842 2783 munitos.
873 2747 973 2786 quod,
992 2755 1054 2776 non
1081 2746 1230 2776 obstante

222 2810 342 2840 statuto
361 2807 399 2837 110
418 2805 569 2836 facienda
587 2805 618 2834 iu
636 2803 725 2833 dicta
741 2801 880 2832 ecclesia
895 2799 982 2830 beati
998 2799 1133 2829 Martini
1151 2799 1230 2829 resi-

222 2861 333 2893 dentia
354 2858 531 2899 personali,
549 2857 737 2896 juramento
757 2853 810 2885 vel
828 2854 893 2884 alia
910 2851 1057 2892 qualibet
1075 2851 1228 2882 firmitate

219 2915 358 2951 vallato,
383 2912 508 2943 fructus
531 2909 774 2950 probemini-um
800 2914 936 2938 suarum
958 2905 1064 2946 ipsius
1088 2904 1226 2936 ecclesie

1287 311 1416 350 integre
1437 312 1607 351 percipere
1631 313 1774 349 valeant,
1802 313 1980 344 dummodo
1998 315 2030 344 in
2049 315 2124 344 aliis
2145 314 2296 345 ecclesiis

1287 364 1321 394 in
1342 364 1465 402 quibus
1485 365 1646 395 beneficia
1669 366 1861 405 huJ'usmodi
1884 367 2044 403 obtinent,
2062 368 2206 397 residere
2221 376 2294 406 pro—

1286 418 1414 453 curent,
1441 419 1509 447 tum
1536 418 1635 447 etiam
1664 419 1742 457 quia
1768 419 1919 450 diversas
1946 420 2029 449 alias
2051 428 2169 450 causas
2195 421 2295 451 iidem

1286 470 1415 508 fingunt
1434 471 1465 500 et
1485 471 1704 501 adinveniunt
1724 471 1962 502 fraudulenter.
1982 473 2121 512 Propter
2138 474 2226 512 quod
2244 482 2296 503 ea-

1287 522 1361 553 dem
1383 523 1521 553 ecclesia
1538 524 1603 553 tam
1620 524 1770 560 celebris,
1789 526 1854 554 tam
1873 525 2009 561 famosa,
2027 526 2148 555 debitis
2166 526 2294 556 defrau-

1287 576 1382 606 datur
1403 576 1574 615 obsequiis
1591 585 1628 606 ac
1649 577 1737 607 cirea
1757 578 1945 616 spiritualia
1964 580 1995 608 et
2015 579 2208 617 temporalia
2227 587 2297 617 gra·

1288 629 1387 659 vibus
1416 630 1564 669 subjacet
1593 630 1811 660 detrimentis.
1843 631 1946 661 Porro
1976 633 2011 661 tu
2041 634 2114 670 post
2144 633 2297 662 diversas

1287 683 1490 713 monitiones
1503 692 1602 721 super
1614 683 1795 713 residentia
1808 684 1999 721 hujusmodi
2013 684 2115 715 factas
2127 685 2298 715 canonicis

1288 736 1490 770 memoratis,
1511 744 1547 765 ac
1569 736 1762 773 diligentem
1782 738 1957 767 tractatum
1976 737 2125 767 habitum
2142 747 2217 768 cum
2234 738 2295 768 ali-

1287 788 1410 826 quibus
1427 797 1542 819 eorum
1561 789 1704 827 qualiter
1721 789 1829 819 eidem
1842 789 1980 819 ecclesie
1998 799 2098 829 super
2110 791 2170 820 1100
2186 793 2299 830 1105501

1289 841 1458 871 salubrius
1473 842 1654 880 provideri,
1672 844 1762 872 tuam
1780 843 1812 872 in
1831 851 1869 872 00
1887 842 2158 873 deliberationem
2176 844 2298 874 asseris

1289 895 1465 929 resedisse,
1485 896 1519 924 ut
1533 895 1572 925 110
1594 904 1730 934 corpore
1747 895 1924 933 cujuslibet
1939 896 2104 934 1110110111Ιο
2126 897 2233 935 ipsius
2247 906 2297 927 ec-

1288 948 1387 977 clesie
1403 948 1563 978 dimidius
1582 949 1714 978 modius
1730 949 1831 983 bladi,
1850 949 1935 987 quod
1961 948 2158 987 ybernayizmz
2185 950 2298 989 vulga-

1289 1002 1368 1031 riter
1383 1001 1514 1036 dicitur,
1535 1002 1631 1031 annis
1648 1002 1791 1039 singulis
1808 1001 2061 1036 sululucatunet
2079 1003 2162 1032 illud
2183 1011 2219 1032 ac
2237 1003 2300 1033 tria

1288 1063 1392 1093 parva
1414 1054 1606 1084 molendina
1626 1054 1772 1091 ejusdem
1798 1055 1948 1089 ecclesie,
1973 1055 2139 1093 inquibus
2159 1056 2299 1094 quilibet

1290 1107 1513 1146 predictorum
1535 1107 1769 1137 canonicorum
1789 1109 1931 1146 quatuor
1952 1108 2112 1138 sextarios
2135 1108 2224 1139 bladi
2247 1109 2298 1139 vel

1289 1160 1418 1190 circiter
1435 1160 1605 1195 annuatim
1626 1161 1776 1198 percipit,
1794 1161 1951 1199 predictis
1965 1161 2121 1191 tenuibus
2143 1162 2300 1192 distribu-

1291 1213 1449 1248 tionibus,
1468 1222 1530 1251 que
1548 1214 1779 1243 ministrentur
1796 1215 1923 1243 tantum
1945 1214 2167 1244 residentibus
2184 1223 2220 1244 ac
2241 1215 2298 1245 ibi-

1291 1267 1365 1295 dem
1384 1266 1604 1304 personaliter
1624 1266 1694 1295 Deo
1715 1266 2116 1305 servientibus,perpetuo
2135 1267 2302 1306 applicen-

1290 1320 1355 1353 tur,
1373 1320 1407 1348 ut
1424 1319 1471 1347 sic
1485 1318 1615 1348 facilius
1633 1319 1763 1357 possint
1780 1319 1924 1348 inveniri
1941 1319 2085 1349 ministri
2105 1320 2226 1358 ydonei
2244 1321 2300 1359 qui

1292 1372 1397 1401 velint
1424 1372 1453 1401 et
1482 1371 1614 1400 valeant
1643 1371 1674 1400 iu
1703 1371 1850 1409 predicta
1880 1372 2019 1401 eeclesia
2050 1372 2176 1402 divinis
2205 1373 2301 1404 obse-

1292 1424 1380 1463 quiis
1397 1424 1577 1453 immorari.
1596 1424 1704 1459 Quare
1722 1424 1893 1454 humiliter
1908 1424 2043 1462 petebas
2062 1425 2189 1455 anobis
2211 1428 2245 1457 ut
2261 1427 2301 1458 de

1292 1477 1437 1516 qualibet
1469 1477 1631 1506 dictarum
1662 1477 1906 1515 prebendarum
1940 1477 2117 1508 dimidium
2153 1480 2302 1510 modium

1292 1530 1467 1569 ybernagii
1481 1529 1663 1568 supradicti
1680 1529 1829 1560 subtrahi
1845 1530 2015 1565 facientes,
2034 1531 2210 1571 ipsumque
2226 1542 2301 1563 cum

1293 1583 1495 1613 molendinis
1509 1582 1634 1612 eisdem
1648 1584 1821 1612 annectere
1837 1583 2076 1622 inperpetuum
2091 1584 2228 1622 prefatis
2238 1586 2303 1616 dis-

1293 1636 1531 1667 tributionibus
1558 1644 1762 1665 curaremus.
1788 1636 1859 1666 Nos
1884 1637 1994 1674 itaque
2019 1637 2058 1667 de
2083 1638 2140 1667 tua
2163 1638 2303 1669 circum·

1293 1690 1461 1729 spectione
1489 1689 1619 1724 confisi,
1647 1689 1789 1719 faciendi
1816 1690 1981 1728 premissa
2003 1689 2098 1728 juxta
2122 1689 2302 1728 predictam

1294 1743 1567 1774 deliberationem
1591 1744 1694 1778 tuam,
1719 1751 1818 1781 quam
1843 1742 2018 1781 providam
2042 1744 2247 1781 reputamus,
2273 1744 2305 1773 et

1294 1796 1552 1826 contradictores
1567 1796 1752 1825 acrebelles
1768 1804 1826 1834 per
1840 1804 2013 1825 censuram
2031 1796 2302 1832 ecclesiasticam,

1295 1850 1517 1889 appellatione
1545 1849 1738 1888 postposita,
1759 1850 2002 1888 compescendi,
2020 1850 2220 1880 fraternitati
2248 1851 2303 1880 tue

1295 1903 1487 1933 auctoritate
1518 1903 1723 1941 presentium
1755 1902 1894 1933 liberam
1924 1903 2138 1933 concedimus
2169 1903 2302 1933 faculta-

1294 1958 1359 1987 tem
1377 1973 1426 1985 -—.
1446 1956 1567 1986 Datum
1583 1956 1670 1994 apud
1686 1956 1971 1990 Urbemveterem,
1986 1965 2017 1984 vi
2035 1956 2196 1986 kalendas
2212 1955 2303 1991 maii,

1294 2018 1381 2040 auno
1401 2013 1449 2038 11⁰.
1476 2023 1490 2035 ιι

1362 2176 1433 2205 228
1903 2172 2028 2200 Orrieto.
2047 2174 2060 2198 7
2079 2172 2138 2199 mai
2156 2172 2231 2199 1263.

1330 2249 1408 2280 Quod
1429 2249 1587 2275 Junuenses
1611 2248 1742 2274 recedant
1760 2255 1775 2274 a
1795 2247 2027 2274 confederatione
2050 2247 2193 2281 l‘aleologzi
2214 2250 2240 2274 et
2264 2256 2305 2274 re-

1292 2298 1377 2324 deant
1405 2298 1439 2324 ud
1470 2298 1640 2323 mandatum
1668 2296 1796 2323 ecclesie.
1829 2296 1897 2322 ltem
1928 2296 1960 2322 110
1989 2296 2088 2322 eodem
2118 2304 2205 2330 supra
2231 2296 2307 2330 eapi-

1291 2347 1351 2373 tulo
1368 2354 1442 2373 xian.
1462 2346 1533 2372 ltem
1554 2345 1678 2379 capitulo
1694 2354 1718 2371 L.
1738 2345 1808 2371 Item
1835 2345 1909 2371 iufra
1928 2345 2053 2378 capitulo
2078 2353 2207 2377 Lxxxxu,
2231 2344 2303 2371 item

1291 2395 1415 2430 capitulo
1435 2403 1561 2421 Lxxxxm.
1579 2395 1655 2427 1111111.
1674 2395 1718 2425 26,
1736 2394 1803 2420 unni
1821 2394 1854 2425 ll,
1872 2398 1903 2420 u⁰
1919 2394 1962 2424 91,
1979 2393 2027 2420 fol.
2044 2396 2076 2420 79
2091 2394 2124 2425 ¹.)

1333 2508 1347 2523 «
1368 2521 1386 2526 ..
1406 2495 1564 2535 potestati,
1589 2519 1594 2525 .
1619 2519 1625 2525 .
1647 2495 1820 2534 capitaneo,
1841 2493 1976 2530 consilio,
2001 2499 2027 2523 el
2066 2493 2216 2522 communi
2250 2493 2305 2522 Ja-

1292 2549 1463 2582 nueusiltus,
1495 2548 1638 2588 spiritum
1673 2547 1790 2576 couse'lii
1824 2547 1968 2577 sanioris.
2002 2546 2082 2576 Post
2117 2546 2306 2585 frequentes

1291 2602 1549 2633 ammonitiones
1577 2601 1700 2639 quibus
1721 2600 1809 2639 apud
1835 2608 1894 2630 vos
1917 2601 1947 2629 et
1968 2608 2027 2638 per
2046 2599 2170 2629 litteras
2192 2601 2223 2629 et
2247 2607 2306 2638 per

1293 2653 1632 2689 nuutiosinstitimus,
1651 2654 1715 2683 uta
1741 2652 2008 2683 confederatione
2033 2651 2202 2689 Paleologi
2227 2651 2305 2682 scis-

1290 2707 1403 2738 matici
1421 2707 1562 2737 totaliter
1579 2706 1782 2742 recedentes,
1802 2706 1840 2735 ad
1860 2705 1972 2735 sinum
1989 2705 2105 2734 matris
2122 2704 2261 2735 ecclesie
2285 2712 2304 2734 a

1291 2770 1367 2800 quo,
1382 2760 1503 2791 vestris
1516 2759 1624 2798 culpis
1641 2758 1863 2797 exigentibus,
1876 2757 2059 2792 excidistis,
2069 2757 2238 2787 humiliter
2257 2764 2305 2787 re-

1292 2814 1420 2850 diretis,
1442 2813 1575 2843 demum
1597 2811 1776 2842 ardentiori
1803 2810 1913 2841 studio
1948 2810 2044 2841 vobis
2069 2809 2304 2840 mandavimus

1326 2912 1346 2936 t.
1367 2910 1402 2934 Co
1417 2909 1524 2934 resume
1538 2910 1579 2933 est
1593 2908 1681 2933 donne
1697 2915 1731 2932 eu
1747 2914 1838 2939 mnrge
1854 2906 1890 2931 du
1904 2907 2038 2938 Registre.
