2547 3289
1086 263 1322 300 DEUXIEME
1347 264 1506 301 ANNFLE.

244 348 375 378 foveam
388 349 507 379 incidit
521 351 552 379 et
569 349 676 388 ipsius
695 349 1001 388 laqueisirretitnr.
1015 350 1157 387 Propter
1171 349 1258 387 qnod

244 401 482 439 multiplicatis
505 402 760 438 afflictionibus,
780 403 925 432 lamenta
955 402 1199 440 niultiplicae‘tns,
1218 402 1258 431 ‹n›

244 454 569 492 superingeminatis
582 455 864 485 doloribnsllelns
880 455 1115 493 ing(=111i1]:tt,ct
1132 455 1171 483 de
1185 464 1259 484 con-

244 506 337 536 tinua
349 510 379 537 et
392 507 599 538 intolerabili
610 509 856 547 persecutione,
867 509 1007 547 qnejznn
1017 507 1256 538 exitu-inimum

242 561 683 597 comminaturextremum,
703 561 867 591 clamores
887 562 1013 591 lin-tum
1031 561 1256 590 contimmndo

243 613 445 651 frequentat.
469 614 598 644 Clamat
622 615 661 644 ad
697 614 822 645 Christi
847 615 1020 647 vicarium,
1054 614 1255 643 christianos

241 666 414 704 principes
439 669 469 697 et
488 670 518 697 te
545 668 790 706 principaliter,
820 667 1104 697 christianissime
1136 667 1255 706 princi-

242 728 333 757 pum.
355 720 559 759 interpellat.
583 720 783 758 Obprobriis
805 721 938 755 satiata,
968 723 1021 749 tue
1048 722 1123 758 post
1147 721 1252 749 Deum

241 773 389 811 potentie
400 773 575 803 brachium
590 774 756 803 vindicem
769 773 908 811 expetit.
923 773 1080 802 ‹ji-avini-
1091 773 1251 803 sauciata.

239 825 301 855 tibi
316 826 455 856 vulnera
469 826 606 865 detegit,
621 835 638 855 a
653 828 684 856 te
698 826 919 864 singulariter
934 835 1069 864 operam
1085 826 1253 855 medican-

239 879 284 908 tis
303 881 495 918 expectans.

281 933 415 967 Verum,
450 932 529 962 dum
558 940 608 965 ea,
643 940 707 970 que
739 932 778 961 de
813 932 902 961 statu
934 931 1120 961 miserabili
1153 932 1254 960 Terre

239 986 357 1015 Sancte
385 984 629 1014 venerabilium
657 984 796 1014 fratrum
825 986 1014 1014 nostrorum
1033 1008 1052 1013 ..
1073 984 1253 1022 archiepis-

239 1037 313 1075 copi
342 1037 518 1071 Nazareni,
537 1060 557 1066 ..
575 1037 831 1067 Bethleemitani
846 1038 875 1066 et
896 1059 913 1066 ..
943 1037 1150 1067 Ebronensis
1168 1037 1253 1074 epis-

2276 277 2329 305 161

1322 349 1447 379 residui
1465 350 1614 380 videlicet
1636 350 1668 380 in
1686 351 1817 388 regione
1838 352 1893 381 illa
1912 352 2023 390 populi
2045 353 2236 386 Christiani,
2255 361 2330 382 cnm

1320 402 1490 432 Tartarica
1504 403 1627 436 feritas,
1643 404 1854 434 multitudino
1869 414 2043 435 nunna-osa
2057 407 2225 444 prevalida
2241 408 2269 436 61
2283 415 2331 436 se-

1320 455 1400 484 vitia
1421 456 1529 485 innata
1551 456 1720 489 terribilis,
1741 458 1787 486 sic
1807 458 1838 487 in
1864 458 2039 487 ‹sonvi‹·ina
2057 468 2155 495 regna
2172 461 2201 489 ct
2220 462 2330 497 partes

1320 508 1461 538 invaluit
1485 510 1588 547 1111011,
1622 518 1734 539 eornm
1765 510 1933 548 aliquibus
1960 512 2170 549 depopulatis
2193 512 2329 542 omnino

1317 562 1348 590 et
1366 561 1446 599 ipsisv
1465 572 1500 591 :ic-
1515 562 1590 591 aliis
1613 562 1798 598 subjugatis
1817 566 1843 592 et
1866 573 1925 592 sne
1946 564 2090 593 subditis⁴
2109 565 2240 601 ditioni,
2259 574 2326 594 mo-

1317 614 1424 643 dicntn
1441 615 1522 643 illud
1538 615 1791 645 christianitatis
1806 617 1975 645 residuum
1989 619 2017 646 vt
2030 618 2327 647 αι1111111111111101111111

1316 666 1537 697 inculcatione
1577 668 1716 697 terrebat
1745 670 1775 697 et
1815 669 1843 697 01
1870 669 1986 707 jugum
2013 679 2070 698 sne
2107 671 2328 708 importabilis

1316 719 1485 748 servitutis
1503 720 1553 749 vei
1581 721 1684 759 ipsius·
1701 722 1865 751 vxcidimn
1887 723 1987 751 variis
2016 723 2196 752 161101111115ι
2224 724 2327 753 11111111-

1284 776 1285 779 ’
1315 772 1412 801 batur
1426 773 1430 800 1
1444 773 1478 802 Si
1492 776 1599 802 :intent
1618 774 1655 803 ad
1673 784 1689 803 1)
1703 784 1757 807 un,
1776 784 1838 812 «1116
1857 784 1942 804 nunc
1957 775 2104 805 innunt-t
2123 779 2151 805 et
2169 777 2327 806 dissimu-

239 1098 407 1129 coporum,
429 1098 465 1120 ac
484 1090 681 1120 dilectorum
698 1090 844 1120 tiliorum
861 1090 1003 1120 fratrum
1017 1090 1182 1129 Hugonis,
1199 1090 1253 1119 do-
1283 1091 1284 1094 ’

241 1152 317 1173 111115
350 1143 526 1182 hospitalis
555 1153 580 1174 s.
608 1143 774 1173 Johannis
805 1143 1087 1179 Jerosolimitani,
1115 1144 1253 1180 Thome,
1282 1182 1283 1185 Ἴ

240 1195 359 1226 domus
371 1195 489 1226 militie
499 1196 630 1234 Templi
647 1196 896 1234 magistrorum,
910 1196 1108 1231 Hermanni,
1120 1205 1253 1235 precep-

238 1249 321 1279 toris
333 1249 639 1288 domushospitalis
657 1258 683 1279 s.
700 1249 804 1279 Marie
817 1249 1113 1283 ’11161110111001-11111,
1131 1249 1254 1279 nobilis

239 1302 305 1332 viri
328 1302 484 1333 Gaut'ridi
501 1303 540 1332 de
559 1302 720 1338 Sarzinis,
741 1303 834 1342 regni
851 1303 1118 1333 JerosMimitani
1136 1303 1253 1341 bajuli,

239 1357 269 1386 et
289 1356 497 1394 quorundam
525 1355 667 1386 aliorum
690 1357 882 1394 magnatum
906 1357 1051 1395 partium
1071 1357 1253 1386 earundem

238 1409 462 1439 lacrimabilis
478 1409 659 1439 insinuatio
676 1418 735 1448 per
748 1409 875 1440 litteras
890 1410 1043 1448 patefecit
1059 1411 1089 1439 et
1104 1410 1251 1444 nuntios,

238 1463 331 1492 anxii
359 1463 480 1492 referre
504 1463 699 1501 satagimus,
720 1463 754 1493 in
783 1463 930 1502 seipsam
956 1471 1050 1493 mens
1074 1465 1187 1493 nostra
1208 1472 1255 1493 re-
1282 1467 1284 1477 ²

237 1513 379 1544 flectitur
409 1517 441 1545 et
470 1515 541 1545 loca
571 1515 698 1545 dudum.
725 1515 888 1554 corporali
915 1514 1083 1554 presentia
1110 1515 1251 1553 cognita,

238 1575 378 1605 quorum
399 1569 579 1598 destructio
597 1569 664 1598 tam
689 1568 884 1598 calamitosa
905 1567 1117 1602 describitur,
1145 1576 1253 1607 repre-

238 1622 403 1652 sentativa
415 1622 559 1660 quadam
571 1622 886 1652 commemoratione
898 1621 995 1659 quasi
1008 1621 1255 1660 presentialiter

237 1674 395 1704 intuetur.
418 1675 513 1705 Tunc
529 1676 704 1713 paternum
721 1674 811 1704 subit
832 1674 986 1704 affectum
1004 1675 1040 1704 ut
1061 1683 1102 1704 ex
1126 1674 1254 1704 intimis
1283 1692 1284 1701 2

237 1727 384 1766 suspiria
401 1727 573 1766 prodeant,
592 1727 679 1757 oculi
698 1727 872 1758 solvantur
887 1727 921 1756 in
938 1727 1106 1762 lacrimas,
1128 1727 1252 1765 singul-

236 1781 291 1810 tus
307 1782 500 1819 ermnpant:
524 1780 565 1810 ad
585 1788 648 1819 11116
672 1782 739 1810 tam
760 1780 973 1818 antiquarum
997 1780 1253 1819 oppressionum

237 1835 322 1864 terre
341 1833 432 1863 illins
454 1833 719 1864 consideratione
744 1833 938 1863 inducimur
960 1842 1060 1872 quam
1082 1833 1251 1863 illatarum

237 1887 368 1917 noviter
401 1887 545 1917 recentia
581 1895 813 1925 provocamur.
852 1886 956 1925 Cujus
986 1887 1074 1916 enini
1107 1887 1251 1923 animus,

239 1940 348 1970 omnis
376 1939 620 1978 compassionis
652 1948 783 1978 expers,
824 1939 896 1969 sine
928 1940 1150 1977 suspiriorum
1181 1949 1253 1970 suc-

236 1993 426 2023 cedentium
444 1993 509 2023 sibi
526 1993 724 2031 frequentia,
744 1992 816 2022 sine
837 1992 1051 2023 lacrimarum
1073 1993 1251 2032 profluvio,

239 2047 311 2077 sine
331 2055 495 2076 succussu
515 2046 736 2085 singultuum,
756 2047 812 2076 aut
829 2047 986 2084 antiquas
1009 2046 1117 2084 ipsius
1139 2055 1252 2077 recen-

236 2099 323 2131 sebit
338 2100 510 2139 angustias
534 2100 590 2129 aut
608 2099 832 2129 considerabit
850 2099 1025 2135 instantes,
1042 2108 1117 2129 cum
1138 2100 1172 2129 in
1198 2109 1253 2129 an-

236 2153 339 2192 tiquis
356 2153 443 2183 unde
462 2152 607 2191 graviter
623 2152 736 2182 dolere
762 2153 879 2191 possit,
899 2153 1058 2188 inveniat,
1079 2155 1110 2183 et
1133 2153 1166 2183 in
1182 2153 1252 2183 ins-

237 2207 386 2237 tantibus
414 2207 553 2237 materia
579 2206 675 2236 multi
701 2206 831 2236 timoris
859 2208 891 2236 et
915 2206 1055 2236 meroris
1081 2207 1253 2236 occurrat?

237 2259 325 2290 Nam
341 2259 369 2289 si
384 2259 539 2297 antiquas
550 2260 581 2289 et
592 2259 858 2298 antiquatasjam
872 2259 965 2289 illius
978 2261 1064 2290 terre
1079 2268 1254 2298 pressuras

235 2313 284 2352 pii
312 2311 431 2351 judicii
461 2320 603 2342 censura
635 2312 805 2347 discutiat,
838 2321 855 2342 o
888 2314 1012 2351 quanta
1044 2313 1253 2344 Christicolis

238 2374 338 2396 causa
354 2365 480 2395 doloris
500 2366 531 2395 et
546 2365 696 2395 horroris
719 2365 893 2407 ingeritur,
913 2366 941 2396 si
958 2366 1068 2396 debita
1094 2366 1179 2396 inter
1203 2375 1253 2397 ce-

236 2421 307 2450 tera
323 2419 442 2457 pietate
460 2418 684 2453 considerent,
706 2420 781 2457 post
803 2420 929 2457 strages
954 2419 1108 2449 fidelium
1130 2420 1252 2457 varias,

236 2474 310 2512 post
331 2472 512 2502 alternatos
530 2471 803 2510 frequentissime
826 2480 1001 2502 successus
1028 2481 1207 2512 prosperos
1223 2475 1254 2504 et

236 2534 335 2557 casus
355 2525 527 2559 adversos,
560 2524 787 2555 sacratissima
809 2525 881 2555 loca
911 2525 980 2561 illa,
1006 2534 1149 2564 quorum
1176 2526 1254 2556 alte-

237 2587 311 2608 rum
328 2578 439 2608 oriens
457 2586 498 2607 ex
515 2577 580 2608 alto
597 2577 747 2616 Virginis
761 2586 922 2617 puerpere
941 2578 1051 2617 partui
1077 2580 1108 2609 et
1129 2588 1190 2609 suo
1206 2580 1254 2610 di-

237 2632 401 2671 gnissimo
413 2631 585 2669 deputavit
594 2631 692 2667 011111,
704 2630 845 2661 alterum
855 2640 933 2662 vero
947 2632 1019 2670 ipse
1030 2631 1118 2662 idem
1127 2633 1253 2663 Auctor
1281 2648 1282 2651 =

235 2686 303 2715 vite
320 2693 379 2715 sue
399 2684 549 2723 passioni
565 2686 596 2714 et
612 2685 709 2715 morti
734 2684 867 2723 delegit,
886 2693 944 2723 per
961 2685 1252 2715 immundissimos

236 2739 438 2770 Sarracenos
465 2739 623 2777 occupata
638 2737 800 2768 vi01enter
824 2737 864 2767 ab
884 2737 976 2772 olim,
994 2737 1125 2768 detenta
1142 2738 1254 2769 viliter
1281 2756 1282 2763 1

236 2793 268 2822 et
285 2792 436 2831 ipsorum
460 2790 626 2821 vilissima
650 2790 906 2821 contrectatione
922 2790 1065 2829 polluta!
1085 2790 1112 2821 O
1130 2791 1254 2830 quanta

236 2845 470 2883 compassione
480 2844 608 2874 moveri
623 2844 744 2874 debent
757 2843 939 2874 Christiani
950 2844 1112 2882 cujusque
1122 2852 1252 2883 precor-

237 2899 302 2933 dia,
335 2898 365 2928 si
390 2898 573 2937 prudenter
597 2897 771 2936 intelligat,
799 2897 976 2935 diligenter
1007 2897 1152 2927 attendat
1177 2896 1253 2935 quis

239 2953 346 2982 status
363 2952 444 2985 erat,
463 2950 529 2981 hiis
545 2950 642 2989 quasi
659 2950 788 2985 diebus.
807 2949 923 2989 pusilli
941 2949 1052 2989 gregis
1067 2950 1250 2985 Dominici,

365 3013 505 3041 URBAIN
527 3013 581 3047 IV,
602 3014 623 3040 t.
644 3012 684 3045 11,
706 3013 771 3047 Rey.
792 3011 851 3039 ord.

1316 825 1375 854 lari
1394 834 1456 854 non
1479 828 1595 863 potest.
1615 827 1763 863 ejusdem
1788 829 1872 857 nrm
1890 828 2129 858 desolationem
2149 829 2326 865 dirigimus

1283 878 1284 881 ’
1316 880 1426 907 nostre
1441 879 1718 908 considerationis
1743 880 1910 911 intuitum,
1933 881 2006 910 hinc
2025 882 2135 911 timor,
2165 882 2241 911 111110
2261 891 2326 911 1116-

1316 940 1380 960 ror⁴
1394 930 1471 960 hinc
1487 931 1634 969 ploratus
1650 935 1678 961 et
1695 933 1842 961 ululatus
1860 933 2042 963 incolarum
2061 935 2205 971 regionis
2222 935 2325 969 illius,

1315 983 1390 1013 hinc
1408 984 1503 1013 nobis
1523 986 1551 1013 et
1569 985 1696 1014 cunctis
1715 986 1914 1015 christicolis
1933 987 2068 1023 pudoris
2088 988 2162 1016 nori
2187 988 2326 1017 sutl'usio

1315 1038 1345 1066 et
1362 1037 1686 1074 pinlorconfusionis
1705 1038 1916 1071 iinmense,si
1931 1040 2164 1078 11-2‹l·31np101·is
2183 1041 2328 1070 nostriet

1314 1089 1466 1127 piissime
1484 1100 1541 1120 sue
1562 1091 1741 1120 Genitricis
1764 1093 1828 1120 tam
1850 1096 1975 1122 atroces
2001 1093 2141 1130 injurias
2162 1094 2200 1122 de
2219 1095 2328 1123 cetero

1314 1143 1367 1172 vel
1384 1143 1543 1181 patientia
1560 1143 1766 1182 dampnabili
1782 1145 1963 1174 toleremus
1979 1146 2031 1175 vel
2048 1146 2231 1184 dampnosa
2249 1146 2327 1176 tole-

1315 1197 1422 1226 rantia
1439 1197 1616 1235 [uitiantur.

1355 1250 1437 1279 Ecce
1455 1250 1589 1285 etenim,
1614 1250 1691 1280 dum
1712 1251 1826 1280 divina
1845 1251 2056 1289 providentia
2072 1252 2103 1281 in
2132 1252 2329 1282 Sarraceno-

1314 1312 1387 1333 rum
1407 1303 1582 1341 perfidiam
1600 1304 1761 1333 Γ[1111111161
1777 1304 1879 1342 gladii
1896 1305 2068 1340 ultionem,
2086 1306 2181 1343 quasi
2198 1306 2249 1335 sni
2265 1306 2330 1335 vir-

1314 1365 1388 1395 gam
1414 1356 1538 1387 suroris
1560 1366 1732 1391 exercens.
1752 1359 1852 1387 totam
1872 1360 1992 1388 terram
2015 1359 2054 1388 ab
2080 1359 2198 1397 Alapta
2221 1368 2326 1397 usque

1315 1410 1355 1439 ad
1371 1409 1558 1440 Jerusalem
1575 1419 1690 1440 eorum
1709 1411 1868 1449 spurcitia
1885 1412 2112 1449 pugnavisset,
2131 1414 2159 1442 et
2181 1413 2326 1444 tandem.

1315 1463 1465 1493 Tartaris
1478 1463 1720 1499 exterminatis,
1734 1464 1854 1494 exinde
1872 1464 2027 1494 fidelibus
2045 1467 2076 1494 111
2090 1465 2241 1503 partibus
2260 1465 2329 1496 illis

1316 1516 1426 1545 solum
1451 1516 1556 1545 hostis
1577 1516 1804 1555 Babylonicus
1823 1519 2012 1555 superesset
2034 1518 2148 1556 eisque
2174 1518 2255 1548 adeo
2281 1519 2329 1548 vi-

1315 1569 1447 1599 deretur
1479 1569 1628 1599 arriderz¹
1654 1570 1858 1609 prosperitas
1889 1571 1934 1604 ut,
1966 1571 2170 1601 abbreviatis
2199 1571 2329 1601 viribus

1315 1621 1472 1658 hostium.v
1495 1622 1595 1652 immo
1613 1623 1696 1661 ipsis
1724 1623 1823 1653 etiam
1842 1624 1994 1653 hostibus
2018 1633 2076 1662 pro
2100 1633 2218 1663 magna
2239 1626 2329 1662 parte

1315 1675 1444 1709 deletis,
1464 1675 1501 1705 ad
1523 1676 1748 1713 recuperanda
1765 1676 1935 1714 deperdita
1955 1685 2030 1715 spes
2047 1678 2173 1715 pateret
2194 1679 2330 1716 6111105-

1314 1729 1385 1767 peri
1407 1729 1513 1758 status
1532 1728 1744 1768 reintegratio
1762 1730 1993 1767 sponderetur,
2008 1730 2209 1760 Christianis
2225 1729 2330 1769 negli-

1315 1781 1469 1820 gentibus
1485 1790 1619 1811 causam
1638 1782 1772 1816 Christi,
1790 1783 1938 1821 perfidus
1955 1783 2112 1813 soldanus
2129 1783 2326 1821 Babylonie,

1315 1837 1508 1873 treugarum
1537 1835 1568 1863 et
1592 1835 1765 1872 pactorum
1793 1833 1870 1867 tide,
1899 1842 1999 1872 quam
2025 1843 2099 1863 cum
2128 1834 2330 1865 Christianis

1314 1887 1399 1926 ipsis
1416 1887 1547 1921 inierat,
1565 1886 1743 1916 infideliter
1761 1886 1895 1921 violata,
1915 1896 1990 1916 cum
2015 1888 2162 1917 exercitu
2180 1887 2327 1926 copioso,

1315 1949 1412 1979 quem
1434 1941 1467 1970 in
1486 1940 1579 1978 gravi
1594 1939 1807 1969 multitudine
1828 1941 2054 1978 congregarat,
2076 1942 2329 1970 castrametatus

1315 1994 1402 2023 inter
1418 1994 1564 2023 montem
1585 1992 1720 2022 Thabor
1736 1994 1766 2022 et
1786 1993 1907 2031 Naym.
1927 1994 1958 2022 et
1973 1994 2040 2022 tota
2057 1993 2327 2023 Christianorum

1315 2047 1401 2077 terra
1429 2055 1536 2084 usque
1559 2046 1601 2075 ad
1627 2047 1739 2084 portas
1762 2046 1905 2076 Acconis
1926 2047 2082 2085 occupata
2108 2047 2273 2077 hostiliter
2297 2048 2329 2078 et

1314 2100 1401 2130 inter
1417 2099 1598 2129 admiratos
1624 2107 1703 2129 suos
1723 2107 1783 2137 pro
1807 2099 1901 2129 libito
1920 2099 2109 2134 distributa,
2133 2109 2192 2139 per
2216 2100 2328 2131 varios

1314 2153 1450 2183 nuntios
1470 2162 1488 2182 a
1504 2152 1683 2182 christiane
1699 2151 1775 2182 fidei
1789 2152 1973 2182 cultoribus
1989 2153 2111 2188 aditus,
2130 2153 2328 2183 sollicitatus

1314 2206 1543 2245 multipliciter
1559 2207 1590 2235 et
1610 2205 1751 2236 sollicite
1770 2206 1966 2244 requisitus,
1990 2206 2024 2235 in
2043 2206 2155 2244 aliquo
2174 2206 2329 2236 inclinari

1314 2268 1381 2290 non
1401 2259 1508 2298 potuit
1534 2267 1593 2289 nec
1615 2258 1742 2289 moveri
1773 2259 1853 2297 quin
1878 2259 1966 2289 idem
1990 2259 2184 2298 prophanus
2210 2259 2327 2295 hostis,

1315 2313 1453 2343 radicati
1479 2313 1674 2351 prosecutor
1695 2312 1775 2346 odii,
1798 2312 1884 2351 quod
1903 2314 2017 2342 contra
2034 2312 2253 2342 christianum
2270 2321 2326 2342 no-

1314 2374 1390 2396 men
1414 2367 1446 2396 et
1471 2365 1609 2400 cultum,
1637 2366 1676 2395 de
1700 2364 1815 2403 iniqua
1839 2365 1949 2395 editus
1968 2365 2089 2401 radice,
2118 2367 2326 2403 conceperat,

1314 2420 1409 2450 dolos
1428 2427 1621 2458 preparans,
1642 2418 1851 2456 inispiitatem
1870 2418 2016 2456 pariens,
2037 2418 2084 2447 sic
2106 2419 2140 2448 in
2162 2427 2325 2448 veneran-

1315 2473 1390 2503 dam
1406 2472 1581 2502 ecclesiam
1595 2472 1815 2506 Nazarenam,
1835 2471 1919 2501 infra
1936 2472 1985 2510 cuj
1993 2480 2030 2501 us
2047 2471 2206 2501 ambitum
2223 2471 2326 2510 Virgo

1314 2525 1483 2564 virginum
1500 2525 1642 2555 salutata
1658 2533 1716 2563 per
1731 2525 1898 2563 angelum,
1917 2525 1955 2554 de
1973 2525 2100 2563 Spiritu
2117 2526 2231 2555 sancto
2247 2533 2324 2555 con-

1313 2579 1401 2618 cepit
1430 2580 1460 2609 et
1488 2578 1597 2616 ipsius
1627 2580 1741 2617 partus
1775 2578 1924 2615 angelico
1959 2577 2065 2607 extitit
2092 2578 2326 2616 prenuntiatus

1314 2633 1415 2665 afatu,
1438 2640 1557 2661 manus
1579 2639 1644 2660 non
1668 2631 1776 2660 solum
1799 2631 2024 2669 occupatrices
2047 2631 2104 2661 sed
2129 2631 2228 2661 etiam
2251 2631 2325 2662 des-

1314 2684 1486 2715 tructrices
1505 2683 1764 2722 injece1·it‚‹piod
1784 2684 1888 2722 ipsam
1902 2693 1960 2722 per
1978 2684 2159 2722 sacrilegos
2172 2685 2203 2714 et
2215 2685 2324 2715 nefan-

1314 2737 1571 2776 dosiniquitatis
1587 2745 1645 2767 sue
1656 2737 1981 2767 ministrostotaliter
1997 2737 2183 2771 destruens,
2199 2738 2325 2777 redegit

1314 2792 1354 2822 ad
1365 2790 1485 2824 solum,
1497 2790 1567 2828 ejus
1580 2791 1746 2820 structura
1761 2789 1865 2819 nobili
1878 2790 2014 2820 omnino
2024 2789 2203 2821 destructa.
2214 2791 2325 2822 Eccle-

1314 2844 1399 2874 siam
1416 2843 1553 2882 insuper
1564 2843 1690 2873 Montis
1707 2843 1840 2873 Thabor
1855 2842 1888 2872 in
1904 2843 2081 2873 Dominice
2094 2844 2324 2882 Transfigura-

1314 2896 1550 2927 tionishonore
1567 2897 1801 2931 constructam,
1814 2904 1850 2926 ac
1865 2896 2037 2927 ecclesiam
2055 2896 2094 2927 de
2107 2897 2250 2933 Tabula,
2267 2897 2324 2928 ubi

1314 2950 1407 2980 Deus
1423 2950 1453 2979 et
1472 2949 1592 2983 Homo,
1611 2949 1803 2988 unigenitus
1819 2949 1881 2979 Dei
1898 2949 2018 2985 Filius,
2032 2943 2156 2980 ,Jhes‘us
2171 2950 2326 2981 Christus

2166 3013 2198 3039 21
