2547 3289
1055 217 1296 254 TROISIEME
1319 217 1480 254 ANNEE.

758 304 883 337 Orvicto,
902 305 932 331 13
948 303 1059 339 janvier
1082 303 1158 329 1204.

307 308 380 339 518

250 382 446 416 Infrascriptis
467 384 583 410 mandat
601 385 631 409 ut
647 384 739 409 certas
759 382 945 416 pecuniarum
962 388 1092 406 summas
1109 379 1230 405 nonnul·

215 536 246 554 no
264 529 338 562 121.)

257 631 271 649 «
290 620 462 650 Percivallo
479 620 515 650 de
531 620 682 655 Lavanin,
703 620 872 659 Bajoceusi,
894 627 920 648 el
938 618 1091 659 Rayncrio
1110 618 1146 648 de
1161 619 1231 648 Flo-

216 674 327 709 rencia,
340 673 483 702 Imolensi
501 673 664 709 canonicis,
680 672 848 711 capellanis
866 673 988 706 nostris,
1001 672 1139 701 l'm‘isius
1157 682 1230 701 com-

215 726 417 756 morantibus,
434 727 557 757 Dilecti
577 726 639 756 filii
657 726 775 755 Castra
791 725 978 760 Gualsredi,
1001 725 1129 757 Dulcis,
1146 726 1230 755 Noc-

216 780 296 815 tius,
335 780 516 810 Gualterus
549 781 579 809 et
612 779 737 809 Buldro
767 779 807 808 de
844 779 966 816 Burgo,
1001 778 1168 816 Hugettus
1200 779 1231 808 et

217 832 391 871 Spinellus
412 832 613 871 Symonetti,
631 831 831 861 Donatellus
851 833 883 860 et
900 831 1019 860 Dulcis
1041 831 1229 864 octaviani,

215 885 313 924 Hugo
326 885 487 921 MonaIdi,
502 885 674 914 Johannes
694 884 863 923 Bonajuti,
878 884 1034 914 Rusosus
1051 883 1228 919 Bai-arelli,

216 938 387 968 Johannes
403 937 616 976 Bujamontis
634 939 665 967 et
682 937 898 967 Ranuccinus
918 936 1071 975 Ardingi,
1091 937 1182 966 cix-es
1201 938 1231 966 et
1262 942 1263 946 ¹

216 994 420 1022 mercatores
441 991 641 1024 florentini,
669 990 777 1020 nostri
797 992 827 1020 et
847 989 989 1020 ecclesie
1010 990 1160 1020 Romane
1178 989 1231 1019 de-
1262 1013 1263 1018 ,

217 1044 299 1078 voti,
324 1044 422 1074 nobis
449 1044 641 1082 significare
677 1046 837 1073 curarunt
867 1042 968 1081 quod,
998 1043 1077 1072 licet
1104 1043 1171 1081 ipsi
1201 1044 1232 1072 et
1262 1042 1263 1047 ’

216 1097 354 1136 quidam
369 1106 411 1127 ex
426 1097 488 1133 eis,
504 1106 564 1126 suo
579 1099 611 1127 et
627 1097 796 1127 sociorum
814 1105 954 1126 suorum
972 1096 1119 1131 nomine,
1135 1104 1232 1126 vene-
1262 1090 1263 1094 ¹

214 1150 317 1180 rabili
354 1151 451 1180 fratri
485 1152 601 1180 nostro
629 1175 652 1180 ..
682 1149 936 1188 archiepiscopo
969 1149 1169 1185 Senonensi,
1201 1151 1233 1179 et

216 1203 392 1234 nonnullis
407 1204 630 1242 suffraganeis
644 1203 764 1241 ipsius,
784 1212 821 1232 ac
834 1202 1027 1237 abbatibus,
1046 1201 1230 1240 prioribus,

218 1257 441 1287 conventibus
459 1259 491 1287 et
508 1256 679 1295 capitulis,
704 1255 1016 1290 communitatibus,
1037 1255 1230 1291 comitibus,
1264 1262 1265 1273 ¹

218 1309 404 1340 baronibus
431 1319 468 1340 ac
491 1309 695 1349 quibusdam
714 1309 793 1339 aliis
818 1308 949 1338 clericis
971 1310 1001 1339 et
1029 1308 1126 1338 laicis
1153 1308 1233 1338 civi-
1263 1314 1264 1318 ¹

219 1364 301 1393 tatis
320 1365 351 1393 et
373 1363 520 1393 diocesis
539 1372 575 1393 ac
594 1362 767 1401 provincie
795 1361 1043 1392 Senonensium
1068 1362 1231 1400 quasdam
1264 1364 1265 1370 ¹

219 1416 441 1455 pecuniarum
470 1424 621 1446 summas
649 1415 848 1449 mutuarint,
878 1415 980 1445 certis
1008 1414 1057 1444 eis
1086 1414 1170 1444 locis
1202 1416 1234 1445 et

219 1470 378 1500 terminis
394 1469 648 1507 persolvendas,
671 1469 800 1499 eisdem
822 1468 1016 1502 comitibus,
1034 1467 1231 1505 baronibus,

219 1522 522 1552 communitatibus
537 1524 567 1552 et
583 1522 680 1552 laicis
694 1531 730 1552 se
746 1521 1040 1551 summittentibus
1055 1530 1156 1560 super
1174 1521 1234 1551 hoc

215 1575 449 1614 jurisdictioni
481 1576 704 1606 ecclesiastici
729 1575 862 1613 judicis,
892 1583 1021 1605 necnon
1053 1575 1234 1613 archiepis·
1264 1594 1265 1597 =

219 1637 313 1667 copo,
333 1629 569 1668 suffraganeis,
589 1628 779 1663 abbatibus,
795 1628 979 1666 prioribus,
998 1628 1232 1663 conventibus,

217 1682 389 1721 capitulis,
408 1683 542 1713 clericis
563 1684 595 1712 et
611 1682 689 1712 aliis
711 1681 868 1712 omnibus
886 1682 1092 1720 supradictis
1109 1682 1230 1712 consti-

216 1736 340 1765 tutioni
357 1736 396 1765 de
413 1735 545 1766 duabus
568 1735 669 1765 dietis
689 1735 778 1765 edite
798 1735 832 1764 in
850 1734 992 1764 concilio
1015 1735 1176 1773 generali,
1201 1737 1233 1765 et

217 1789 336 1819 multis
355 1791 387 1819 et
411 1789 557 1818 diversis
583 1787 842 1827 exceptionibus
868 1797 904 1818 ac
923 1787 1127 1826 quibusdam
1155 1788 1232 1818 aliis

217 1842 505 1875 renuntiantibus,
533 1844 631 1880 prout
650 1841 685 1871 in
702 1841 939 1871 instrumentis
963 1843 994 1871 et
1013 1841 1138 1871 litteris
1155 1841 1232 1871 inde

218 1895 381 1925 confectis
402 1903 563 1933 expresse
584 1903 621 1924 ac
639 1895 775 1933 plenius
800 1894 924 1924 dicitur
949 1894 1124 1929 contineri,
1155 1903 1233 1924 non-

218 1948 297 1978 dum
316 1950 427 1978 tamen
447 1949 497 1978 est
512 1948 562 1977 eis
579 1948 618 1977 de
636 1947 831 1986 hujusmodi
850 1948 1069 1985 pecuniarum
1087 1947 1232 1977 summis

217 2001 1100 2040 satisfac-tum,quamquamsolutionumtermiuisint
1110 2001 1230 2039 elapsi,

216 2056 354 2093 propter
375 2054 465 2093 quod
481 2055 627 2093 dampna
641 2054 757 2092 gravia
779 2056 809 2084 et
832 2062 1000 2092 expensas
1020 2063 1055 2083 se
1075 2055 1233 2084 asserunt

217 2107 414 2138 incurrisse.
429 2107 595 2141 Quocirca
607 2107 808 2137 mandamus
823 2109 990 2145 quatenus
1008 2116 1067 2137 vos
1080 2107 1132 2137 vel
1147 2108 1232 2138 alter

216 2163 379 2196 vestrum,
407 2169 466 2199 per
499 2170 559 2190 vos
590 2161 643 2191 vel
676 2161 784 2190 alium
814 2169 872 2190 seu
906 2160 1005 2197 alios,
1036 2161 1231 2199 hujusmodi

216 2213 399 2247 debitores,
417 2222 535 2243 eorum
554 2214 695 2244 veritate
716 2214 850 2252 cognita
869 2214 909 2243 de
931 2214 1122 2252 premissis,
1143 2215 1232 2253 quod

216 2266 256 2296 de
274 2266 374 2296 dictis
388 2267 610 2305 pecuniarum
628 2267 784 2303 summis,
804 2267 838 2297 in
856 2267 980 2306 quibus
996 2269 1154 2298 tenentur
1168 2268 1232 2298 eis-

217 2320 307 2353 dem,
327 2328 401 2349 cum
417 2320 521 2358 justis
544 2322 576 2350 et
591 2321 777 2351 moderatis
798 2321 959 2359 expensis
977 2329 1014 2350 ac
1034 2320 1146 2351 debita
1164 2330 1233 2351 res-

216 2373 409 2402 tauratione
433 2373 669 2412 dampnorum,
698 2374 813 2403 usuris
843 2375 980 2404 omnino
1005 2375 1230 2409 cessantibus,

218 2425 367 2455 debitam
381 2426 430 2455 eis
443 2426 725 2463 satisfactionem,
743 2427 832 2457 infra
843 2429 914 2457 tres
926 2436 1062 2458 menses
1074 2430 1149 2466 post
1164 2437 1232 2458 mo-

218 2478 384 2508 nitionem
402 2480 562 2514 vestram,
582 2482 682 2517 prout
699 2480 838 2518 exigunt
856 2480 1047 2510 litterarum
1067 2483 1098 2511 et
1110 2481 1233 2511 instru-

217 2533 409 2561 mzntorum
455 2531 607 2570 ipsorum
641 2532 726 2570 justi
756 2534 789 2562 et,
820 2533 1042 2563 rationabiles
1082 2535 1231 2568 tenores,

218 2584 428 2623 impendant,
449 2593 491 2614 ex
515 2586 609 2623 parte
628 2587 755 2619 nostra,
774 2594 911 2616 monere
935 2588 966 2616 et
987 2587 1145 2617 inducere
1165 2589 1234 2617 stu-

219 2638 340 2668 deatis.
367 2637 462 2672 Quod
481 2637 510 2667 si
529 2637 618 2667 infra
635 2639 770 2676 tempus
788 2638 994 2677 hujusmodi,
1023 2641 1148 2670 vestris
1167 2650 1232 2671 non
1264 2659 1265 2663 =

221 2690 453 2729 acquieverint
480 2691 621 2721 monitis
640 2693 670 2721 et
700 2691 954 2722 inductionibus
982 2692 1016 2722 in
1038 2692 1099 2723 hac
1125 2696 1231 2732 parte,

220 2753 282 2774 vos
300 2746 424 2774 extunc
442 2744 474 2773 in
490 2743 643 2782 ipsorum
662 2744 851 2774 debitorum
867 2747 898 2775 et
916 2745 1083 2784 majorum
1101 2747 1140 2776 de
1158 2756 1234 2777 con-

220 2797 392 2832 ventibus,
415 2797 571 2835 capitulis
589 2799 619 2827 et
633 2797 936 2828 communitatibus
958 2799 1099 2837 prefatis
1120 2808 1233 2838 perso-

220 2858 282 2879 nas
302 2850 640 2887 excommucationis
661 2850 694 2880 in
718 2853 903 2881 conventus
921 2860 1012 2887 vero,
1038 2852 1186 2891 capitula
1201 2854 1233 2883 et

220 2903 493 2941 communitates,
509 2912 572 2941 que
587 2903 830 2933 contumaciter
841 2905 981 2934 monitis
992 2905 1116 2935 vestris
1131 2906 1234 2936 duxe-

2245 225 2302 253 255

1294 302 1360 332 rint
1387 302 1626 334 resistendum,
1647 312 1706 331 vos
1731 303 1780 333 vel
1808 303 1893 332 alter
1912 305 2062 332 vestrum
2092 311 2150 340 per
2170 311 2229 331 vos
2250 302 2301 332 vel

1291 364 1351 394 per
1368 356 1472 385 alium
1496 364 1554 385 seu
1575 356 1659 385 alios
1681 356 1848 385 interdicti
1871 356 2056 385 sententias
2080 355 2303 393 promulgetis

215 430 250 457 lis
273 431 482 458 mercatoribus
512 431 695 463 Florentinis,
718 430 856 457 ecclcsiae
882 430 1026 456 Romanae
1049 427 1170 458 devotis,
1195 427 1230 454 ab
1261 426 1263 447 ='
1292 411 1322 439 et
1348 411 1480 439 lst‘flatffi
1507 412 1780 439 excomunwatos
1806 409 1998 447 h¹¹J¹¹⁸m⁰⁴¹¹
2028 408 2068 437 ab
2093 408 2170 438 allis
2196 411 2302 438 “snus

215 487 315 506 corum
332 479 508 507 debitoribus
527 480 650 514 persolvi
666 479 784 506 faciant.
800 480 875 512 (Rau.
897 479 942 511 28,
961 477 1008 504 l'ol.
1027 479 1072 509 30,
1092 484 1166 503 anuo
1182 476 1229 509 111,
1261 494 1262 499 ,

1262 527 1263 535 ¹
1292 515 1427 545 nuerint
1447 516 1557 544 animo
1578 515 1743 545 indurato.
1771 524 1827 544 eas
1851 523 1957 553 usquo
1976 515 2017 544 ad
2036 514 2303 544 satisfactionem

1293 462 1424 492 evitari.
1444 462 1477 492 Si
1500 471 1577 491 vero
1596 471 1654 500 per
1673 471 1823 491 mensem
1842 462 1976 491 easdem
1999 462 2184 491 sententias
2204 462 2304 491 susti-

1292 569 1505 607 condiguam,
1535 568 1592 598 ubi
1621 570 1651 598 et
1683 569 1815 606 quando
1847 568 2005 606 expedire
2032 567 2198 603 videritis,
2231 567 2302 606 pul-

1293 621 1377 651 satis
1395 622 1568 656 campanis
1588 625 1618 651 et
1637 621 1786 651 candelis
1807 622 1968 655 accensis,
1992 621 2121 650 faciatis
2145 620 2304 658 sollemp-

1261 692 1262 703 i
1293 675 1379 704 niter
1414 674 1598 713 publicari.
1636 683 1700 704 non
1735 674 1949 704 obstantibus
1988 675 2015 703 si
2056 674 2155 703 dictis
2193 673 2303 703 archi-

1262 742 1263 750 1
1293 729 1462 766 episcopo,
1492 728 1715 765 suffraganeis
1741 730 1771 757 et
1798 728 1873 757 aliis
1897 727 2166 766 ‹piiluisciunspie
2189 738 2205 755 a
2224 727 2303 756 sede

1293 781 1478 819 apostolica
1518 781 1559 810 sit
1601 781 1770 810 indultum
1803 781 1891 819 quod
1923 781 2191 810 excomunicari.

1293 834 1393 872 pendi
1422 834 1473 863 vel
1503 834 1656 863 interdici
1686 842 1744 863 seu
1772 836 1867 863 extra
1895 843 1989 863 suam
2020 833 2225 871 provinciam
2252 833 2302 862 vel

1294 887 1456 916 diocesim
1473 888 1529 916 aut
1549 887 1615 916 alia
1632 888 1722 916 certa
1739 887 1812 915 loca
1835 887 1874 915 ad
1896 886 2060 924 judicium
2088 886 2217 915 evocari
2239 895 2303 915 non

1294 940 1436 978 possint,
1453 949 1511 978 per
1530 939 1662 969 litteras
1682 940 1886 978 apostolicas
1906 948 1968 968 11011
1991 939 2150 968 facientes
2170 939 2304 976 plenam

1294 995 1325 1022 et
1343 1001 1541 1031 expressam
1559 1002 1595 1022 ac
1610 993 1649 1022 de
1667 992 1766 1022 verbo
1780 993 1820 1022 ad
1838 992 1976 1022 verbum
1993 992 2031 1021 de
2048 992 2176 1021 indulto
2192 992 2304 1029 hujus-

1294 1046 1385 1075 modi
1406 1046 1623 1076 mentionem.
1644 1055 1679 1075 ac
1697 1046 1845 1084 predicta
1862 1046 2102 1075 constitutione
2117 1045 2156 1073 de
2175 1044 2305 1073 duabus

1294 1099 1395 1129 dietis
1422 1100 1511 1129 edita
1532 1099 1565 1129 in
1581 1099 1723 1129 concilio
1748 1099 1908 1137 generali,
1929 1099 2110 1128 dummodo
2137 1098 2223 1127 ultra
2242 1102 2306 1127 ter-

1294 1153 1377 1183 tiam
1395 1153 1447 1182 vel
1464 1155 1619 1191 quartam
1636 1153 1762 1190 aliquis
1780 1155 1875 1182 extra
1893 1161 1990 1181 suam
2009 1152 2182 1181 diocesim.
2195 1154 2306 1181 aucto-

1295 1206 1394 1236 ritate
1420 1206 1641 1244 presentium,
1663 1206 1703 1235 ad
1722 1205 1888 1244 judicium
1912 1214 1976 1234 non
2004 1205 2166 1238 trahatur,
2189 1207 2220 1234 et
2248 1205 2307 1234 illa

1295 1267 1396 1298 quam
1414 1259 1524 1289 felicis
1552 1259 1796 1288 recordationis
1826 1258 2043 1288 Innocentius
2070 1266 2166 1296 papa,
2192 1257 2307 1296 prede-

1295 1321 1409 1342 cessor
1440 1314 1554 1342 noster
1586 1312 1733 1342 edidisse
1763 1312 1951 1341 dinoscitur
1977 1311 2017 1340 de
2048 1310 2220 1349 aliquibus
2249 1319 2307 1348 per

1295 1366 1487 1405 generalem
1503 1365 1690 1395 clausulam
1705 1365 1907 1404 quibusdam
1921 1365 1998 1394 aliis
2008 1364 2097 1393 ultra
2113 1367 2256 1402 quatuor
2266 1364 2308 1393 ad

1292 1419 1459 1458 judicium
1473 1427 1538 1448 non
1552 1418 1738 1448 trahendis.
1756 1419 1827 1448 sive
1846 1417 1997 1456 qualibet
2014 1417 2079 1447 alia
2098 1417 2309 1456 indulgentia

1295 1472 1444 1511 predicte
1460 1471 1551 1502 sedis
1570 1480 1628 1510 per
1645 1480 1745 1510 quam
1767 1472 1905 1501 effectus
1921 1471 2130 1509 presentium
2148 1470 2307 1508 impediri

1295 1526 1404 1556 valeat
1423 1526 1476 1556 vel
1496 1525 1636 1561 differri,
1655 1525 1791 1564 proviso
1811 1527 1856 1559 ut,
1874 1524 1982 1563 quoad
2000 1524 2184 1562 pontificali
2202 1524 2309 1562 digni-

1294 1581 1361 1609 tate
1378 1579 1540 1618 preditos,
1554 1579 1587 1608 in
1606 1587 1779 1617 processu,
1796 1578 1905 1616 siquis
1924 1578 2023 1607 fuerit
2043 1579 2157 1607 contra
2176 1585 2233 1606 eos
2251 1576 2308 1606 ha-

1294 1631 1436 1668 bendus,
1469 1632 1593 1670 gradus
1627 1634 1658 1662 et
1692 1631 1871 1665 modestia,
1901 1631 1998 1670 juxta
2027 1630 2305 1660 constitutionem

1296 1685 1405 1715 felicis
1439 1685 1684 1715 recordationis
1714 1685 1899 1715 Alexandri
1929 1693 2025 1723 pape,
2053 1683 2304 1722 predecessoris

1295 1739 1414 1773 nostri,
1432 1739 1569 1768 omnino
1587 1741 1752 1771 servetur,
1775 1747 1835 1768 seu
1853 1737 2215 1767 excommunicationis
2233 1745 2306 1766 sen-

1294 1793 1401 1823 tentia
1414 1793 1447 1822 in
1465 1793 1556 1822 cives
1573 1792 1789 1822 Florentinos
1803 1801 1844 1821 ex
1860 1791 1961 1821 certis
1975 1791 2089 1820 causis
2103 1790 2306 1829 generaliter

1294 1846 1518 1885 promulgata,
1545 1846 1598 1875 vel
1621 1846 1734 1884 aliqua
1762 1845 1963 1875 inhibitione
1988 1853 2047 1882 per
2070 1853 2130 1873 nos
2156 1844 2240 1873 sacta
2265 1852 2306 1873 ne

1295 1900 1380 1938 ipsis
1393 1899 1573 1930 civibusde
1584 1899 1657 1928 suis
1667 1898 1790 1928 debitis
1801 1898 1917 1928 debeat
1934 1897 2143 1936 responderi.
2156 1897 2304 1926 maxime

1294 1962 1381 1983 cum.
1408 1954 1571 1992 quantum
1602 1953 1643 1982 ad
1673 1952 1886 1990 supradictos
1917 1953 2135 1985 mercatores,
2175 1952 2306 1979 senten-

1294 2007 1376 2036 tiam
1395 2008 1425 2036 et
1445 2005 1682 2036 inhibitionem
1708 2004 1903 2044 hujusmodi
1925 2004 2125 2034 duxerimus
2152 2003 2306 2033 relaxan-

1294 2059 1364 2088 das.
1390 2059 1512 2089 Datum
1530 2059 1619 2097 apud
1636 2058 1925 2092 Urbemveterem,
1947 2057 2023 2086 idus
2038 2057 2199 2095 januarii,
2219 2065 2306 2086 anno

1293 2113 1405 2143 tel'iio.
1428 2123 1442 2141 n

2231 789 2303 809 SUS—

1332 2212 1370 2241 In
1383 2220 1411 2242 e.
1424 2220 1455 2241 m
1468 2235 1487 2241 ..
1501 2211 1613 2241 abbati
1624 2220 1650 2241 s.
1664 2211 1834 2241 Genuvei'e
1847 2210 2052 2240 Parisiensis
2065 2212 2096 2239 et
2110 2208 2301 2239 Percivallo

1294 2265 1333 2295 de
1363 2265 1525 2301 Lavania,
1550 2265 1747 2303 cappellano
1775 2266 1901 2293 nostro.
1933 2263 2091 2293 (1311011100
2117 2261 2303 2301 Hajocensi,

1294 2319 1449 2348 Parisius
1472 2318 1706 2353 commoranti,
1724 2327 1784 2356 pro
1803 2317 1931 2347 eisdem
1956 2315 2212 2349 merc-abirilms,
2233 2324 2307 2344 con-

1292 2374 1390 2402 tra..
1419 2372 1711 2410 archiepiscopum
1744 2371 1947 2401 Remensem
1977 2372 2007 2399 et
2034 2369 2214 2398 nonnullos
2239 2368 2307 2398 suf-

1295 2425 1471 2464 fraganeos
1490 2425 1599 2463 ipsius
1620 2427 1694 2460 eto,
1714 2426 1749 2454 ut
1768 2424 1801 2453 in
1823 2423 1990 2461 superiori
2011 2431 2070 2460 per
2086 2423 2204 2451 totum.

1333 2479 1371 2508 In
1394 2487 1423 2508 e.
1445 2487 1488 2508 m.
1516 2478 1644 2508 eisdem
1663 2486 1723 2516 pro
1750 2477 1850 2506 dictis
1874 2475 2130 2510 mercatoribus,
2149 2476 2265 2504 contra
2285 2498 2303 2504 ..

1295 2531 1586 2570 archiepiscopum
1606 2530 1923 2568 Rothomagensem,
1940 2532 1970 2559 et
1987 2527 2169 2558 nonnullos
2187 2527 2306 2557 sutfra-

1294 2594 1418 2624 ganeos
1435 2585 1544 2623 ipsius
1560 2586 1636 2619 etc,
1656 2585 1691 2613 ut
1709 2583 1742 2612 in
1758 2583 1867 2621 prima
1885 2591 1944 2621 per
1956 2584 2077 2612 totum.

1334 2639 1372 2669 In
1393 2647 1420 2669 e.
1444 2647 1488 2668 m.
1509 2638 1637 2668 eisdem
1663 2645 1723 2675 pro
1743 2636 1843 2666 dictis
1869 2634 2127 2670 mercatoribuS,
2146 2635 2264 2664 contra
2283 2658 2304 2664 ..

1295 2692 1587 2730 archiepiscopum
1611 2690 1856 2726 Turonensem,
1881 2690 1912 2719 et
1937 2688 2118 2718 nonnullos
2145 2688 2306 2726 suffraga-

1294 2755 1376 2776 neos
1391 2745 1500 2783 ipsius
1517 2746 1592 2777 etc..
1613 2746 1648 2774 ut
1666 2743 1701 2773 in
1716 2743 1825 2782 prima
1841 2751 1900 2781 per
1918 2743 2036 2772 totum.

1335 2799 1373 2829 In
1390 2807 1418 2828 e.
1442 2807 1485 2827 111.
1511 2797 1640 2827 eisdem
1658 2805 1717 2835 pro
1741 2796 1841 2826 dictis
1865 2794 2123 2829 mercatoribus
2149 2796 2265 2824 contra
2283 2816 2305 2824 ..

1295 2851 1587 2889 archiepiscopum
1606 2849 1864 2885 Bituricensem,
1883 2850 1915 2879 et
1937 2848 2120 2879 nonnullos
2145 2847 2305 2886 suffraga-

1296 2913 1377 2935 neos
1395 2904 1505 2943 ipsius
1522 2905 1598 2938 eto,
1620 2905 1655 2933 ut
1676 2903 1709 2932 in
1724 2903 1834 2941 prima
1847 2911 1906 2941 per
1922 2903 2043 2932 tot-um.
