2547 3289
249 254 308 284 366

248 335 453 375 proteetione
474 331 658 370 reliquerit,
686 340 721 359 ac
741 329 849 358 eidem
876 328 962 366 quod
985 326 1127 356 tideliter
1147 325 1179 354 in
1203 333 1253 355 ec-

248 390 349 419 clesie
367 387 542 417 devotione
560 384 730 423 persistat,
749 382 780 411 in
798 381 928 416 ultima,
947 380 1031 409 sicut
1049 378 1251 417 accepimus,

248 440 434 480 preceperit
444 439 625 467 voluntate.
636 436 707 466 Nos
721 435 834 473 igitur,
847 435 1024 472 sperantes
1034 432 1121 471 quod
1136 433 1253 461 nature

247 495 341 524 dotes
364 494 396 522 in
415 491 554 521 eundem
574 488 718 518 nobilem
737 487 980 526 profluxerunt,
1004 487 1035 515 et
1057 485 1144 523 quod
1167 485 1251 523 ipse,

248 547 349 577 veluti
368 534 589 583 geillellusex
607 543 717 573 radice
734 542 864 571 sincera
878 540 1108 579 progrediens,
1127 539 1254 568 fructus

247 599 420 633 amabiles,
432 596 614 627 virtutibus
626 595 826 630 adherendo,
838 594 1014 633 producct;
1028 593 1107 631 quia
1116 601 1175 621 vos
1190 600 1255 621 una

246 662 319 682 cum
334 651 450 681 multis
471 650 548 679 aliis
567 650 606 679 de
625 648 839 683 Lombardia,
861 646 1009 676 Mars-hia
1029 645 1207 676 'l'ervisina
1223 646 1255 674 et

260 704 458 740 {omaniola‚
481 702 621 733 ecclesie
647 703 798 732 Romane
823 700 965 736 devotis,
993 699 1142 738 predicto
1169 707 1254 727 mar-

246 758 362 787 chione
378 756 479 787 rebus
492 755 649 785 humanis
665 755 833 792 exempto,
849 753 990 783 eundem
1002 752 1186 790 Opizonem
1204 760 1254 780 ca-

246 811 416 850 pitaneum
428 811 457 839 et
469 809 685 839 defensorum
701 807 850 836 fidelium
867 806 975 844 ipsius
986 805 1126 835 ecclesie
1140 805 1255 834 unani-

246 864 360 899 miter,
388 863 474 892 sicut
500 861 752 896 intelleximus,
783 859 964 894 statuistis,
993 859 1172 888 offerentes
1195 867 1254 887 vos

245 917 432 955 promptos,
452 915 626 953 expositos
643 915 673 944 et
690 914 827 952 paratos
848 912 887 942 ad
908 911 1168 951 impendendum
1189 910 1253 940 sibi

245 971 361 999 contra
384 968 533 1006 ejusdem
556 967 671 997 hostes
690 966 842 1001 ecclesie,
862 965 918 1004 qui
939 965 990 994 sui
1015 966 1091 994 sunt
1113 964 1253 997 inimici,

246 1023 447 1061 oportunum
463 1020 655 1055 consilium,
667 1019 832 1049 auxilium
844 1020 875 1048 et
886 1019 1042 1054 farorem,
1055 1026 1116 1048 nos
1129 1017 1254 1047 animo-

248 1084 320 1105 rum
330 1070 1255 1112 vestrorumsuperhocpromptitudinemdignisexinde

247 1128 280 1157 in
311 1128 456 1158 Domino
488 1126 647 1157 laudibus
674 1126 745 1155 fore
773 1125 985 1155 decrevimus
1017 1124 1252 1156 attollendam,

248 1181 502 1210 universitatem
521 1181 667 1210 vestram
684 1180 841 1218 rogantes
860 1178 1022 1208 attentius
1037 1180 1068 1208 et
1082 1177 1255 1207 hortantes

247 1234 407 1272 quatinus
420 1234 453 1263 id
466 1233 651 1272 quodcirca
665 1232 806 1262 eundem
820 1231 858 1262 O.
874 1230 1091 1261 laudabiliter
1104 1230 1255 1260 inchoas-

246 1286 303 1322 tis,
315 1285 547 1316 constantibus
563 1285 687 1315 animis
702 1286 957 1323 prosequentes,
975 1294 1010 1313 ac
1029 1283 1190 1313 habentes
1206 1283 1253 1321 ip-

247 1348 322 1369 sum
341 1339 481 1378 ejusque
503 1338 648 1377 negotia,
667 1337 708 1367 ol)
727 1337 949 1367 reverentiam
963 1337 1148 1375 apsffitolice
1163 1336 1254 1365 sedis

247 1394 279 1422 et
297 1394 459 1429 nostram,
471 1391 671 1430 propensius
689 1390 932 1425 connuemlata,
949 1389 1015 1419 sibi
1033 1391 1147 1419 contra
1161 1390 1255 1427 ipsos

246 1445 360 1475 hostes
387 1444 618 1474 favorabiliter
649 1443 833 1479 assistatis,
870 1443 915 1473 ita
940 1443 1039 1481 quod,
1066 1452 1104 1473 eo
1131 1442 1254 1473 vestris

246 1498 358 1536 adjuto
389 1498 559 1536 presidiis,
588 1497 749 1535 suscipiat
781 1496 882 1526 robur
907 1496 1118 1526 fortitudinis
1146 1497 1254 1525 status

245 1552 329 1589 ejus,
342 1551 497 1589 idemque
512 1551 565 1580 avi
578 1549 740 1580 libentius
753 1549 916 1579 imitando
927 1549 1082 1588 vestigia,
1096 1558 1131 1579 se
1142 1557 1256 1587 posse-

245 1613 308 1643 que
328 1612 427 1633 suum
443 1604 483 1633 ad
501 1603 739 1633 exaltationem
754 1604 865 1632 vestre
885 1602 1032 1632 civitatis
1050 1611 1184 1640 semper
1201 1611 1255 1632 ex—

246 1665 369 1695 ponere
387 1658 552 1691 teneatur,
574 1664 700 1695 nosque
725 1655 953 1685 sinceritatem
977 1657 1123 1685 vestram
1144 1654 1255 1685 condi-

246 1712 319 1748 gnis
329 1710 450 1740 exinde
460 1709 644 1748 gratiarum
657 1708 846 1739 actionibus
856 1717 1113 1748 prosequamur.
1130 1709 1254 1739 Datum

247 1763 333 1802 apud
349 1763 638 1799 Urbemveterem,
655 1772 673 1791 v
688 1762 853 1792 kalendas
867 1762 993 1796 martii,
1012 1771 1098 1791 anno
1111 1762 1220 1792 tertio.
1240 1773 1254 1787 »

287 1875 324 1904 ln
340 1874 483 1904 eundem
500 1874 637 1904 modum
655 1897 661 1903 .
679 1898 683 1902 .
698 1873 867 1912 potestati,
883 1872 1025 1902 consilio
1038 1873 1067 1902 et
1084 1872 1255 1902 communi

248 1927 535 1961 1¹*errariensibus

287 1981 325 2010 In
340 1980 481 2010 eundem
495 1979 630 2010 modum
646 2003 652 2009 .
668 2004 673 2010 .
691 1979 862 2018 potestati,
879 1979 1020 2008 consilio
1040 1981 1069 2009 et,
1085 1979 1253 2009 communi

248 2033 451 2063 Mantuanis.

288 2086 324 2115 In
339 2086 480 2115 eundem
500 2086 655 2115 modum.
674 2109 679 2114 .
698 2085 868 2123 potestati,
882 2084 1024 2115 consilio
1038 2086 1069 2114 et
1084 2085 1253 2115 communi

249 2138 432 2169 Paduanis.

288 2192 325 2221 In
338 2192 479 2221 eundem
494 2191 629 2221 modum

249 2243 534 2274 Ariminensibus.

287 2298 322 2327 In
342 2298 483 2328 eundem
507 2297 643 2328 modum
663 2321 668 2326 .
690 2321 695 2326 .
717 2297 970 2336 archiepiscopo
990 2297 1253 2328 Ravennatensi.

287 2351 324 2380 ln
345 2351 488 2380 eundem
508 2351 644 2380 modum
663 2350 850 2389 capitaneis
868 2350 975 2389 partis
991 2350 1187 2381 devotorum
1206 2359 1255 2381 ec-

247 2403 349 2433 clesie
365 2403 398 2433 in
414 2403 554 2433 Mutina.

287 2456 325 2486 In
343 2456 486 2487 eundem
503 2456 639 2486 modum
659 2457 845 2496 capitaneis
864 2457 971 2495 partis
990 2457 1188 2487 devotorum
1205 2465 1255 2487 ec-

248 2509 350 2539 clesie
370 2509 402 2539 in
419 2510 552 2540 Parma.

288 2562 326 2592 In
343 2563 484 2592 eundem
505 2563 642 2593 modum
664 2563 850 2602 capitaneis
867 2563 975 2602 partis
992 2563 1191 2593 devotorum
1207 2571 1257 2593 ec-

248 2614 351 2645 clesie
371 2615 402 2645 in
422 2615 582 2646 Bononia.
1026 2606 1032 2613 ⁶

288 2667 326 2697 In
345 2668 487 2698 eundem
506 2667 642 2698 modum
661 2668 846 2707 capitaneis
864 2668 971 2707 partis
987 2669 1184 2699 devotorum
1203 2677 1253 2699 ec-

248 2720 351 2751 clesie
369 2721 402 2751 in
420 2722 536 2760 Regio.
558 2731 575 2751 »

649 2217 654 2221 .
671 2216 677 2222 .
692 2191 862 2230 potestati,
878 2191 1021 2220 consilio
1039 2192 1070 2221 et
1084 2191 1254 2221 communi

997 240 1243 273 REGJSTRES
1271 239 1486 270 D'URBAIN
1514 238 1572 268 IV.

1900 320 2023 350 Orvielo,
2040 320 2057 346 4
2075 328 2153 346 mars
2176 321 2254 348 1264.

1403 323 1476 354 763

1349 400 1516 427 uicem-dum
1534 399 1685 426 Aunibaldi
1710 398 1840 426 hortatur
1864 401 1904 432 ut,
1931 398 2002 425 infra
2026 402 2136 425 certum
2166 399 2326 427 terminum

1314 449 1553 483 peremptorium,
1582 448 1633 475 sub
1660 455 1750 482 poena
1773 447 2092 477 excommunicationis,
2115 448 2248 482 episcopo
2275 449 2328 475 Os-

1314 497 1397 524 tiensi
1409 498 1442 524 de
1457 497 1580 523 Ostiensi
1595 496 1709 523 civitate
1727 496 1894 523 satisfacere
1908 498 2051 530 procuret.
2067 496 2148 531 [Rea.
2161 498 2204 527 28,
2218 496 2268 523 sol.
2282 498 2329 529 93,

1314 555 1372 573 eur.
1392 554 1457 573 ann.
1478 546 1525 576 ΙΙΙ,
1544 552 1572 572 n⁰
1590 546 1642 578 49.)

1355 658 1369 672 «
1391 644 1496 673 Nobili
1519 644 1584 673 viro
1610 642 1759 672 [tieem-do
1787 641 1873 671 l’etri
1898 640 2079 676 Annibaldi,
2099 641 2159 670 civi
2177 641 2325 680 Romano,

1314 698 1455 738 spiritum
1475 696 1591 727 consilii
1610 696 1751 725 sanioris.
1769 696 1852 725 Cum
1871 694 2077 725 venerabilis
2094 694 2196 724 frater
2214 696 2329 724 noster

1314 751 1370 786 H.⁷
1394 750 1564 780 Ostiensis
1584 751 1615 779 et
1633 748 1858 778 Velletrensis
1880 748 2074 786 episcopus,
2098 747 2237 786 ejusque
2257 756 2329 786 pre-

1315 804 1511 833 decessores
1521 812 1538 832 a
1549 803 1698 833 Romana
1709 801 1862 835 ecclesia,
1872 809 1936 840 que
1946 800 2096 831 omnium
2109 800 2330 830 ecclesiarum

1315 859 1365 887 est
1378 857 1515 886 domina
1526 856 1556 886 et
1569 855 1742 894 magistra,
1757 854 1927 884 civitatem
1938 854 2131 884 Ostiensem
2142 855 2217 889 etc„
2230 855 2328 892 prout

1315 909 1456 940 habetur
1472 910 1505 939 in
1524 908 1691 938 sententia
1706 907 1774 937 lata
1789 915 1849 946 pro
1864 907 1938 945 ipso
1953 907 2123 945 episcopo,
2135 909 2235 941 retro,
2249 906 2330 936 folio

1314 963 1427 997 tertio,
1444 961 1592 1000 capitulo
1612 970 1664 994 xc,
1680 960 1793 990 verbis
1812 961 2042 998 competenter
2059 959 2210 993 mutatis,
2222 967 2329 998 usque

1317 1015 1501 1054 adimplere
1525 1023 1673 1050 curares,
1698 1016 1733 1043 tu
1758 1022 1822 1043 non
1844 1013 1954 1043 solum
1980 1013 2121 1042 eandem
2149 1012 2330 1042 restituere

1316 1069 1499 1102 civitatem,
1511 1069 1546 1098 ut
1556 1066 1992 1097 absolutionisbeneficium
2005 1066 2185 1104 reciperes,
2197 1073 2262 1094 non
2275 1073 2330 1094 cu-

1316 1121 1411 1157 rasti,
1434 1123 1510 1154 etc„
1533 1128 1640 1158 usque
1661 1127 1853 1158 gravamen.
1877 1118 2040 1148 Yolentes
2058 1118 2161 1157 igitur
2179 1117 2329 1156 experiri

1316 1174 1422 1204 adhuc
1437 1176 1548 1204 utrum
1567 1173 1680 1211 aliqua
1696 1173 1728 1201 in
1744 1174 1776 1202 te
1793 1171 1984 1201 devotionis
1999 1171 2148 1201 scintilla
2162 1179 2330 1201 remanse-

1316 1227 1371 1263 rit,
1393 1236 1457 1266 que
1479 1225 1676 1265 apostolicis
1702 1225 1847 1255 excitata
1870 1224 2021 1259 monitis,
2046 1224 2078 1253 in
2101 1223 2251 1253 debitum
2278 1231 2328 1253 re-

1317 1282 1431 1319 surgat
1448 1279 1599 1309 caritatis
1617 1278 1783 1313 ardorem,
1803 1277 2018 1307 nobilitatem
2029 1278 2122 1306 tuam
2136 1284 2326 1312 monemuS,

1317 1342 1474 1372 rogamus
1484 1334 1513 1362 et
1525 1332 1698 1361 hortamur
1710 1332 1846 1366 attente,
1859 1338 1918 1368 per
1931 1330 2117 1368 apostolica
2131 1329 2193 1360 tibi
2205 1329 2332 1368 scripta

1316 1386 1469 1416 districte
1487 1384 1705 1424 precipiendo
1720 1384 1920 1413 mandantes
1933 1383 2092 1422 quatinus
2108 1383 2330 1413 memoratam

1316 1440 1499 1474 civitatem,
1525 1447 1600 1468 cum
1626 1437 1769 1467 edificiis
1793 1438 1824 1466 et
1852 1436 1990 1466 fossatis
2015 1435 2241 1474 omnibusque
2261 1436 2332 1466 tuis

1316 1494 1366 1523 vel
1386 1492 1464 1522 aliis
1484 1490 1779 1521 n'ieliorationibus
1800 1489 2084 1528 quibuscumque,
2104 1489 2276 1519 dimittere
2294 1489 2332 1518 li-

1316 1546 1395 1576 bere
1409 1545 1539 1585 prefato
1557 1545 1715 1583 episcopo
1735 1544 1765 1573 et
1786 1543 1976 1578 restituere,
1994 1551 2041 1577 ac,
2057 1542 2192 1572 nomine
2206 1542 2328 1581 ipsius,

1317 1600 1405 1629 dicto
1423 1597 1728 1637 archipresbytero,
1747 1596 1854 1626 adhuc
1871 1596 1944 1626 vice
1963 1598 2079 1626 nostra
2097 1598 2215 1634 parato
2233 1597 2264 1625 te
2284 1595 2333 1625 sa-

1317 1653 1461 1683 cientem
1478 1652 1632 1681 nostrum
1652 1650 1806 1680 absolute
1830 1649 2039 1685 mandatum,
2063 1648 2252 1685 absolvere,
2276 1657 2330 1678 cu-

1313 1705 1455 1745 juslibet
1473 1704 1607 1734 sublato
1627 1703 1839 1733 difficultatis
1855 1702 2041 1737 obstaculo,
2062 1702 2149 1732 infra
2169 1703 2242 1732 octo
2257 1701 2332 1732 dies

1317 1762 1391 1798 post
1413 1757 1663 1796 susceptionem
1686 1756 1905 1796 presentium,
1923 1755 2110 1794 assignare,
2129 1755 2169 1785 de
2193 1755 2332 1794 injuriis

1317 1814 1416 1851 atque
1435 1811 1592 1850 dampnis
1611 1809 1761 1849 plenarie
1777 1809 1973 1839 satisfacere
1990 1808 2207 1847 supradictis,
2225 1816 2332 1847 penas

1318 1874 1463 1905 quoque,
1479 1873 1562 1904 quas
1578 1866 1609 1894 te
1634 1872 1697 1894 non
1721 1864 1771 1893 est
1792 1862 1933 1892 dubium
1953 1863 2151 1899 incurrisse,
2170 1863 2246 1901 post
2264 1862 2333 1892 dic-

1317 1921 1389 1949 tum
1409 1918 1506 1949 nobis
1530 1926 1589 1956 per
1611 1919 1643 1947 te
1662 1917 1843 1956 prestitum
1859 1916 2102 1955 juramentum,
2122 1915 2328 1954 persolvere,

1318 1973 1437 2005 terras,
1462 1972 1580 2001 domos
1610 1972 1641 2000 et
1669 1970 1753 2000 alias
1778 1969 2015 2008 possessiones
2038 1977 2268 2008 quascumque
2296 1969 2330 1999 in

1318 2025 1453 2055 civitate
1474 2024 1625 2063 predicta
1646 2023 1698 2053 vel
1721 2023 1794 2061 ejus
1814 2022 1998 2057 territorio,
2018 2031 2035 2052 a
2052 2022 2105 2052 die
2123 2031 2188 2061 qua
2206 2022 2329 2053 dictam

1319 2078 1451 2108 intrasti
1472 2076 1718 2113 civitatein,vel
1739 2077 1826 2109 ante,
1845 2083 1952 2114 usque
1970 2075 2005 2104 in
2021 2075 2221 2105 hodiernum
2239 2075 2330 2105 diem

1318 2131 1430 2161 emisti
1453 2131 1559 2168 perte
1581 2129 1632 2159 vel
1653 2137 1815 2167 personas
1838 2128 2071 2167 interpositas,
2093 2128 2238 2158 vendere
2258 2128 2330 2158 sive

1317 2184 1396 2214 dare
1415 2185 1471 2214 aut
1495 2185 1686 2222 permutare
1709 2191 1769 2212 seu
1794 2182 1915 2220 quovis
1938 2181 2006 2212 alio
2030 2181 2129 2211 modo
2151 2182 2229 2212 aliis
2251 2181 2331 2212 alie-

1318 2245 1397 2267 nare
1409 2236 1566 2275 personis
1586 2236 1657 2266 Deo
1674 2237 1705 2265 et
1721 2235 1863 2265 ecclesie
1878 2235 2027 2265 Ostiensi
2041 2235 2198 2273 gratuitis
2214 2237 2245 2265 et
2257 2243 2332 2274 pre-

1317 2291 1406 2320 dicto
1424 2290 1583 2328 episcopo
1602 2297 1667 2318 non
1691 2289 1871 2327 suspectis.
1893 2290 2009 2318 cuncta
2027 2288 2067 2318 de
2084 2287 2243 2318 manibus
2260 2287 2331 2318 tuis

1317 2353 1334 2373 a
1361 2344 1510 2373 maximo
1539 2350 1644 2381 usque
1670 2341 1710 2371 ad
1737 2341 1916 2371 minimum
1941 2350 2082 2380 ponens,
2112 2343 2142 2371 et
2170 2342 2203 2371 iu
2228 2349 2330 2380 posse

1316 2396 1545 2427 transferi-ens
1563 2404 1581 2425 a
1595 2397 1652 2425 tuo
1667 2395 1803 2434 penitus
1819 2394 1981 2430 alienum,
1998 2394 2152 2424 redditus
2169 2394 2211 2424 ad
2222 2393 2282 2425 hec
2299 2396 2331 2425 et

1317 2449 1468 2485 servitia,
1485 2457 1548 2488 que
1563 2448 1626 2478 tibi
1639 2448 1809 2487 promissa
1824 2448 1928 2483 fuere,
1944 2447 2223 2486 promittentibus
2235 2455 2332 2486 pror·

1318 2512 1377 2534 sus
1399 2502 1571 2533 remittere
1596 2501 1780 2536 universis,
1807 2500 1970 2531 animalia
1993 2501 2131 2539 insuper
2149 2499 2331 2540 cujuslibet

1318 2556 1443 2596 speciei
1466 2558 1498 2586 et
1521 2555 1667 2594 generis,
1687 2553 1839 2588 bladum,
1858 2554 2037 2593 pecuniam
2064 2556 2095 2584 et
2121 2553 2189 2584 alia
2212 2556 2331 2585 cuncta

1316 2610 1404 2640 bona
1421 2608 1616 2638 hominibus
1635 2607 1840 2647 supradictis
1861 2615 1920 2645 per
1936 2609 1981 2642 te,
1999 2607 2178 2646 presertim
2196 2615 2332 2646 presen-

1316 2662 1408 2692 tibus
1422 2662 1550 2692 nuntiis
1562 2661 1689 2691 nostris
1701 2660 1854 2700 prefatis,
1864 2659 1988 2693 ablata,
1998 2660 2127 2699 integre
2137 2659 2329 2696 restituere,

1316 2715 1382 2751 vel,
1402 2715 1430 2745 si
1450 2715 1533 2745 forte
1551 2723 1617 2745 non
1638 2715 1751 2744 extent
1767 2713 1893 2749 omnia,
1913 2722 2096 2752 congruum
2113 2721 2174 2751 pro
2191 2721 2257 2743 non
2273 2721 2330 2743 ex-

1316 2767 1467 2799 tantibus
1491 2768 1637 2807 pretium
1665 2767 1841 2802 resarcire,
1869 2766 2014 2804 dampna
2039 2765 2281 2796 nichilominus
2298 2768 2329 2796 et

1316 2822 1493 2858 interesse,
1511 2829 1575 2860 que
1592 2820 1732 2860 proinde
1750 2820 1974 2853 incurrerunt,
1994 2819 2080 2858 ipsis
2097 2819 2199 2849 etiam
2217 2827 2331 2850 emen·

1315 2875 1408 2911 dare,
1426 2876 1458 2904 et
1474 2876 1541 2904 tam
1561 2882 1578 2903 a
1590 2873 1726 2903 civitate
1743 2872 1894 2911 predicta
1909 2871 2066 2906 finaliter,
2084 2880 2183 2910 quam
2200 2872 2329 2903 eisdem

1315 2927 1426 2964 bonis
1448 2927 1561 2959 terris.
1582 2925 1871 2966 possessionibus,
1895 2924 2085 2955 redditibus
2107 2927 2136 2955 et
2161 2925 2327 2964 quibusli-
