2547 3289
517 176 544 211 ‘X

209 227 268 255 310

247 321 260 335 α
271 333 290 338 ..
303 308 437 347 episcopo
450 306 664 336 camerinensi.
676 306 870 344 Apostolice
880 306 1055 344 dignitatis
1066 306 1212 335 ot'ticium
1244 318 1245 323 ¹

206 379 253 390 ——.
276 362 372 394 Sane,
392 359 467 388 licet
481 358 665 396 apostolica
685 358 781 387 sedes
798 358 968 387 civitatem
984 358 1214 388 Auximanam

205 423 264 452 pro
282 422 319 443 co
336 412 423 451 quod
440 422 474 441 se
492 413 569 441 tunc
585 411 693 440 eidem
711 411 781 440 sedi
800 411 992 441 reddiderat
1007 411 1212 445 indevotam,

205 466 329 496 dudum
362 464 545 503 episcopali
574 464 735 502 dignitate
759 464 928 502 privasset
957 466 989 494 et
1015 464 1215 503 dignitatem

203 518 396 555 hujusmodi
415 517 643 546 transtulisset
663 517 703 546 ad
718 519 866 546 castrum
886 517 1130 553 Racanatense,
1147 518 1216 547 dio—

205 572 291 602 cesis
307 570 522 604 flammatis,
546 578 606 599 nos
631 572 741 599 tamen
759 571 985 608 postmodum,
1003 571 1216 601 attendentes

204 624 291 662 quod
310 624 396 653 idem
417 625 566 652 castrum
586 623 729 660 pristine
754 623 962 653 sinceritatis
983 626 1015 653 et.
1040 624 1216 653 fidelitatis

204 677 350 714 insignia
374 675 624 714 derelinquens,
651 684 686 705 se
709 676 873 706 convertit
897 677 937 706 ad
958 677 1087 714 fraudis
1111 677 1216 715 turpi-

203 729 354 759 tudinem
393 731 423 758 et
454 728 654 758 hostilitatis
682 728 867 766 horrorem,
901 730 1040 760 devotos
1075 730 1217 760 ecclesie

205 781 440 820 multipliciter
472 782 716 820 persequendo,
747 782 902 821 dictaque
943 783 1064 813 civitas
1112 783 1217 813 multe

205 835 363 873 spiritum
381 834 571 864 devotionis
591 843 781 870 assumens,
801 838 831 865 et
854 838 1046 866 constanter
1062 846 1099 866 ac
1116 836 1217 867 intre-

204 889 292 927 pide,
307 896 366 926 pro
379 888 503 918 tuenda
516 888 745 918 ecclesiastica
760 888 926 925 libertate,
941 898 976 920 se
988 890 1022 920 in
1036 891 1217 928 conspectu

205 942 296 971 sedis
333 941 483 980 eJusdem
514 941 649 980 dignam
679 942 856 972 constituit
882 943 1020 982 speciali
1051 943 1159 982 gratia
1187 944 1217 973 et

204 995 342 1030 honore,
370 994 538 1033 prefatum
560 996 708 1025 castrum
735 996 930 1034 supradicta
957 996 1144 1035 episcopali
1170 996 1217 1026 di-

205 1048 345 1087 gnitate,
369 1048 504 1086 justitia
536 1048 710 1084 suadente,
729 1049 951 1087 privavimus,
983 1052 1014 1080 et
1031 1051 1219 1080 statuentes

206 1101 296 1140 quod
313 1105 403 1131 esset
422 1101 461 1131 de
482 1101 612 1139 pret'ata
629 1101 768 1138 diocesi,
788 1102 874 1132 sicut
894 1103 999 1141 prius,
1018 1103 1219 1141 dignitatem

206 1154 317 1192 ipsam
344 1154 474 1184 civitati
497 1154 645 1192 predicte
669 1155 895 1191 restituimus,
915 1158 951 1186 ut
977 1164 1050 1186 eam
1083 1156 1117 1185 in
1149 1165 1221 1194 pre-

207 1208 311 1238 misse
330 1215 390 1237 sue
413 1207 603 1237 devotionis
622 1208 840 1238 multitudine
859 1209 989 1239 firmam
1011 1211 1042 1239 et
1061 1209 1219 1239 stabilem

207 1261 337 1290 cunctis
366 1260 489 1290 futuris
519 1260 731 1298 temporibus
759 1261 987 1292 redderemus.
1011 1263 1098 1297 Quia
1128 1270 1220 1297 vei-0,

208 1314 294 1343 sicut
311 1313 515 1343 venerabilis
534 1313 637 1343 frater
665 1316 803 1344 noster..
824 1314 1005 1353 episcopus
1031 1315 1219 1351 Humanas,

209 1367 366 1405 exposuit
392 1375 503 1396 coram
531 1366 640 1403 nobis,
661 1368 811 1405 tempore
839 1376 903 1406 quo
931 1369 1079 1398 castrum
1108 1368 1219 1407 ipsum
1250 1369 1252 1392 l
1283 1379 1360 1400 mus
1388 1374 1419 1401 et
1451 1372 1649 1401 ordinamus
1674 1373 1873 1402 auctoritate
1894 1372 2104 1411 presentium
2126 1381 2233 1412 usque
2257 1373 2299 1404 ad

209 1420 407 1458 dignitatem
427 1420 565 1449 eandem
587 1419 741 1455 habebat,
764 1421 907 1450 ecclesia
931 1422 1039 1451 sancti
1065 1422 1219 1451 Flaviani

211 1473 453 1503 Racauatensis
472 1474 503 1502 et
529 1473 691 1503 nonnulla
708 1473 775 1503 alia
791 1474 877 1503 bona
899 1474 964 1504 sita
988 1474 1021 1504 in
1047 1475 1220 1505 territorio

210 1526 319 1564 ipsius
341 1526 454 1559 castri,
473 1526 582 1556 eidem
600 1526 755 1565 dignitati
780 1535 838 1565 per
862 1528 985 1557 dictam
1011 1528 1124 1558 sedem
1144 1537 1220 1559 con-

209 1588 305 1610 cessa
319 1579 466 1615 fuerunt,
487 1580 637 1618 prefatus
656 1580 836 1618 episcopus
857 1581 1033 1611 humiliter
1050 1581 1185 1619 petebat
1202 1592 1220 1612 a

205 1632 315 1668 nobis,
335 1634 369 1662 ut
387 1641 462 1662 cum
488 1633 629 1662 ecclesia
649 1642 711 1662 sua
733 1634 920 1670 Humanas,
940 1637 1096 1673 pretextu
1113 1636 1220 1665 trans-

206 1685 344 1715 lationis
363 1685 403 1715 de
419 1685 581 1723 dignitate
606 1685 680 1724 ipsa
698 1686 780 1715 olim
808 1686 849 1716 ad
873 1689 1022 1717 castrum
1042 1687 1127 1717 facte
1146 1696 1220 1726 pre-

206 1739 345 1774 dictum,
366 1738 407 1768 ad
432 1747 568 1777 gravem
595 1739 745 1777 inopiam
770 1740 813 1770 sit
835 1740 988 1775 deducta,
1010 1740 1151 1770 eandem
1169 1749 1220 1771 ec—

206 1792 345 1822 clesiam
380 1792 487 1822 sancti
521 1792 675 1822 Flaviani
711 1794 741 1822 et
776 1793 861 1823 bona
893 1794 1060 1832 premissa
1089 1793 1154 1823 sibi
1188 1796 1220 1824 et
1250 1815 1251 1821 ,

206 1853 322 1875 mense
345 1854 404 1874 sue
434 1845 614 1876 concedere
644 1848 676 1875 in
708 1847 908 1884 perpetuum
945 1847 984 1877 de
1011 1847 1218 1886 benignitate
1250 1866 1251 1871 =

207 1898 393 1936 apostolica
407 1906 613 1928 curaremus.
632 1899 703 1928 Nos
722 1899 847 1938 itaque,
861 1900 1051 1938 paupertati
1067 1900 1218 1938 ejusdem
1248 1903 1250 1911 ¹

208 1951 357 1990 episcopi
391 1953 530 1989 paterno
566 1952 808 1990 compatientes
844 1953 980 1989 affectu,
1014 1953 1219 1984 fraternitati
1248 1987 1249 1998 ἵ

208 2006 264 2033 tue
278 2004 477 2034 mandamus
493 2004 652 2042 quatinus
669 2005 698 2034 si
717 2005 804 2043 quod
820 2006 858 2035 de
874 2007 1090 2036 concessione
1109 2007 1220 2045 ipsius
1248 2042 1249 2047 ¹

209 2057 350 2087 ecclesie
382 2057 487 2087 sancti
518 2057 671 2087 Flaviani
699 2060 731 2088 et.
761 2058 924 2089 bonorum
956 2059 1107 2098 ipsorum
1134 2060 1217 2090 t'acta

209 2111 296 2141 dicte
307 2111 474 2149 dignitati,
495 2113 525 2141 et
542 2111 655 2150 inopia
670 2112 822 2149 ejusdem
840 2113 990 2151 episcopi
1006 2114 1218 2151 proponitur,

209 2166 348 2194 veritate
382 2164 536 2197 fulcitur.
567 2165 764 2203 J'amdictam
793 2166 973 2196 ecclesiam
1008 2167 1114 2197 sancti
1149 2168 1219 2197 Fla·
1248 2158 1249 2161 ¹

210 2217 299 2247 viani
327 2219 357 2247 et
383 2217 469 2247 bona
488 2218 639 2256 predicta
664 2219 774 2248 eidem
800 2219 958 2258 episcopo
985 2221 1017 2249 et
1043 2228 1158 2250 mense
1184 2221 1218 2251 in

208 2272 408 2308 perpetuum
435 2279 493 2309 per
520 2273 551 2300 te
572 2271 623 2301 vel
649 2280 708 2310 per
733 2272 848 2307 alium,
869 2273 1069 2303 auctoritate
1104 2275 1220 2303 nostra

209 2324 363 2354 conseras
378 2326 408 2354 et
423 2324 587 2363 assignes.
603 2325 875 2355 Contradictores
891 2328 954 2355 etc.
973 2326 1047 2356 Non
1064 2326 1219 2357 obstante

208 2394 257 2406 —.
274 2377 397 2407 Datum
416 2377 502 2415 apud
528 2377 817 2414 Urbemvetereim
832 2387 905 2408 vr111
931 2379 1094 2409 kalendas
1117 2380 1217 2417 junii.

210 2438 295 2459 anno
314 2430 384 2460 111⁰.
405 2439 422 2459 »

299 2580 372 2610 (34ss

816 2581 941 2611 0rvicto.
962 2581 1051 2617 zjuin
1072 2582 1148 2609 1202.

246 2658 425 2684 Frcdcricum
442 2658 474 2684 dc
489 2658 602 2690 Fronte,
615 2659 786 2685 canonicum
802 2659 941 2686 ecclcsiae
961 2660 1124 2695 lporiensis,
1144 2661 1218 2697 ejus-

209 2707 274 2733 dem
299 2706 435 2733 ecclesiae
457 2710 671 2740 procuratorem
693 2707 722 2734 in
740 2707 938 2742 spiritualibus
964 2711 993 2735 et
1012 2710 1218 2744 temporalibus

209 2755 370 2782 coustituit.
386 2756 465 2791 tilae.
485 2756 528 2782 28.
546 2755 594 2783 fol.
617 2758 661 2787 65,
677 2765 744 2784 anu.
765 2757 813 2791 111,
832 2758 946 2792 110248.)

249 2863 265 2883 «
283 2853 444 2883 Frederico
462 2854 498 2883 dn*
524 2854 645 2889 Fronte,
666 2855 812 2885 canonico
831 2861 857 2885 e!
879 2858 1077 2896 procuratori
1098 2860 1219 2890 ecclesie

210 2907 386 2948 Iporiensis.
412 2908 501 2938 Inter
517 2908 601 2938 alias
621 2909 868 2940 sollicitudines
884 2928 931 2941 —.
951 2911 1036 2942 Sane
1052 2912 1218 2951 Iporiensi

966 224 993 253 R
999 222 1211 253 EGIs'sREs
1234 222 1449 252 D'URBAIN
1475 222 1531 252 IV.

1276 298 1418 335 ecclesia
1447 306 1596 345 episcopi
1630 307 1752 337 solatio
1781 308 1954 341 destituta⁷
1982 309 2127 340 dilectus
2152 311 2288 342 filius..

1244 382 1245 405 1
1276 359 1548 399 archipresbyter
1573 362 1605 390 et
1627 361 1814 399 capitulum
1837 361 1989 400 ejusdem
2013 362 2155 393 ecclesie
2171 372 2290 394 conve-

1275 412 1407 442 nientes
1436 413 1468 442 in
1494 422 1609 450 unum,
1631 414 1780 452 Spiritus
1804 414 1917 444 Sancti
1936 415 2046 454 gratia
2064 415 2229 452 invocata,
2245 419 2289 452 te,

1244 482 1245 493 i
1276 466 1458 503 patientem
1479 467 1648 496 desectum
1673 467 1707 496 in
1727 467 1916 503 ordinibus,
1932 469 2090 498 canonice
2104 470 2136 499 et
2156 477 2292 499 concor-

1277 518 1364 548 diter
1382 519 1574 556 postulasse
1596 520 1754 549 dicuntur
1778 521 1813 550 in
1833 521 2031 559 episcopum
2049 523 2080 551 et
2104 523 2289 560 pastorem,

1277 572 1374 610 quus
1386 572 1650 610 postulationem
1660 573 1866 603 venerabilis
1878 574 1981 604 frater
1992 576 2119 610 noster,
2133 599 2152 605 ..
2168 575 2293 605 Medio-

1278 625 1428 654 lanensis
1447 626 1722 664 archiepiscopus
1746 627 2041 666 metropolitanus,
2060 630 2291 666 presentatam

1279 677 1357 714 sibi,
1370 679 1410 708 (le
1428 679 1525 714 tacto,
1537 688 1612 708 cum
1632 679 1761 718 dejure
1780 688 1847 709 non
1866 683 1993 718 posset,
2010 681 2159 716 admisit,
2177 681 2293 720 sicque

1278 733 1325 768 tu,
1350 732 1410 761 tali
1441 734 1608 770 pretextu,
1629 733 1918 763 administrationi
1935 733 2022 764 dicte
2045 733 2187 764 ecclesie
2206 736 2238 764 te
2256 734 2293 764 in

1279 784 1519 823 spiritualibus
1537 787 1567 815 et
1590 785 1835 824 temporalibus
1865 786 2054 826 ingessisti.
2079 787 2148 818 Nos
2166 789 2290 821 autem,

1279 838 1490 869 attendentes
1509 839 1596 878 quod
1617 839 1649 868 id
1662 839 1771 869 eidem
1788 839 2042 878 archiepiscopo
2066 849 2134 870 non
2155 840 2292 875 licebat,

1279 891 1369 930 quod
1385 900 1487 930 super
1502 891 1563 922 hoc
1580 901 1640 930 per
1657 901 1733 922 eum
1759 892 1883 923 factum
1905 893 2029 929 extitit,
2051 902 2186 924 cassum
2204 896 2234 923 et
2252 894 2295 924 ir-

1280 944 1383 975 ritum
1396 945 1593 976 nuntiamus
1607 949 1636 976 et
1654 946 1782 976 nullius
1795 947 1943 976 existere
1957 947 2143 977 firmitatis.
2154 948 2295 982 Yerum,

1280 998 1434 1028 nolentes
1457 998 1546 1037 quod
1571 999 1687 1029 eadem
1707 999 1849 1030 ecclesia
1877 1001 1950 1030 sine
1975 1000 2198 1040 gubernatore
2220 1000 2296 1030 diu-

1279 1051 1349 1081 tius
1368 1054 1569 1088 remaneret,
1589 1054 1619 1083 et
1638 1053 1893 1083 considerantes
1908 1053 1998 1092 quod
2018 1053 2170 1092 predicta
2190 1053 2296 1084 eccle-

1282 1104 1331 1134 sie
1349 1113 1409 1143 per
1428 1105 1630 1136 industriam
1644 1108 1748 1141 tuam,
1760 1115 1835 1136 cum
1854 1107 1914 1141 sis.
1929 1109 2026 1145 prout
2044 1107 2249 1146 accepimus,
2260 1107 2296 1137 in

1282 1158 1522 1196 spiritualibus
1554 1161 1586 1189 et
1617 1159 1863 1198 temporalibus
1888 1159 2107 1190 laudabiliter
2135 1160 2296 1190 circums-

1280 1214 1411 1250 pectus,
1430 1212 1463 1242 in
1479 1213 1633 1251 utrisque
1650 1213 1794 1242 feliciter
1806 1213 1989 1252 gubernari
2002 1214 2128 1252 poterit
2145 1216 2176 1243 et
2190 1223 2208 1243 a
2223 1213 2296 1244 suis

1282 1265 1543 1303 injuriatoribus
1569 1266 1752 1302 defensari,
1779 1268 1810 1296 te
1837 1266 1877 1296 de
1903 1266 2087 1304 apostolice
2115 1267 2297 1304 potestatis

1282 1317 1504 1355 plenitudine,
1528 1321 1782 1356 procuratorem
1805 1319 1934 1357 prefate
1957 1319 2098 1349 ecclesie
2122 1320 2298 1350 constitui-

1283 1426 1396 1454 nostre
1412 1424 1661 1463 beneplacitum
1680 1425 1877 1462 voluntatis,
1891 1425 1953 1455 tibi
1966 1425 2298 1457 administrationem

1250 1511 1251 1514 Ἰ
1282 1478 1447 1508 bonorum
1467 1478 1576 1516 ipsius
1595 1478 1736 1509 ecclesie
1761 1479 1794 1509 in
1817 1479 2057 1518 spiritualibus
2079 1482 2109 1510 et
2132 1482 2299 1519 tempora·

1283 1530 1374 1561 libus
1398 1531 1497 1570 plene
1521 1540 1557 1562 ac
1581 1531 1687 1562 libere
1716 1533 1958 1563 committendo
1979 1550 2028 1563 —.
2057 1533 2182 1564 Datum
2209 1533 2300 1572 apud

1284 1584 1574 1619 Urbemveterem,
1593 1595 1641 1615 1111
1658 1594 1765 1615 nonas
1778 1586 1876 1624 junii,
1896 1595 1982 1616 anno
1999 1586 2072 1617 111⁰.
2090 1596 2106 1615 »

1325 1704 1363 1733 In
1379 1712 1406 1733 e.
1424 1712 1467 1733 m.
1488 1703 1769 1742 archipresbitero
1786 1705 1819 1734 et
1833 1705 1981 1743 capitulo
1999 1705 2246 1743 Iporiensibus.

1323 1757 1360 1786 In
1379 1765 1406 1786 e.
1426 1766 1471 1786 m.
1492 1756 1580 1786 clero
1598 1757 1826 1795 Iporiensium
1843 1758 1992 1788 civitatis
2011 1760 2043 1788 et
2060 1758 2218 1788 diocesis.

1321 1811 1358 1840 In
1377 1819 1405 1840 e.
1424 1819 1468 1839 m.
1488 1811 1614 1849 populo
1636 1811 1849 1849 Iporensium
1868 1811 2018 1841 civitatis
2036 1813 2069 1842 et
2089 1811 2248 1842 diocesis.

1322 1863 1359 1892 In
1376 1872 1404 1893 e.
1424 1872 1469 1893 m.
1487 1864 1659 1894 universis
1676 1864 1836 1894 vassallis
1854 1864 1996 1894 ecclesie
2014 1865 2213 1904 Iporiensis.

1372 2036 1443 2067 647
1896 2037 2019 2067 orviem.
2037 2038 2053 2063 :2
2065 2037 2127 2072 juin
2148 2037 2224 2064 1264.

1319 2122 1500 2154 lticcardum,
1537 2122 1769 2149 Lincolnicnscm
1803 2123 1981 2156 episcopum,
2005 2125 2207 2149 contumacem
2234 2131 2298 2149 sus-

1282 2172 1392 2205 pendit.
1409 2172 1488 2206 (lieu.
1507 2173 1551 2202 28,
1572 2171 1619 2197 t'ol.
1635 2174 1679 2203 Οἵ),
1700 2180 1767 2197 ann.
1784 2171 1828 2201 ΙΙΙ,
1849 2176 1877 2197 n⁰
1890 2172 1966 2205 249.)

1322 2283 1338 2303 «
1356 2273 1407 2303 Ad
1421 2275 1558 2313 suturam
1579 2275 1622 2303 rei
1645 2274 1829 2303 uterum-ium.
1848 2273 1937 2305 Olim
1963 2274 2002 2304 de
2019 2273 2198 2310 Riccal'do,
2220 2274 2299 2305 Lin-

1282 2328 1447 2357 colniensi
1477 2328 1648 2366 episcopo,
1675 2327 1869 2366 frequenter
1891 2336 1908 2357 a
1943 2327 2121 2366 tidedignis
2140 2328 2298 2366 personis

1282 2381 1443 2411 nonnulla
1460 2381 1594 2411 fuerunt
1614 2380 1712 2410 nobis
1723 2381 1893 2410 insinuata
1908 2381 2061 2416 sinistra,
2075 2389 2140 2419 que
2153 2381 2298 2412 molesta

1281 2437 1376 2465 erant
1392 2443 1430 2464 eo
1454 2434 1601 2473 amplius
1624 2434 1716 2464 cordi
1740 2436 1867 2469 nostro.
1894 2443 1959 2472 quo
1985 2434 2095 2473 magis
2119 2433 2297 2465 obnubila-

1249 2487 1251 2494 '
1281 2488 1360 2518 bant
1379 2488 1664 2527 pulchritudinem
1679 2488 1767 2517 fame
1785 2496 1856 2517 sue.
1875 2487 2078 2526 Accepimus
2089 2487 2180 2518 enim
2194 2487 2296 2526 quod,

1282 2550 1320 2571 eo
1342 2541 1581 2571 dissimulante
1601 2550 1637 2570 ac
1664 2541 1892 2579 permittente,
1919 2541 2022 2571 immo
2048 2541 2151 2571 etiam
2170 2541 2211 2572 ad
2236 2541 2299 2572 hoc

1281 2597 1454 2633 prestante
1473 2594 1545 2624 suis
1562 2594 1687 2626 verbis.
1708 2596 1742 2624 ut
1768 2594 1902 2629 dicitur,
1925 2594 2143 2631 incentivum,
2163 2595 2299 2626 fuerant

1282 2648 1315 2677 in
1326 2648 1460 2686 Anglia,
1476 2656 1540 2677 non
1558 2649 1631 2678 sine
1646 2648 1753 2678 multa
1768 2648 1860 2677 sedis
1877 2647 2062 2686 apostolice
2077 2648 2295 2685 contumelia,

1282 2701 1316 2731 in
1333 2701 1462 2731 nuntiis
1482 2701 1680 2732 ot‘ticialium
1701 2701 1793 2731 sedis
1814 2701 1924 2739 ipsius
1943 2700 2087 2740 quedam
2113 2701 2297 2732 homicidia

1281 2757 1485 2793 perpetrata,
1505 2754 1661 2793 quodque
1682 2754 1772 2784 idem
1790 2754 1971 2792 episcopus
1995 2753 2106 2784 eidem
2133 2754 2206 2784 sedi
2231 2763 2297 2785 non

1281 2807 1448 2843 deferens,
1479 2807 1538 2837 sed
1563 2809 1670 2846 ipsam
1704 2807 1929 2836 irreverenter
1958 2815 2155 2845 aspernans,
2182 2815 2298 2837 conce-

1281 2861 1328 2900 pit
1348 2861 1381 2890 in
1400 2861 1500 2894 votis,
1526 2861 1615 2890 sicut
1633 2868 1733 2898 opere
1752 2862 1906 2898 patenter
1929 2859 2089 2893 ostendit,
2108 2860 2297 2899 apostolica

1281 2922 1347 2944 non
1373 2914 1483 2944 solum
1514 2913 1677 2952 preterire
1703 2913 1873 2949 mandata,
1900 2921 2017 2943 verum
2042 2913 2144 2943 etiam
2169 2922 2208 2944 ea
2227 2915 2297 2944 tam
