2547 3289
255 256 311 284 154
1011 250 1254 280 itt-jtiffi‘sl’tlfis
1275 249 1491 280 D'URBAIN
1518 249 1574 279 lv.

253 336 326 365 ture
344 335 508 365 maculam
527 334 645 363 decore
661 333 798 363 virtutis
816 331 1130 365 nosceris·abolere,
1148 331 1260 361 favore
1290 367 1291 373 ἵ

252 389 444 418 meritorum
480 388 645 416 redimens
667 386 755 424 qnod
785 388 878 415 ortus
900 386 1038 415 odiosus
1067 384 1203 421 ademit,
1225 392 1261 413 ac
1292 404 1293 425 t

1292 433 1293 464 ἶ
1323 437 1371 466 vit
1389 438 1488 475 atque
1503 437 1684 473 concessit,
1703 438 1733 467 et
1751 445 1816 475 (100
1847 437 1968 475 prefati
1985 436 2260 476 archiepiscopus
2278 446 2339 469 seu

252 442 403 471 volentes
421 440 594 479 111-11101101
610 439 879 469 consideratione
894 439 1006 468 dilecti
1024 438 1083 467 tilii
1099 437 1203 467 nostri
1215 438 1260 472 J„

252 496 308 529 ΗΞ,
329 494 448 523 Cosmc
468 496 499 522 ct
516 492 671 522 lssknniani
690 492 819 521 diaconi
832 491 1026 526 cardinalis,
1049 491 1146 520 nobis
1161 499 1262 529 snper

253 546 313 576 hoc
332 546 568 584 supplicantis,
590 545 649 575 tibi
665 545 773 575 facere
794 547 824 574 in
848 545 907 574 hac
925 546 1019 583 parte
1039 544 1181 581 gratiam
1196 552 1263 573 am-

254 599 408 637 pliorem,
429 600 475 633 nt,
495 599 626 628 defectu
647 607 711 627 non
730 597 885 627 obstante
904 597 1066 636 predicto,
1089 597 1129 626 ad
1148 596 1261 635 hujus-

252 652 341 681 modi
378 651 604 690 episcopalem
644 651 842 687 dignitatem
881 651 971 680 licite
1007 650 1085 687 eligi
1120 658 1262 688 eamque

252 701 401 738 recipcre
411 700 515 730 libere
527 700 640 729 valeas
652 699 851 729 auctoritate
862 699 922 729 tibi
936 699 1143 737 presentium
1157 698 1264 727 indul-

251 762 380 791 gemus.
392 753 486 783 Nulli
500 761 577 791 ergo
596 754 708 782 nostre
719 752 948 781 concessionis
961 754 1022 782 etc..
1038 752 1160 781 Datum
1175 750 1261 789 apud

252 806 541 842 lh‘bemveterem,
558 815 592 834 ιιι
613 814 718 835 nonas
736 805 882 844 augusti,
903 813 990 835 anno
1008 814 1028 834 ιι
1045 810 1066 834 0.
1089 814 1103 833 11

339 969 411 999 334
803 967 926 997 (Jrvieto,
944 969 972 994 13
993 966 1095 994 sevrier
1112 968 1188 993 1263,

251 1144 381 1175 ilenrico,
414 1144 547 1179 episcopo
576 1144 710 1176 Ostiensi,
729 1146 795 1171 tunc
825 1144 1040 1179 archiepiscopo
1058 1144 1260 1175 1·Σ1100110110031,

252 1194 341 1220 saetas
368 1194 530 1225 confirmat,
549 1195 678 1219 tenorem
710 1193 856 1227 inperialis
888 1193 1030 1227 privilegii
1064 1193 1260 1228 praesentibus

252 1242 338 1269 inseri
354 1242 459 1269 faciens
479 1243 672 1277 —.(tt1-:‹·.,‘26‚
689 1242 754 1268 anni
772 1242 803 1274 lt,
822 1248 850 1268 11⁰
869 1244 927 1274 196,
946 1242 992 1269 fol.
1011 1244 1080 1276 titii),

293 1344 333 1362 «..
364 1331 454 1361 eleeto
491 1331 711 1361 Ebriecluncnsi.
734 1332 884 1361 Ecclesie
912 1334 966 1361 tue
985 1332 1204 1370 profectibus,
1223 1350 1261 1354 —

251 1387 336 1417 Sane
351 1386 382 1415 in
399 1387 510 1415 nostra
530 1385 735 1423 proposuisti
754 1385 924 1423 presentia
941 1385 1157 1422 constitutus,
1172 1386 1259 1423 1111011

251 1440 338 1469 clare
352 1439 513 1468 memorie
530 1438 739 1474 willelmus,
756 1447 813 1467 rex
827 1438 1068 1473 Romanorum,
1084 1439 1261 1468 attendens

250 1494 345 1531 grata
359 1491 522 1529 obsequia
538 1500 601 1529 (100
614 1490 819 1520 venerabilis
835 1491 939 1521 frater
954 1493 1067 1521 noster
1078 1492 1258 1524 Hemicus.

250 1545 419 1575 Ostiensis
436 1544 627 1582 episcopus,
648 1546 727 1573 tunc
747 1544 1022 1583 archiepiscopus
1044 1544 1261 1574 1101000000-

250 1599 310 1634 sis,
327 1599 520 1628 antecessor
537 1599 627 1632 tuus,
656 1597 690 1626 in
712 1597 784 1626 suis
806 1599 837 1627 et
855 1597 992 1635 Imperii
1022 1598 1167 1636 negotiis
1186 1607 1260 1636 pru-

249 1652 367 1681 denter
386 1652 418 1681 et
436 1651 580 1680 fideliter
599 1650 825 1688 impendebat,
844 1651 1015 1681 civitatem
1047 1650 1262 1681 1111101100οη-

249 1714 332 1740 sem,
375 1706 495 1739 castra,
535 1703 646 1739 villas,
687 1704 821 1742 oppida,
858 1704 1107 1742 possessiones,
1147 1705 1258 1739 feuda,

249 1758 400 1793 servitia,
421 1766 553 1787 census.
577 1757 770 1795 pensiones,
796 1757 961 1795 justitias,
994 1758 1187 1794 laudisinia,
1206 1767 1262 1796 pe-

249 1811 359 1849 dagia,
379 1810 545 1845 thelonea,
563 1810 649 1848 jura,
671 1810 822 1839 dominia
840 1812 872 1840 et
890 1811 987 1849 quasi
1006 1811 1156 1840 dominia
1176 1814 1260 1841 cete-

250 1873 353 1903 101100
371 1863 468 1899 bona,
496 1864 684 1901 corporalia
705 1865 735 1893 et
755 1864 989 1902 incorporalia,
1010 1873 1085 1893 cum
1103 1865 1261 1895 omnibus

250 1917 465 1957 pertinentiis
478 1917 561 1952 suis,
579 1926 642 1955 11110
661 1917 748 1946 idem
759 1917 1034 1955 archiepiscopus
1052 1918 1102 1947 vel
1120 1919 1172 1947 sui
1191 1927 1261 1956 prc-

251 1972 446 2001 decessores
465 1969 753 2004 inlibredunensi,
780 1971 985 2009 Yapincenci
1004 1973 1030 2000 et
1057 1972 1261 2001 'l‘aurinensi

251 2023 444 2054 diocesibus
462 2032 673 2061 ‹plot-umque
694 2023 791 2052 modo
811 2024 861 2053 vel
878 2024 977 2053 titulo
991 2025 1101 2062 adepti
1117 2025 1259 2059 fueraut,

250 2077 303 2107 vel
322 2086 385 2115 11110
399 2077 509 2106 dictus
529 2075 803 2114 archiepiscopus
821 2078 851 2106 et
866 2086 1081 2106 successores
1096 2078 1167 2116 ejus
1186 2087 1262 2116 pos-

251 2132 326 2160 sent
344 2130 375 2159 in
395 2130 566 2167 posterum
584 2129 737 2167 adipisci,
756 2138 883 2159 necnon
903 2129 1090 2167 privilegia,
1111 2131 1261 2160 donatio-

252 2192 311 2213 nes
330 2185 361 2212 ct
377 2182 550 2212 libertates
570 2181 820 2212 tdbredunensis
839 2182 979 2211 ecclesie
996 2192 1032 2212 ac
1050 2184 1262 2221 predecesso-

252 2236 347 2267 ribus
360 2236 468 2274 ipsius
483 2235 726 2273 archiepiscopi
742 2235 783 2264 ab
796 2235 1067 2265 antecessoribus
1081 2237 1159 2267 dicti
1173 2238 1261 2275 regi<

252 2289 513 2328 imperatoribus
543 2298 602 2318 seu
632 2288 768 2327 regibus
801 2289 852 2319 vel
885 2289 962 2318 aliis
990 2290 1261 2329 (11111111301111111110

252 2351 422 2374 concessa.
440 2343 577 2380 insuper
592 2342 693 2371 etiam
710 2350 841 2372 merum
856 2344 887 2372 et
905 2343 1049 2372 mixtum
1067 2344 1259 2382 imperium.

246 2396 517 2436 jurisdictionem
539 2395 779 2431 omnimodam,
796 2396 966 2434 adempra,
985 2397 1128 2435 quistas.
1148 2398 1261 2428 tallias

250 2450 302 2480 vel
318 2449 510 2480 exactiones
538 2449 728 2484 consuetas,
751 2458 814 2488 que
834 2449 959 2487 dejure
984 2450 1054 2479 fieri
1071 2453 1207 2489 possent
1227 2452 1259 2482 in

251 2503 379 2533 eisdem
391 2502 475 2531 locis
487 2511 545 2541 per
560 2502 701 2532 eundem
714 2510 825 2541 regem
839 2502 892 2532 vel
905 2503 944 2533 (10
957 2504 1114 2534 mandato
1127 2513 1200 2541 suo,
1215 2505 1259 2535 ei·

252 2556 326 2585 dem
337 2555 588 2594 archiepiscopo
599 2555 737 2593 suisque
748 2555 1002 2586 successoribus
1011 2556 1174 2592 habenda,
1186 2567 1260 2597 pos-

253 2608 403 2643 sidenda,
423 2608 578 2644 tenenda,
600 2608 756 2646 regenda,
774 2608 1001 2647 percipienda,
1033 2611 1187 2648 petenda,
1206 2612 1261 2643 de-

251 2660 428 2695 fendenda,
445 2661 641 2700 exequenda
653 2663 685 2691 et
697 2662 882 2692 exercenda
894 2671 954 2701 per
965 2671 1001 2693 se
1015 2663 1068 2693 vel
1084 2673 1144 2702 per
1156 2665 1260 2696 alium

254 2722 314 2744 seu
342 2715 426 2744 alios
442 2715 540 2753 pleno
554 2715 641 2754 jure,
659 2714 764 2745 libere
779 2716 812 2746 et
838 2715 962 2754 quiete,
981 2717 1075 2747 nulla
1095 2719 1259 2758 prescrip-

252 2767 344 2798 tione
356 2769 508 2797 curreute
522 2768 573 2797 vel
588 2767 741 2798 obstante
758 2769 928 2799 autetiam
948 2778 1011 2800 usu
1029 2771 1197 2802 contrario
1207 2772 1260 2802 vel

253 2828 320 2850 non
334 2829 409 2854 usu,
424 2828 550 2850 necnon
565 2822 763 2859 potestatem
783 2821 924 2851 faciendi
939 2824 1143 2854 seucreandi
1160 2824 1262 2855 tabel-

253 2872 363 2904 liones
380 2872 546 2912 publicos,
568 2882 710 2912 quorum
737 2874 974 2905 instrumentis
992 2876 1091 2914 plena
1109 2877 1190 2908 tides
1209 2878 1262 2909 de·

252 2925 330 2957 beat
346 2935 406 2965 per
421 2926 528 2957 totum
546 2927 730 2965 Imperium
743 2927 906 2964 adhiberi,
920 2937 958 2959 ac
976 2930 1157 2961 nonnullas
1175 2931 1260 2962 alias

1323 330 1499 360 libertates
1522 332 1552 361 et
1572 330 1817 366 immunitateS,
1839 330 1901 360 sul]
1918 330 2063 361 diversis
2093 331 2286 362 nominibus
2304 334 2337 363 et

1323 383 1476 413 articulis
1494 384 1768 422 comlnehensas,
1780 383 2070 413 liberalitermotu
2085 385 2221 422 proprio
2237 385 2338 415 dona-

1323 491 1584 528 predecessores
1599 490 1672 528 ejus
1692 492 1789 519 antea
1809 490 1841 519 in
1861 490 2023 528 predictis
2037 490 2120 520 locis
2139 490 2337 527 habuerant,

1324 543 1373 573 eis
1386 543 1584 572 auctoritate
1599 543 1690 581 regia
1702 552 1742 572 ex
1753 544 1843 573 certa
1854 543 1995 573 scientia
2005 543 2228 575 confirmavit.
2240 545 2341 581 prout

1324 596 1356 625 in
1373 596 1553 634 privilegio
1569 596 1645 625 inde
1663 596 1825 632 confecto,
1844 598 1925 635 typo
1943 596 2074 626 munito
2086 596 2186 635 regio,
2206 596 2342 635 plenius

1293 640 1294 647 ¹
1324 649 1525 679 continetur.
1544 649 1615 679 Nos
1629 649 1751 687 itaquo,
1764 649 1832 679 tuis
1851 649 2159 688 supplicationibus
2174 649 2340 686 inclinati,

1323 702 1554 738 donationem,
1567 702 1820 732 concessionem
1832 705 1863 732 et
1874 702 2034 741 quicquid
2046 702 2252 740 provideper
2262 711 2339 732 eun·

1293 788 1294 793 1
1324 755 1397 784 (10111
1415 763 1525 793 regem
1548 755 1582 784 in
1601 754 1661 784 hac
1677 757 1771 793 parte
1791 755 1916 784 factum
1935 757 1996 791 est,
2025 756 2134 784 ratuni
2153 756 2185 784 et
2205 756 2341 785 tirmum

1323 807 1496 843 habentes,
1519 807 1603 837 illud
1621 807 1821 838 auctoritate
1838 808 2024 846 apostolica
2035 817 2075 837 ex
2091 810 2181 838 certa
2198 809 2341 838 scientia

1323 862 1564 891 confirmamus
1581 863 1611 891 ct
1626 862 1796 900 presentis
1813 861 1929 900 scripti
1948 861 2135 900 patrocinio
2155 861 2343 891 communi-

1323 923 1411 950 mus,
1426 916 1576 944 tenorem
1596 914 1675 944 dicti
1691 915 1861 953 pririlegii
1880 915 1919 944 de
1934 914 2036 945 verbo
2053 915 2094 944 ad
2112 914 2251 945 verbum
2271 923 2344 954 pre-

1293 1002 1294 1006 *
1325 967 1480 997 sentibus
1497 968 1601 998 inseri
1622 968 1798 1003 facientes,
1817 968 1874 1006 (1111
1893 968 1974 998 talis
1987 970 2052 998 est:

286 1047 373 1074 Electi
390 1047 598 1074 libi-edunensis
614 1047 869 1081 supplicationibus
885 1047 1048 1078 inclinatus,
1067 1050 1160 1073 certas
1176 1047 1261 1073 dona-
1291 1064 1293 1075 t
1331 1042 1334 1044 ’
1364 1030 1381 1050 «
1395 1021 1428 1050 u
1446 1021 1608 1056 lllelmuS‚
1621 1022 1681 1051 DC!
1694 1022 1802 1060 gissilss
1816 1022 2046 1051 Romanmum
2064 1030 2121 1051 ¹9³
2136 1030 2264 1060 semp&
2283 1030 2340 1051 au-

250 1095 343 1122 tiones
369 1098 395 1122 ct
412 1095 611 1122 concessiones
634 1104 682 1129 per
711 1095 908 1126 ‹zuitlct111u111,
930 1104 1028 1129 regem
1056 1096 1259 1126 Romanorum,
1293 1098 1294 1125 j

1323 1076 1455 1111 gustus,
1476 1074 1646 1104 universis
1658 1074 1794 1113 Imperii
1810 1074 1968 1104 fidelibus
1984 1074 2044 1104 has
2064 1075 2196 1104 litteras
2210 1075 2340 1113 inspec-

1324 1128 1421 1163 turis,
1436 1128 1578 1166 gratiam
1591 1137 1687 1158 suam
1706 1130 1736 1158 et
1752 1137 1849 1157 omuc
1867 1128 2000 1158 bonum.
2016 1128 2201 1157 tolonsuevit
2219 1128 2341 1158 libera-

1323 1180 1402 1209 litas
1429 1181 1589 1210 eulminis
1614 1181 1720 1211 nostri
1750 1181 1923 1219 principes
1951 1184 1981 1211 ct
2005 1183 2180 1219 magnates
2200 1181 2340 1219 Imperii

1293 1230 1294 1239 ³
1323 1234 1428 1271 gratis
1447 1233 1619 1263 beneficiis
1639 1244 1675 1263 ac
1694 1234 1807 1271 dignis
1826 1233 2011 1263 honoribus
2029 1234 2191 1268 exaltare,
2210 1242 2343 1272 promo-

1292 1295 1293 1298 *
1322 1287 1473 1316 tionibus
1491 1287 1643 1325 ipsorum
1663 1286 1898 1316 favorabiliter
1913 1287 2116 1323 insistendo,
2132 1289 2167 1317 ut
2187 1288 2228 1317 ad
2243 1286 2341 1318 obse-

1323 1340 1494 1378 quendum
1508 1339 1605 1369 nohis
1622 1340 1756 1369 facilius
1775 1340 1987 1369 inducantur.
2003 1340 2067 1371 Sed
2079 1341 2109 1370 et
2125 1340 2342 1370 celsitudinis

1322 1394 1436 1422 nostre
1458 1393 1598 1431 requirit
1613 1393 1773 1423 honestas
1790 1394 1825 1422 ut
1846 1393 2067 1422 ecclesiarum
2086 1393 2146 1423 Dei
2163 1393 2340 1424 exaltatio—

1292 1462 1293 1465 =
1323 1445 1422 1475 nibus
1433 1446 1707 1476 desiderabiliter
1722 1448 1753 1476 et
1769 1446 2136 1476 efficaciterintendere
2155 1444 2342 1477 debeamus

1322 1508 1506 1538 earumque
1523 1499 1698 1529 libertates
1718 1499 1901 1529 extendere
1919 1501 1962 1536 et,
1977 1508 2053 1529 cum
2074 1500 2107 1529 in
2124 1499 2191 1529 hiis
2210 1500 2341 1538 optima

1322 1561 1481 1582 mensura
1496 1553 1539 1582 sit
1558 1553 1784 1588 immensitas.
1803 1553 1843 1582 de
1858 1552 1949 1591 regie
1966 1552 2187 1591 benignitatis
2204 1552 2336 1583 muniti-

1322 1606 1430 1635 centia
1452 1606 1631 1636 affluenter
1649 1608 1680 1636 et
1698 1605 1886 1635 liberaliter
1904 1606 2053 1644 elargiri.

1361 1659 1626 1697 sigmttcandum
1643 1659 1929 1698 itz‘tqueduximus
1947 1659 2118 1689 universis
2131 1660 2161 1689 et
2180 1659 2340 1698 singulis,

1322 1713 1391 1742 tani
1408 1712 1625 1750 presentibus
1640 1721 1740 1751 quain
1760 1712 1895 1749 futuris,
1916 1714 1964 1748 ut,
1986 1712 2065 1751 quia
2083 1713 2228 1742 dilectus
2248 1713 2340 1751 prin-

1323 1774 1401 1803 ceps
1422 1766 1536 1794 noster
1564 1765 1744 1800 llenricus,
1772 1766 1886 1795 sancte
1912 1764 2168 1795 liin-edunensis
2198 1765 2341 1796 ecclesie

1322 1817 1529 1848 venerabilis
1554 1818 1842 1857 archiepiscopus,
1860 1819 1900 1848 de
1918 1818 2076 1848 mamiato
2095 1818 2223 1848 domini
2253 1826 2340 1857 pape

1322 1871 1509 1901 innocentii
1526 1872 1649 1910 quarti,
1670 1871 1877 1901 sanctissimi
1898 1871 2006 1910 patris
2024 1871 2143 1906 nostri,
2158 1871 2338 1902 ecclesiam

1323 1924 1600 1955 ldbrcduncnsem
1629 1933 1665 1954 ac
1684 1925 1796 1954 omnia
1817 1933 1878 1954 sua
1914 1925 2111 1963 relinquens
2128 1925 2268 1963 agenda,
2303 1924 2338 1954 in

1323 1979 1436 2007 sancte
1449 1978 1567 2007 matris
1585 1977 1738 2013 ecclesie,
1758 1980 1911 2007 nostrum
1927 1979 1957 2007 et
1976 1978 2117 2016 Imperii
2135 1977 2337 2016 obsequium

1323 2040 1429 2069 nuper
1445 2031 1485 2060 ad
1503 2032 1638 2068 tempus
1653 2039 1688 2060 se
1706 2031 1891 2067 transtulit,
1909 2031 1942 2060 in
1962 2030 2092 2066 eodem,
2110 2029 2208 2060 nobis
2224 2030 2340 2061 viden-

1291 2102 1292 2106 «
1322 2083 1414 2113 tibus
1429 2086 1459 2113 et
1478 2083 1706 2119 audientibus,
1729 2083 1912 2121 prudenter
1930 2086 1961 2113 et
1983 2083 2128 2113 fideliter
2145 2083 2338 2119 elaborans,

1323 2137 1493 2167 civitatem
1514 2136 1805 2172 Ebredunenseni,
1834 2138 1954 2172 castra,
1973 2136 2085 2170 villas,
2108 2137 2243 2175 oppida,
2264 2145 2336 2175 pos-

1323 2189 1506 2225 sessiones,
1524 2189 1631 2220 feuda.
1645 2190 1796 2221 servitia,
1811 2198 1944 2225 census,
1963 2189 2335 2229 pensiones‚justitias‚

1322 2243 1518 2279 laudismia,
1538 2243 1692 2281 pedagia,
1722 2243 1891 2279 thelonea,
1916 2242 2003 2281 jura,
2021 2243 2169 2272 dominia
2187 2245 2218 2273 et
2237 2243 2337 2282 quasi

1323 2296 1473 2326 dominia
1489 2297 1520 2326 et
1533 2296 1722 2333 omniaalia
1737 2295 1835 2330 bona,
1847 2296 2036 2334 corporalia
2049 2298 2080 2326 et
2097 2295 2337 2335 incorporalia,

1322 2358 1396 2378 cum
1416 2348 1632 2387 pertinentiis
1648 2349 1719 2378 suis
1737 2348 1907 2384 omnibus,
1928 2357 1992 2388 (1110.
2011 2349 2099 2378 idem
2115 2348 2339 2388 archiepisco-

1322 2411 1385 2441 pus
1400 2402 1451 2431 vel
1470 2402 1726 2440 predecessores
1746 2402 1798 2432 sui
1819 2402 1852 2432 in
1869 2401 2115 2438 Ebredunensi,
2135 2402 2339 2441 Vapincensi

1322 2457 1353 2485 ct
1371 2455 1574 2485 'rain-inensi
1600 2455 1804 2491 diocesibus,
1823 2455 1898 2495 jure
1918 2455 2158 2490 institutionis,
2190 2457 2337 2486 mortua-

1322 2509 1462 2542 riorum,
1474 2508 1674 2548 legatorum,
1689 2508 2200 2548 relictorum,judicationispro
2209 2508 2336 2546 anima,

1322 2562 1525 2597 donationis,
1540 2562 1734 2601 emptionis,
1754 2561 2016 2601 permutationis
2029 2561 2162 2592 autulio
2177 2570 2337 2600 quocum-

1322 2623 1386 2654 que
1403 2615 1550 2651 nomine,
1568 2615 1668 2645 titulo
1686 2623 1746 2645 seu
1762 2615 1873 2651 modo,
1892 2614 2090 2645 interrivos
2107 2623 2167 2645 seu
2185 2616 2340 2645 mortuos

1321 2667 1483 2698 hactenus
1501 2668 1613 2707 adepti
1631 2669 1710 2698 sunt
1726 2667 1792 2705 vel,
1813 2668 1912 2698 dante
1928 2667 2086 2702 Domino,
2103 2667 2192 2698 idem
2210 2667 2338 2698 archie-

1322 2721 1482 2760 piscopus
1496 2720 1548 2751 vel
1559 2729 1774 2751 successores
1792 2721 1846 2751 sui
1856 2721 2015 2760 poterunt.
2030 2720 2253 2760 in'posterum
2267 2720 2340 2750 adi·

1322 2773 1420 2812 pisci,
1437 2774 1477 2804 de
1507 2773 1632 2813 quibus
1651 2782 1711 2813 per
1729 2775 1798 2804 tres
1816 2773 1870 2804 vel
1888 2773 1972 2804 duos
2001 2775 2106 2804 testes
2131 2772 2184 2803 vel
2203 2772 2338 2803 litteras

1323 2826 1436 2866 sigillo
1470 2827 1639 2858 autentico
1658 2827 1827 2866 sigillatas
1857 2827 1981 2866 poterit
2001 2826 2085 2857 sides
2107 2825 2192 2862 fieri,
2224 2825 2284 2856 sed
2303 2827 2338 2857 et

1323 2880 1394 2917 illa,
1412 2888 1476 2919 que
1489 2879 1570 2910 dicti
1587 2879 1862 2920 archiepiscopus
1872 2880 1925 2910 vel
1938 2874 2196 2919 'predecessores
2211 2878 2264 2908 sui
2281 2878 2336 2909 vel

1324 2932 1382 2963 alii
1402 2933 1554 2972 ipsorum
1573 2933 1709 2964 nomine
1726 2934 1906 2964 tenuerunt
1937 2930 1956 2964 a
1985 2934 2136 2971 tempore
2155 2931 2252 2972 cujus
2268 2939 2335 2963 non
