2547 3289
151 292 212 322 292

150 373 313 405 ratificata
325 372 430 402 fuisse
446 370 584 400 dubium
597 369 705 408 possit
717 369 855 407 aliquod
867 369 1026 403 suboriri,
1040 371 1156 399 tenore
1188 395 1189 398 ,

151 425 359 465 presentium
378 423 589 454 declaramus
607 421 708 460 quod,
720 421 924 460 quicumque
937 422 980 451 sit
995 421 1158 460 predicta-

151 487 224 508 rum
243 478 432 507 litterarum
460 477 652 505 nostrarum
677 476 785 508 tenor,
819 476 932 504 nostre
960 474 1159 513 intentionis

151 531 261 561 extitit
281 533 310 560 et
330 529 447 559 existit.
464 528 563 567 quod,
587 537 646 566 per
674 527 867 566 hujusmodi
901 527 1159 557 ratificationem
1190 545 1191 549 =

150 587 180 614 et
200 584 379 615 decretum,
399 582 458 611 illa
476 583 606 611 tantum
624 589 687 619 que
707 589 766 619 per
783 580 927 610 eundem
951 579 1159 619 Phylippum

150 637 237 666 circa
252 635 443 673 spiritualia
467 634 553 664 facta
573 642 648 664 esse
670 635 866 669 noscuntur,
888 633 985 663 firma
999 633 1157 663 existant.

151 689 188 719 Et
206 689 365 718 nolumus
384 696 443 718 nec
459 688 562 717 etiam
586 687 794 716 intendimus
815 686 905 725 quod
930 686 1110 716 ratiticatio
1128 688 1159 716 et

150 742 320 772 decretum
339 741 456 770 eadem
484 740 525 770 ad
551 748 588 769 ea
610 748 674 778 que
691 741 768 769 sunt
793 739 995 777 temporalia
1027 739 1098 769 sive
1118 738 1159 768 ad

151 804 188 825 ea
211 794 391 833 pertinent.
405 793 620 832 aliquatenus
636 801 672 822 se
689 792 883 827 extendant,
901 800 960 822 seu
977 800 1037 830 per
1051 791 1159 830 prefa-

148 849 202 877 tas
233 847 362 877 litteras
397 846 541 884 alicujus
578 845 712 875 roboris
746 844 920 875 obtineant
950 845 1157 874 firmitatem.

149 900 243 930 Nulli
264 908 342 938 ergo
360 901 475 929 nostre
493 898 733 928 declarationis
761 900 791 928 et
822 897 1077 928 constitutionis
1095 899 1156 927 etc.

147 953 273 983 Datum
292 952 381 991 apud
398 951 684 986 L‘rbemveterem,
705 960 744 980 xv
767 950 930 980 kalendas
952 951 1053 989 junii,
1073 959 1159 980 anno

149 1006 210 1036 111⁰
227 1018 254 1034 »-

237 1195 311 1226 574
745 1192 869 1223 Quieto,
884 1193 919 1221 28
936 1192 993 1219 mai
1009 1193 1086 1220 1265.

183 1279 306 1306 Litterae
340 1286 411 1313 quae
437 1280 579 1304 testantur
611 1277 757 1304 Circulum
785 1277 916 1311 Olivieri,
947 1278 1114 1304 Perusinum
1131 1281 1157 1305 et

147 1328 345 1356 Florentinum
362 1327 466 1361 civem,
483 1335 499 1354 a
513 1327 654 1354 sententia
674 1327 980 1354 excommunicationis
994 1327 1158 1354 absolutum

147 1385 220 1405 esse.
240 1378 319 1411 (neu.
335 1378 379 1404 28.
398 1376 446 1402 sol.
463 1376 508 1407 54,
531 1383 598 1402 ann.
620 1375 666 1408 ΙΙΙ,
683 1381 714 1402 n0
730 1376 802 1410 177.)

187 1491 202 1510 «
225 1479 345 1511 Circulo
368 1479 497 1509 Oliuiere·
516 1479 643 1513 Circuli,
671 1479 817 1509 Perusino
832 1485 860 1508 ee
883 1478 1061 1509 Florentino
1086 1479 1154 1510 civi.

147 1534 241 1564 Licet
256 1534 337 1564 olim
365 1533 474 1563 felicis
501 1533 747 1564 recordationis
765 1532 959 1563 Alexander
974 1541 1071 1571 papa.
1087 1541 1157 1571 pre-

147 1588 304 1617 decessor
322 1589 446 1617 noster.
465 1586 688 1621 Mansredum,
706 1586 875 1624 quondam
894 1586 1082 1624 principem
1097 1586 1158 1616 Ta-

147 1641 329 1675 rentinum,
349 1639 490 1670 ecclesie
507 1639 658 1670 Romane
673 1639 906 1669 adversarium
924 1639 1156 1674 manifestum,

146 1702 222 1724 cum
234 1692 390 1723 omnibus
404 1692 615 1731 adjutoribus
625 1694 655 1722 et
670 1692 861 1722 fautoribus
876 1693 949 1722 suis
965 1701 1158 1722 excommu-

146 1746 327 1777 nicationis
344 1746 478 1776 vinculo
503 1746 708 1780 innodasset,
732 1745 811 1784 quia
837 1748 949 1776 tamen
975 1745 1065 1775 cives
1082 1745 1155 1775 Flo-

146 1799 282 1833 rentini,
307 1800 340 1829 in
364 1798 557 1829 turbatione
576 1799 670 1837 pacis
700 1799 822 1828 Tuscie
856 1807 893 1828 ac
924 1798 958 1828 in
983 1807 1158 1837 presump-

146 1855 245 1883 tuosa
259 1852 520 1882 contrectatione
538 1852 667 1890 jurium
686 1854 717 1881 et
740 1851 904 1881 bonorum
927 1851 1065 1890 Imperii
1092 1852 1158 1882 Ro-

147 1906 238 1936 mani
254 1906 284 1936 ei
304 1914 389 1936 ausu
415 1905 544 1935 nefario
563 1905 776 1939 adheserunt.
804 1904 1001 1935 roborantes
1025 1913 1066 1935 ex
1096 1904 1157 1935 hoc

147 1960 181 1990 in
198 1968 259 1989 sua
275 1959 460 1998 pertinacia
482 1958 625 1988 eundem
649 1958 706 1991 M,
726 1958 928 1988 Patrimonii
951 1958 1038 1988 beati
1065 1958 1156 1988 Petri

147 2012 311 2051 perfidum
331 2014 361 2041 et
377 2011 579 2049 sacrilegum
596 2011 799 2045 invasorem,
817 2020 919 2049 seque
935 2020 993 2049 per
1010 2011 1070 2041 hoc
1085 2019 1157 2050 pre-

147 2066 234 2096 dicte
256 2065 422 2095 sententie
447 2064 577 2102 laqueis
597 2064 819 2096 involventes,
839 2073 900 2094 nos
926 2073 1018 2094 more
1036 2065 1082 2102 pii
1105 2073 1158 2103 pa-

146 2119 221 2155 tris,
241 2118 297 2157 qui
316 2117 523 2148 offendentes
540 2117 639 2148 tilios.
665 2119 699 2147 ut
721 2117 761 2146 ab
780 2117 870 2147 invio
891 2117 1092 2155 perditionis
1117 2118 1158 2148 ad

146 2172 237 2202 viam
264 2171 386 2201 salutis
418 2171 567 2203 redeant,
591 2179 678 2200 nunc
709 2170 890 2201 exorando,
910 2179 998 2200 nunc
1022 2171 1159 2201 commi—

148 2225 257 2255 nando
275 2224 454 2262 diligenter
477 2224 607 2256 invitat,
638 2223 671 2252 in
701 2223 786 2253 festo
805 2223 893 2253 Cene
920 2224 1057 2254 Domini
1083 2232 1157 2262 pro-

147 2279 240 2308 ximo
258 2277 430 2316 preterito,
442 2275 688 2306 mercatoribus
706 2276 914 2306 Florentinis
930 2276 970 2306 de.
983 2276 1158 2315 capiendis

147 2330 303 2371 personis
324 2330 355 2360 et
381 2329 585 2368 occupandis
603 2338 640 2359 ac
656 2329 847 2360 detinendis
866 2328 966 2359 rebus
987 2338 1104 2360 eorum
1127 2333 1157 2360 et

148 2384 226 2415 aliis
243 2383 339 2422 penis
370 2383 562 2422 infligendis
583 2382 725 2420 eisdem,
742 2382 1024 2413 comminationes
1049 2383 1158 2413 diver-

147 2446 204 2468 sas
221 2436 375 2471 fecimus,
397 2436 462 2466 nisi
492 2435 559 2474 ipsi
579 2443 686 2474 usque
706 2435 747 2465 ad
775 2435 900 2465 festum
934 2436 1158 2466 Ascensionis

145 2489 333 2525 Dominice,
344 2488 500 2527 proximo
512 2488 675 2522 futurum,
687 2488 728 2518 ad
738 2488 935 2519 mandatum
953 2488 1095 2519 ecclesie
1107 2497 1157 2519 re-

147 2543 219 2573 dire
234 2543 401 2572 curarent.
420 2541 506 2576 Quia
520 2549 600 2571 vero
620 2542 668 2576 tu,
682 2549 741 2580 pro
757 2542 790 2571 te
807 2549 844 2571 ac
861 2541 1025 2571 fratribus
1041 2542 1109 2572 tuis
1125 2543 1158 2572 et

146 2595 229 2626 filiis
245 2595 452 2631 eorumdem,
466 2595 507 2624 ad
524 2596 676 2624 nostram
690 2594 897 2633 presentiam
914 2594 1090 2625 humiliter
1107 2603 1157 2626 ac-

147 2648 292 2683 cessisti,
309 2650 340 2677 et
353 2647 393 2677 de
412 2647 532 2676 stando
545 2647 715 2677 mandatis
731 2647 859 2677 nostris
875 2648 908 2678 et
925 2647 1035 2686 ipsius
1053 2648 1156 2678 eccle-

147 2701 197 2731 sie
214 2701 353 2739 prestito
367 2700 569 2738 juramento,
587 2709 646 2738 per
664 2699 892 2730 venerabilem
918 2700 1056 2730 fratrem
1080 2709 1156 2731 nos-

146 2756 276 2788 trum...
301 2753 493 2784 Ostiensem
527 2755 559 2782 et
583 2753 832 2783 Velletrensem
864 2753 1072 2791 episcopum,
1101 2754 1155 2784 cui

146 2805 208 2836 hoc
224 2805 359 2836 oraculo
380 2806 453 2835 vive
471 2805 564 2835 vocis
581 2805 828 2836 commisimus.
848 2805 1004 2836 meruisti
1021 2805 1156 2836 absolu-

146 2859 251 2890 tionis
283 2867 301 2887 a
333 2858 538 2896 supradictis
565 2858 974 2888 excommunicationibus
1000 2867 1059 2889 nec
1089 2867 1154 2890 non

147 2911 258 2942 debite
276 2911 561 2941 reconciliationis
577 2911 778 2942 beneficium
795 2911 959 2946 obtinere.
977 2920 1039 2942 nos
1057 2921 1156 2951 prop—

146 2967 198 2995 ter
213 2964 285 2999 hoc,
302 2965 333 2994 te
350 2972 454 3002 penas
470 2963 635 2994 dictarum
657 2964 959 2994 comminationum
983 2965 1154 2996 incurrere

910 285 1153 316 Recis'rsssss
1173 284 1387 315 D'URBAIN
1410 269 1468 313 iv.

1218 366 1378 397 nolumus
1398 366 1515 404 eisque
1543 365 1655 405 ligari,
1679 365 1740 395 has
1765 368 1900 396 nostras
1925 365 2057 396 litteras
2081 365 2145 396 tibi
2176 375 2232 397 su·

1219 428 1278 459 per
1292 419 1354 450 hoc
1372 419 1406 449 in
1420 419 1655 449 testimonium
1672 418 1904 448 concedentes.
1922 419 2049 448 Datum
2064 418 2154 458 apud
2171 419 2233 450 Ur·

1219 473 1458 508 bemveterem‚
1478 481 1498 501 v
1510 471 1675 502 kalendas
1687 471 1789 510 junii,
1809 479 1896 501 anno
1912 471 1974 501 111⁰
1992 481 2018 500 ».

1225 667 1246 705 ε
1309 657 1383 687 575
1811 655 1936 688 Orvieto,
1955 656 1987 683 18
2004 655 2063 682 mai
2082 655 2159 682 1264.

1255 739 1387 774 Capitulo
1414 739 1561 766 Alatrinue
1582 739 1732 766 ecclesiae.
1753 748 1826 774 quae
1848 748 1899 774 per
1931 743 2055 767 mortem
2087 741 2113 765 J.
2139 741 2231 770 vacat,
2267 761 2274 768 .

1219 789 1338 816 mandat
1352 791 1493 823 quatenus
1512 789 1566 815 sibi
1580 791 1609 815 et
1628 788 1681 823 ipsi
1697 789 1837 815 ecclesiae
1854 788 2033 823 provideant,
2051 788 2126 815 infra
2142 795 2231 815 unum

1219 845 1349 864 mensem
1366 841 1428 872 post
1448 837 1640 871 receptionem
1663 837 1871 872 praesentium,
1889 845 1939 871 per
1957 837 2129 864 electionem
2149 845 2233 864 cano-

1218 885 1314 912 nicam
1328 894 1378 912 seu
1393 885 1616 921 postulationem
1627 887 1858 919 concordem,de
1873 894 1994 920 persona
2007 886 2108 913 idonea
2126 886 2155 912 in
2167 893 2232 920 pas-

1219 937 1324 962 torem.
1343 934 1422 967 (Rae.
1436 936 1481 968 28,
1496 934 1546 961 rol.
1563 934 1598 961 54
1615 940 1651 966 v⁰‚
1670 943 1738 962 ann.
1758 935 1807 967 ΙΙΙ,
1823 940 1854 961 n⁰
1874 934 1946 969 178).

1261 1050 1276 1065 «
1297 1038 1442 1078 Capieulo
1461 1038 1620 1069 Alam-ino.
1639 1039 1726 1075 Quia
1741 1039 1884 1070 ecclesia
1910 1041 2023 1070 vestra
2039 1057 2088 1068 —.
2107 1039 2233 1070 Datum

1220 1092 1309 1131 apud
1328 1091 1619 1129 Urbemveterem,
1633 1102 1673 1122 xv
1692 1093 1855 1123 kalendas
1865 1093 1966 1132 Junii‚
1979 1101 2066 1123 anno
2084 1092 2148 1123 111⁶
2162 1105 2191 1122 ι.

1309 1271 1384 1301 578
1810 1269 1936 1300 Orvieto,
1957 1270 1988 1296 11
2005 1269 2064 1296 mai
2083 1269 2161 1296 1264.

1257 1348 1438 1384 Dispensatio
1460 1357 1546 1383 super
1575 1349 1763 1376 matrimonio
1792 1348 1891 1377 illicite
1911 1351 2069 1376 contracto.
2088 1349 2168 1384 (Bm.
2184 1349 2232 1380 28,

1220 1397 1269 1425 fol.
1282 1398 1316 1425 54
1336 1404 1372 1423 το.
1394 1406 1462 1425 ann.
1481 1397 1577 1429 unm
1595 1398 1667 1426 179.)

1260 1514 1274 1529 α
1295 1527 1314 1532 ..
1332 1503 1473 1542 episcopo
1486 1501 1674 1531 Abscerensi.
1691 1500 1784 1531 Licet
1798 1501 2008 1531 matrimonii
2024 1503 2234 1531 contractum

1215 1573 1266 1586 —.
1287 1555 1413 1586 Petitio
1425 1555 1626 1585 dilectorum
1638 1554 1787 1584 filiorum
1800 1553 1996 1584 Chodomiri
2013 1553 2053 1584 de
2070 1553 2232 1591 Abscero,

1217 1608 1306 1645 laici,
1327 1610 1359 1639 et
1383 1608 1502 1642 Desse,
1535 1607 1691 1637 mulieris
1722 1607 1788 1637 loci
1808 1607 1973 1646 ejusdem,
1996 1610 2051 1638 tue
2069 1607 2230 1642 diocesis,

1217 1662 1315 1692 nobis
1337 1661 1489 1692 exhibita
1506 1660 1699 1691 continebat
1724 1660 1814 1699 quod
1831 1660 1910 1699 ipsi,
1929 1660 1988 1699 qui
2006 1662 2127 1700 quarta
2149 1662 2230 1691 sunt

1218 1715 1523 1754 consanguinitatis
1535 1714 1703 1744 convincti
1718 1713 1819 1749 linea,
1831 1714 2087 1744 matrimonium
2103 1713 2235 1744 adinvi-

1218 1777 1290 1799 cem
1309 1770 1549 1799 contraxerunt
1565 1769 1597 1798 et
1606 1769 1865 1806 permanserunt
1879 1767 1951 1805 jam
1970 1775 2029 1805 per
2044 1767 2136 1806 longi
2151 1769 2236 1798 tem-

1216 1822 1311 1861 poris
1327 1821 1475 1861 spatium
1490 1821 1524 1851 in
1538 1821 1667 1851 eodem.
1679 1820 1751 1850 Nos
1767 1820 1881 1859 igitur,
1893 1820 2033 1850 obtentu
2044 1820 2160 1850 dilecti
2171 1819 2236 1850 filii

1218 1875 1344 1905 nobilis
1362 1875 1426 1904 viri
1445 1874 1621 1904 Laurentii
1635 1873 1812 1912 Theopoli‚
1832 1873 1901 1903 nati
1921 1873 2091 1912 quondam
2114 1873 2235 1904 Jacobi

1219 1928 1394 1967 Theopoli,
1417 1928 1514 1958 ducis
1530 1929 1751 1964 Venetorum,
1770 1927 1870 1957 nobis
1888 1935 1990 1966 super
2010 1927 2072 1957 hoc
2096 1927 2235 1957 humili-

1218 1984 1269 2012 ter
1299 1981 1536 2020 supplicantis,
1566 1981 1724 2020 precibus
1751 1980 1917 2015 inclinati,
1946 1980 2151 2010 fraternitati
2175 1982 2234 2011 tue

1219 2035 1421 2065 mandamus
1441 2035 1602 2074 quatinus
1620 2043 1696 2064 cum
1721 2034 1863 2072 prefatis
1878 2033 1914 2064 C.
1943 2035 1974 2063 et
1991 2033 2101 2064 Dessa
2119 2036 2233 2064 aucto·

1219 2087 1317 2118 ritate
1345 2090 1458 2118 nostra
1492 2087 1669 2125 dispenses
1688 2090 1735 2119 ut,
1766 2086 2009 2125 impedimento
2039 2085 2234 2124 hujusmodi

1220 2154 1284 2175 non
1307 2145 1472 2180 obstante,
1494 2145 1527 2174 in
1545 2145 1592 2174 sic
1606 2146 1776 2174 contracto
1804 2143 2022 2174 matrimonio
2046 2144 2178 2182 possint
2194 2143 2235 2173 li·

1220 2198 1285 2229 cite
1313 2207 1501 2234 remanere,
1520 2198 1676 2237 quodque
1702 2197 1815 2236 proles
1838 2205 1954 2227 eorum
1979 2197 2132 2236 legitima
2158 2205 2234 2227 cen-

1220 2254 1344 2282 seatur.
1372 2252 1497 2282 Datum
1529 2251 1616 2290 apud
1647 2250 1940 2285 Urbemveterem,
1973 2260 1993 2278 v
2030 2250 2107 2280 idus
2137 2249 2246 2287 maiis

1220 2313 1307 2335 anno
1325 2305 1389 2335 ΙΙΙο
1405 2315 1431 2335 ι».

1308 2484 1380 2514 577
1815 2479 1940 2512 Orvieto,
1959 2481 1991 2508 13
2006 2479 2065 2506 mai
2081 2479 2160 2507 1264.

1254 2566 1429 2602 Trajectcnsi
1451 2566 1585 2600 episcopo
1604 2565 1761 2592 committit
1782 2567 1880 2599 partes
1901 2564 2044 2591 indicendi
2073 2563 2141 2592 belli
2157 2563 2232 2592 sacri

1220 2618 1320 2643 contra
1333 2616 1456 2642 Graecos
1470 2613 1684 2641 schismaticos.
1702 2613 1751 2648 qui
1765 2621 1799 2640 ex
1818 2613 1950 2648 captione
1965 2612 2235 2648 Constantinopoli-

1220 2666 1306 2691 tanae
1331 2664 1457 2690 civitatis
1483 2662 1551 2690 elati
1572 2665 1657 2689 vento
1683 2662 1843 2697 superbiae,
1860 2662 1895 2688 ad
1925 2665 2034 2689 terram
2054 2661 2233 2697 principatus

1218 2712 1341 2740 Achaiae
1357 2712 1585 2747 depopulatrices
1607 2719 1711 2738 manus
1731 2711 1898 2738 extendunt.
1917 2711 1998 2745 tRsc.
2014 2710 2059 2738 28.
2074 2710 2124 2737 sol.
2138 2711 2173 2738 54
2190 2714 2232 2745 γ’,

1217 2770 1283 2789 ann.
1301 2761 1348 2788 111.
1362 2766 1394 2787 n⁰
1410 2762 1475 2792 lou:
1494 2761 1641 2788 Porrnasr
1662 2760 1772 2792 18909.)

1258 2869 1274 2888 ς(
1296 2883 1317 2889 ..
1333 2859 1473 2898 episcopo
1495 2857 1520 2887 T
1519 2858 1692 2897 rojeceensi'.
1709 2856 1762 2888 Ad
1771 2857 2021 2895 reparationem
2037 2858 2148 2886 status
2163 2855 2230 2886 Im·

1217 2912 1303 2951 perii
1321 2910 1687 2949 Constantinopolitani
1705 2909 1794 2948 quod
1812 2908 2058 2948 multipliciter,
2083 2908 2231 2947 peccatis

1217 2964 1446 3004 exigentibus,
1463 2963 1652 2994 dinoscitur
1672 2971 1748 2994 esse
1765 2962 1966 3001 collapsum.
1988 2964 2135 2992 mentem
2153 2969 2230 2992 nos-
