2547 3289
243 256 300 284 266
995 249 1236 280 REGISTnEs
1260 246 1472 277 UURBAtN
1499 246 1554 276 [V.

242 336 401 374 recipere,
431 343 526 372 quem
559 334 668 362 dictus
695 332 886 370 pri-positus
906 331 945 360 de
969 330 1096 367 grentio
1119 330 1247 368 pretate
1277 349 1279 359 1

242 388 382 418 ecclesie
398 397 442 415 ss.
462 385 648 416 Marcellini
667 386 698 413 01
718 384 806 413 Petri
827 383 874 412 vel
894 383 1029 412 aliunde.
1048 382 1078 411 in
1100 382 1247 420 priorem

242 441 416 478 (leputaiwet
434 439 570 468 eisdem.
596 439 707 471 l'orro,
734 445 807 465 cum
835 436 945 465 dictus
972 435 1177 473 prepositus,
1196 434 1249 463 ha-

241 493 323 522 bens
341 501 397 530 pro
414 491 520 520 oculis
536 490 646 519 solum
666 490 786 522 Deum,
805 488 964 518 dilectum
986 488 1092 517 tilium
1111 488 1248 517 fratrem
1277 527 1279 536 ⁴

241 545 475 576 Grasedinum,
495 542 691 571 canonicum
709 541 848 571 00010810
870 550 896 570 s.
917 540 1018 570 Marci
1040 540 1079 570 de
1098 541 1246 576 Mantua,

241 597 423 635 supradicti
455 595 596 628 ordinis,
627 594 735 632 ipsius
763 593 902 622 ecclesie
934 602 978 623 ss.
1004 593 1191 623 Marcellini
1216 595 1247 623 et

241 650 328 679 Patri
364 649 571 686 deputasset,
592 649 755 685 potestate
778 646 841 676 sibi
862 646 998 681 tradita,
1026 646 1058 675 in
1087 646 1247 684 priorem,
1278 684 1279 687 Ἰ

238 702 371 732 tandem
390 701 470 730 dicti
487 701 672 729 conventus
687 700 717 728 id
735 701 851 737 sponte
867 700 898 729 et
911 699 1120 729 ‹‘·oncorditer
1135 708 1247 738 accep-

238 755 361 789 tarunt,
376 754 497 783 dilecto
515 753 583 782 tilio
601 778 633 788 ..‚
654 752 764 790 priore
778 762 804 781 8.
820 752 935 788 Marci,
953 761 1054 791 super
1070 752 1130 782 boc
1147 761 1247 782 suum

237 816 411 836 assensum
432 805 617 835 liberaliter
636 805 827 835 exhibente.
847 806 970 841 Quare,
987 814 1047 843 pro
1066 807 1160 844 parte
1180 806 1248 835 dic-

236 861 346 890 torum
366 860 550 889 conventus
569 858 741 888 humiliter
760 858 936 896 petebatur
955 867 973 888 a
990 858 1087 888 nobis
1106 860 1153 895 ut,
1172 867 1247 888 cum

237 913 362 942 electus
383 912 452 950 ipse
472 911 631 941 dilectum
650 911 756 940 tilium
774 911 831 947 Μ.,
859 911 1072 941 Brixiensem
1089 911 1245 947 electum,

237 966 437 995 existentem
450 965 537 1003 apud
552 964 667 994 sedem
681 964 914 1003 apostolicam,
930 966 1068 1003 propter
1080 965 1246 994 malitiam
1277 996 1279 1005 ,Ἴ

234 1018 397 1057 temporis
415 1018 588 1047 commode
612 1017 706 1047 adire
724 1019 880 1056 nequeat,
900 1026 960 1056 pro
978 1018 1247 1048 confirmationis

236 1073 267 1101 01
291 1070 536 1101 benedictionis
564 1078 703 1100 munere
729 1069 922 1107 obtinendo,
943 1071 1120 1109 providere
1146 1080 1247 1109 super
1277 1096 1278 1103 ,

234 1124 295 1154 1100
324 1125 462 1162 paterna
489 1123 666 1161 diligentia
698 1132 905 1154 curaremus.
942 1123 1012 1153 Nos
1046 1124 1175 1163 itaque,
1207 1124 1246 1154 de

235 1184 375 1206 assensu
395 1176 503 1214 ipsius
525 1176 715 1206 prixiensis
732 1176 842 1212 electi,
860 1176 1063 1207 fraternitati
1081 1178 1136 1206 tue
1155 1186 1247 1207 man-

234 1230 353 1259 damus
369 1229 540 1268 quatinus,
556 1230 596 1259 de
612 1229 744 1260 meritis
764 1238 906 1268 persone
924 1229 1004 1260 dicti
1023 1230 1138 1260 fratris
1153 1230 1191 1260 G.
1209 1240 1246 1260 ac

235 1282 441 1320 provisionis
460 1282 651 1320 hujusmodi
669 1282 869 1321 diligentius
890 1282 1065 1321 inquisito,
1087 1283 1115 1312 si
1135 1283 1244 1321 provi-

234 1335 362 1365 sionem
388 1335 496 1374 ipsum
523 1336 693 1366 inveneris
712 1336 751 1365 110
776 1344 920 1374 persona
938 1337 1068 1375 ydonea
1087 1336 1244 1366 canonice

234 1388 448 1424 celebratam,
464 1388 559 1418 illam
571 1389 770 1419 auctoritate
784 1390 897 1418 nostra
910 1390 1123 1424 confirmans,
1142 1389 1245 1419 facias

234 1441 341 1471 eidem
365 1441 461 1471 fratri
487 1441 526 1472 G.
554 1451 572 1471 a
592 1442 664 1471 suis
688 1441 835 1472 subditis
861 1442 1087 1472 obedientiam
1106 1444 1138 1472 et
1156 1451 1245 1472 reve-

233 1494 375 1525 rentiam
397 1494 544 1525 debitam
568 1494 697 1525 exiberi
721 1504 757 1525 ac
779 1504 902 1525 munus
920 1495 1165 1526 benedictionis
1184 1495 1244 1524 im-

232 1548 350 1586 pendig
380 1547 529 1586 injuncto
561 1548 627 1578 sibi
662 1549 904 1578 nichilominus
935 1551 969 1579 ut
998 1549 1106 1578 eidem
1138 1549 1243 1579 electo

232 1601 414 1636 Brixiensi,
434 1601 604 1640 quamcito
622 1602 663 1631 ad
680 1602 857 1632 ecclesiam
876 1611 972 1632 suam
988 1602 1192 1640 pervenerit,
1208 1611 1243 1631 se

232 1656 413 1692 presentet,
429 1654 699 1693 eijuramentum
716 1655 889 1685 fidelitatis
906 1655 1005 1685 solite
1023 1655 1240 1693 prestiturus.

234 1707 514 1742 Contradictores,
534 1709 597 1737 etc.
628 1708 751 1738 Datum
778 1709 865 1746 apud
894 1708 1146 1743 Urheveterem,
1167 1708 1243 1737 idus
1272 1735 1273 1738 ,

232 1760 356 1796 martii,
376 1769 461 1791 anno
480 1761 553 1790 111⁰.
573 1770 588 1790 »

321 1956 394 1986 2340
799 1954 925 1988 orvieto,
942 1956 973 1982 31
993 1963 1070 1981 mars
1090 1956 1166 1982 12134.

266 2037 480 2064 ordinationem
496 2038 637 2072 prolatam
655 2046 669 2063 a
687 2039 731 2069 (1.,
748 2037 821 2064 tituli
844 2040 869 2064 S.
893 2038 978 2065 Marci
996 2038 1162 2073 presbytero
1178 2047 1241 2065 car-

231 2085 334 2117 dinale,
354 2086 381 2112 in
402 2086 451 2113 lite
472 2087 547 2113 inter
567 2087 643 2113 cives
667 2089 695 2113 ct
715 2089 888 2114 mercatores
912 2088 1066 2119 Romanos,
1085 2087 1240 2114 creditores
1271 2098 1273 2105 ³

231 2135 367 2162 ecclcsiae
386 2136 530 2167 Metensis,
553 2138 661 2167 exorta,
682 2136 845 2163 confirmat.
867 2137 947 2171 (usu.
967 2138 1011 2169 28,
1030 2136 1077 2164 sol.
1101 2137 1146 2169 tt,
1167 2145 1241 2163 1111110

232 2183 277 2216 111,
293 2192 321 2209 no
341 2185 409 2218 113.)

1309 328 1445 361 ditores,
1467 327 1589 357 fuisset
1613 327 1811 366 aliquandiu
1830 328 2011 367 litigatum,
2032 330 2064 359 in
2083 331 2255 368 presentia
2274 331 2321 370 ip-

1310 381 1382 410 sius
1408 381 1658 419 predecessoris
1677 382 1709 410 et
1729 381 1869 411 fratrum
1893 390 2043 416 suorum.
2064 383 2151 412 inter
2168 384 2321 422 singulos

1310 436 1458 463 vestrum
1482 434 1513 463 et
1532 433 1693 463 dilectum
1712 434 1819 463 tilium
1836 435 2017 473 Rogerum,
2038 435 2200 465 decanum
2220 436 2324 466 eccle-

1309 487 1358 516 sie
1377 496 1403 516 8.
1428 486 1615 517 Salvatoris
1642 487 1815 517 Α1101011818.
1841 488 2053 526 capellanum
2078 491 2109 518 et
2128 491 2321 527 procurato-

1309 548 1379 568 rem
1399 538 1551 577 ejusdem
1570 539 1732 578 episcopi,
1753 548 1813 578 pro
1833 550 1882 576 eo,
1903 550 1919 570 a
1938 550 2004 579 quo
2021 540 2162 571 habebat
2181 541 2220 570 ad
2237 550 2324 571 com-

1308 593 1513 630 ponendum,
1538 593 1795 631 transigendum
1817 595 1848 623 et
1874 594 2112 632 paciscendum
2132 603 2234 632 super
2257 594 2324 624 11118

1310 645 1483 675 vobiscum
1516 646 1664 684 speciale
1696 647 1903 680 mandatum,
1934 647 2189 677 intervenerunt
2221 656 2324 686 super

1309 699 1499 736 premissis,
1521 699 1750 729 mediantibus
1769 700 1897 729 eisdem
1917 700 2159 736 cardinalibus,
2178 701 2323 739 quedam

1277 747 1278 771 ἶ
1308 753 1582 791 compositiones,
1604 753 1636 781 in
1658 752 1782 791 quibus
1810 753 1897 783 idem
1925 756 2121 792 prm-arator
2147 754 2324 783 consessus

1308 805 1419 835 extitit
1436 805 1598 843 quasdam
1616 806 1836 844 pecuniarum
1855 806 2073 845 quantitates,
2093 815 2177 845 quas
2192 806 2325 845 peteba-

1307 858 1352 888 tis
1371 858 1412 887 ab
1428 858 1545 888 eodem
1559 859 1729 897 episcopo,
1751 868 1883 898 queque
1901 859 2003 889 simul
2023 860 2243 889 accumulate.
2258 862 2322 890 tre—

1308 911 1415 941 decim
1442 911 1574 941 milium
1596 913 1805 942 marcharum
1829 913 2070 951 sterlingorum
2097 913 2326 943 ascendebant

1309 974 1488 998 summam,
1505 966 1537 994 et
1557 966 1749 1003 recognovit
1771 965 1858 995 idem
1878 968 2075 1004 procurator
2091 966 2218 996 dictum
2237 966 2326 1004 epis-

1308 1026 1427 1056 copum
1448 1027 1486 1047 ac
1506 1018 1646 1048 eandem
1675 1019 1860 1049 Metensem
1885 1019 2061 1049 ecclesiam
2087 1020 2194 1049 teneri
2226 1019 2324 1049 vobis

1309 1071 1545 1109 inhujusmodi
1559 1072 1817 1110 quantitatibus,
1830 1081 1866 1102 ac
1879 1072 1956 1102 illas
1968 1073 2001 1102 in
2015 1073 2198 1103 utilitatem
2210 1072 2322 1111 ipsius

1307 1124 1471 1154 Metensis
1498 1124 1639 1154 ecclesie
1664 1125 1770 1154 fuisse
1788 1134 1983 1159 (immersas,
2002 1126 2204 1164 promittens
2225 1125 2322 1155 vobis

1308 1178 1395 1207 lutor
1425 1177 1502 1213 alia,
1539 1178 1673 1207 nomine
1702 1178 1811 1216 ipsius
1843 1178 1991 1217 episcopi
2019 1182 2050 1208 et
2084 1186 2321 1208 successorum

1307 1240 1459 1266 suorum,
1480 1231 1511 1265 ’111
1536 1230 1622 1260 sesto
1646 1232 1806 1260 Omnium
1833 1232 2033 1261 Sanctorum
2061 1233 2139 1261 tunc
2165 1232 2321 1270 proximo

1308 1284 1432 1318 tuturo,
1452 1285 1483 1313 et
1512 1284 1671 1322 deinceps
1696 1285 1728 1313 in
1750 1285 1867 1314 eodem
1898 1285 1982 1314 sesto
2006 1285 2148 1319 tamdiu,
2178 1284 2323 1323 singulis

1306 1336 1415 1366 aunis.
1446 1336 1578 1367 solvere
1605 1337 1636 1366 in
1668 1337 1756 1367 L’rbe
1784 1337 1878 1367 mille
1908 1346 2039 1367 marcas
2064 1333 2319 1376 sterlingorum,

1307 1390 1462 1420 videlicet
1480 1390 1619 1420 cuilibet
1640 1393 1791 1420 vestrum
1809 1391 2046 1429 quantitatem.
2065 1400 2129 1430 que
2150 1391 2262 1430 ipsum
2281 1391 2322 1421 de

1305 1443 1405 1472 dictis
1426 1443 1518 1473 mille
1540 1444 1750 1482 1narcis,pr0
1775 1446 1846 1473 rata
1869 1444 2071 1482 quantitatis
2094 1444 2234 1483 pecunie
2255 1443 2322 1474 sibi

1305 1495 1426 1531 debite,
1449 1496 1674 1535 contingebat,
1696 1505 1873 1536 quousque
1899 1498 1938 1526 de
1965 1497 2158 1536 hujusmodi
2187 1505 2321 1527 8111111113,

1305 1549 1466 1579 tredecim
1484 1550 1617 1579 milium
1631 1559 1820 1580 marcarum
1836 1550 2091 1589 sterlingorum,
2109 1550 2142 1580 in
2159 1559 2225 1589 qua
2237 1551 2323 1589 epis-

1305 1610 1408 1639 copus
1426 1607 1457 1631 et
1481 1602 1625 1632 ecclesia
1650 1603 1813 1633 Metonsis
1832 1603 1975 1642 predicti
1994 1603 2100 1638 vobis,
2123 1605 2158 1633 ut
2178 1603 2321 1642 predici-

1306 1656 1370 1691 tur,
1395 1655 1533 1694 obligati
1560 1657 1666 1691 erant,
1695 1657 1779 1686 soret
1800 1656 1896 1686 vobis
1915 1657 2066 1695 plenarie
2092 1657 2321 1687 satisfactum.

1306 1707 1510 1747 Hujusmodi
1533 1710 1644 1738 autem
1666 1710 1929 1748 compositiones
1952 1710 2093 1748 predicti
2115 1709 2320 1745 cardinales,

1305 1762 1504 1792 auctoritate
1520 1762 1629 1800 ipsius
1643 1763 1894 1801 predecessoris
1911 1762 1975 1792 sibi
1994 1763 2034 1792 ab
2049 1772 2087 1793 00
2103 1763 2134 1792 111
2151 1762 2210 1792 hac
2225 1765 2321 1801 parte

1304 1815 1498 1850 commissa,
1532 1817 1733 1845 statuerunt.
1765 1817 2008 1846 mandaverunt
2037 1819 2068 1846 et
2097 1816 2321 1855 preceperunt

1304 1868 1446 1898 tirmiter
1464 1868 1649 1898 observari.
1670 1879 1707 1898 ac
1723 1870 1866 1899 eundem
1887 1870 2095 1908 episcopum,
2115 1870 2143 1899 si
2163 1870 2196 1899 in
2215 1872 2321 1900 statu-

1302 1921 1346 1950 tis
1376 1922 1545 1956 terminis,
1570 1922 1602 1951 in
1631 1923 1799 1952 solutione
1833 1923 2061 1961 predictarum
2089 1924 2319 1962 quantitatum

1271 2006 1273 2016 Α
1303 1975 1455 2012 pecunie,
1474 1975 1507 2004 in
1525 1976 1649 2013 quibus
1667 1976 1812 2014 singulis
1831 1979 1980 2006 vestrum
2000 1976 2188 2006 tenebatur.
2207 1985 2319 2006 cessa-

1303 2030 1363 2063 ret,
1389 2037 1447 2057 seu
1466 2031 1581 2058 contra
1600 2029 1735 2058 easdem
1762 2030 2027 2067 compositiones
2050 2029 2173 2059 taceret
2191 2029 2242 2059 vel
2261 2037 2320 2059 ve-

1304 2081 1401 2110 niret.
1422 2082 1783 2111 excomnuntii-ationis
1805 2082 1971 2111 sententia
1992 2083 2193 2112 innodarunt
2217 2085 2249 2112 et
2270 2082 2318 2112 ni-

1303 2133 1506 2164 chilominus
1532 2135 1618 2164 alias
1644 2144 1747 2173 penas
1771 2136 2002 2174 imposuerunt
2023 2135 2143 2168 eidem,
2169 2138 2265 2174 prout
2284 2135 2318 2165 in

1271 2192 1272 2215 t
1304 2187 1541 2217 instrumentis
1566 2188 1712 2226 publicis
1740 2189 1815 2218 inde
1844 2189 2007 2218 consectis
2036 2191 2065 2218 et
2101 2188 2242 2218 munitis
2275 2189 2318 2218 si—

1229 2244 1231 2246 ·
1271 2252 1272 2255 ¹
1302 2240 1395 2278 gillis
1424 2241 1647 2270 cardinalium
1675 2242 1883 2275 eorumdem,
1908 2241 2042 2280 plonius
2067 2242 2191 2271 dicitur
2215 2241 2319 2272 conti-

273 2302 286 2317 «
309 2290 430 2319 Civibus
450 2296 476 2320 el
495 2291 710 2320 mercatoribus
728 2291 883 2328 Romwzis,
903 2291 1101 2321 creditoribus
1122 2291 1242 2321 ecclesie

230 2343 380 2372 Metcnsis.
398 2345 491 2374 Licet
507 2353 545 2375 ea
562 2354 636 2383 que.
655 2362 693 2366 —
711 2344 869 2375 ldxhibita
884 2345 982 2375 nobis
999 2346 1111 2375 vestra
1122 2345 1240 2384 petitio
1271 2370 1272 2380 ,

231 2397 422 2428 continebat
433 2398 521 2436 quod
531 2398 671 2434 dudum,
682 2398 770 2428 inter
784 2398 871 2428 bone
887 2399 1049 2429 memorie
1062 2399 1238 2432 Jacobum,
1270 2406 1272 2428 t

231 2449 413 2480 Metensem
432 2451 639 2489 episcopum,
667 2460 708 2482 ex
725 2452 820 2490 parte
838 2460 916 2487 una,
939 2453 971 2482 et
991 2460 1050 2482 vos
1071 2460 1108 2481 ac
1126 2452 1238 2491 singu-

231 2501 283 2532 los
305 2506 452 2533 vestrum
478 2513 580 2543 super
605 2505 751 2534 diversis
777 2505 998 2543 pecuniarum
1025 2505 1182 2540 summis,
1207 2505 1239 2535 in

232 2555 354 2593 quibus
369 2566 427 2586 vos
442 2558 583 2587 eundem
601 2558 797 2596 episcopum
813 2559 844 2588 et
859 2558 1045 2588 Metensem
1061 2558 1239 2589 ecclesiam

232 2607 393 2638 dicebatis
415 2610 482 2639 tore
502 2610 609 2646 vobis,
625 2620 665 2640 ex
678 2620 779 2641 causa
798 2611 919 2647 mutui,
933 2611 1240 2650 obligatos,da1np-

231 2661 296 2694 nis,
307 2663 465 2700 expensis
480 2665 510 2693 et.
528 2663 702 2699 iuteresse,
716 2673 755 2693 ex
769 2664 884 2699 altera,
896 2664 1042 2694 diversis
1056 2665 1238 2703 questioni-

231 2711 294 2743 bus
305 2715 487 2749 suscitatis,
503 2716 646 2752 tandem,
662 2726 736 2746 cum
748 2725 850 2755 super
862 2717 928 2747 hiis
943 2726 1055 2748 coram
1070 2717 1155 2748 bone
1171 2726 1237 2748 ine-

231 2819 272 2848 ad
290 2819 410 2850 Velum
430 2821 575 2850 Aureum
599 2822 737 2852 diacono
755 2823 996 2860 cardinalibus,
1020 2832 1105 2862 quos
1128 2824 1236 2854 felicis

230 2872 473 2902 recordationis
507 2874 696 2904 Alexander
725 2877 1077 2914 papa,-predecessor
1110 2879 1233 2915 noster,

230 2924 447 2963 deputaverat
476 2926 508 2956 in
531 2928 762 2964 questionilms
786 2929 979 2968 hujusmodi
1002 2930 1156 2969 partibus
1180 2940 1236 2961 au-

1303 2294 1396 2329 110113
1432 2293 1609 2332 dictusque
1650 2295 1885 2333 predecessor,
1922 2295 2012 2333 quod
2046 2304 2148 2333 super
2180 2295 2240 2325 hoc
2275 2293 2317 2325 ab

1302 2347 1429 2377 eisdem
1448 2347 1679 2377 cardinalibus
1705 2348 1829 2378 factum
1855 2349 1979 2379 extitit,
2000 2350 2110 2378 ratum
2138 2348 2265 2378 habens
2283 2349 2315 2378 et

1302 2400 1496 2435 111·mu111‚iu
1513 2409 1572 2438 per
1589 2409 1669 2430 suas
1689 2401 1820 2430 litteras
1839 2401 1963 2431 dicitur
1977 2401 2206 2431 confirmasse.
2227 2401 2315 2431 Sane

1302 2452 1390 2482 dicto
1403 2453 1573 2492 episcopo,
1585 2454 1641 2492 qui
1657 2454 1697 2483 de
1709 2454 1839 2492 prefata
1855 2463 1988 2484 summa
2005 2454 2166 2484 tredecim
2180 2454 2316 2484 milium

1303 2514 1504 2538 marcarum,
1535 2507 1633 2545 juxta
1663 2508 1798 2537 tenores
1831 2507 2115 2546 compositionum
2148 2507 2314 2546 ipsarum,

1303 2558 1410 2594 vobis,
1424 2562 1523 2598 prout
1541 2560 1740 2590 asseruistis
1757 2561 1789 2590 in
1805 2562 1919 2591 nostra
1937 2561 2108 2599 presentia
2124 2559 2314 2594 constituti,

1300 2613 1366 2642 tria
1387 2613 1482 2642 milia
1508 2622 1696 2643 marcarum
1724 2614 1966 2653 sterlingorum
1991 2623 2051 2652 pro
2075 2613 2184 2644 tribus
2214 2613 2314 2643 annis

1269 2672 1270 2678 ¹
1300 2666 1475 2704 persolvit,
1498 2667 1586 2696 viam
1618 2667 1774 2697 universe
1804 2668 1915 2697 carnis
1945 2668 2109 2706 ingresso.
2134 2670 2165 2697 et
2191 2666 2315 2697 dilecto

1268 2711 1270 2714 ’
1301 2718 1370 2749 11110
1402 2719 1598 2754 Guillelmo,
1631 2720 1738 2750 electo
1768 2721 1924 2754 31010081,
1957 2721 1997 2750 ad
2025 2720 2174 2759 regimen
2203 2719 2314 2758 ipsius

232 2766 337 2796 morie
356 2768 409 2796 ll..
430 2768 517 2797 tituli
535 2780 560 2797 s.
579 2769 701 2799 Sabine
720 2770 930 2808 111-0181131010,
943 2772 974 2801 01
992 2771 1042 2805 P„
1055 2779 1082 2801 8.
1101 2771 1237 2809 Georgii
1267 2779 1268 2785 ¹

1300 2772 1441 2802 ecclesie
1459 2773 1622 2803 Metensis
1643 2776 1831 2812 assumpto,
1849 2782 1922 2805 vos,
1941 2776 2131 2803 asserentes
2149 2772 2237 2811 quod
2254 2779 2315 2810 per

1300 2827 1445 2864 quatuor
1465 2834 1571 2856 annos
1591 2826 1698 2857 suerat
1719 2827 1752 2856 in
1769 2827 1936 2856 solutione
1965 2826 2191 2865 predictarum
2219 2824 2313 2855 mille

1301 2887 1489 2908 marcarum
1520 2879 1760 2918 sterlingorum
1787 2882 1970 2913 cessatum,
1994 2879 2035 2909 ab
2058 2879 2175 2909 eodem
2194 2877 2312 2913 electo,

1300 2933 1378 2961 tunc
1397 2931 1579 2961 constituto
1605 2932 1693 2970 apud
1721 2932 1833 2962 sedem
1853 2931 2086 2970 apostolicam.
2107 2930 2147 2961 de
2170 2932 2317 2969 quatuor
