2547 3289
238 296 274 322 ’11)
985 279 1234 312 ltlzssls'sREs
1260 279 1471 309 D'URBAIN
1496 279 1550 308 lv.

235 375 402 410 personatus
419 371 461 397 vel
474 369 600 403 dignitas
613 367 716 393 existat
730 368 758 391 et
774 365 902 391 similem
919 370 1018 389 curam
1035 362 1148 391 habeut,
1165 360 1241 386 licite
1271 378 1274 392 Ι
1301 362 1391 398 parte
1410 369 1607 398 responsum
1625 360 1712 399 quod
1729 360 1881 390 electioni
1897 360 2045 397 ejusdem
2060 359 2189 389 abbatis
2204 359 2312 389 defec-

235 423 360 456 recipere
377 420 479 446 valeat.
494 418 574 451 (lien.
590 417 634 448 26,
652 415 698 441 fol.
717 415 762 446 28,
779 417 810 439 0ο
828 413 898 445 113.)

275 527 289 542 α
313 513 460 552 Magistro
477 509 656 550 Reqinalab,
673 508 751 538 dicto
767 507 1009 544 Carumlcmpus,
1027 503 1241 533 archidiacono

236 567 333 597 Belsie
349 567 381 595 in
400 564 524 595 ecclesia
540 562 765 596 Aurelianensi,
780 559 939 599 capellano
951 563 1063 587 nostro.
1080 555 1242 592 Quamvis
1272 571 1274 604 ,³
1302 581 1453 603 cessores
1469 573 1697 607 nostros.cum
1714 572 1800 603 idem
1816 572 2031 603 Innocentius
2053 572 2161 610 primo
2178 571 2313 609 (Uspen-

235 622 270 651 ut
297 619 407 658 plures
435 635 481 646 —.
516 616 638 646 Datum
671 613 823 647 Viterbii,
855 611 1008 642 kalendis
1034 610 1123 649 julii,
1155 616 1242 639 anno
1273 634 1274 637 ,

237 673 354 713 primo.
376 683 391 699 ι)

307 831 377 862 116
794 824 919 856 Viterbe,
941 825 964 849 11
983 821 1078 857 juillet
1094 821 1172 846 1262.

274 914 408 949 Magistro
425 910 610 945 Radulphum
627 910 661 935 de
680 908 893 943 Freningeham
914 908 941 933 in
958 906 1138 940 capellanum
1159 912 1243 931 suum

238 963 348 997 recipit.
366 961 449 996 (neor
463 961 508 992 26,
524 959 573 986 fol.
590 959 634 990 28,
652 962 682 984 0Ω
701 958 772 989 114.)

279 1063 294 1079 «
311 1050 458 1089 Maqt'stro
488 1047 647 1087 liudulpho
679 1046 714 1075 de
739 1044 975 1084 Freninyelmm,
993 1041 1149 1082 capellano
1182 1051 1245 1070 nos-

238 1110 294 1135 tro.
316 1103 482 1140 Quoniam
499 1102 584 1132 sicut
603 1099 847 1138 fidedignorum
866 1114 914 1128 —-.
943 1097 1067 1127 Datum
1088 1095 1244 1130 Viterbii,

240 1167 259 1186 v
278 1155 455 1196 idusjulii,
472 1163 559 1185 anno
577 1153 696 1193 primo.
717 1164 730 1179 »

313 1316 380 1347 117
810 1308 934 1339 Viterbe,
953 1310 967 1334 7
982 1307 1079 1342 juillet
1100 1307 1176 1332 ¹262.

276 1400 448 1429 lohannem,
473 1395 677 1423 cancellarium
704 1394 924 1423 Eboracensem,
946 1390 1129 1424 capellanum
1152 1397 1247 1419 sunm,

244 1445 433 1473 Wintoniensi
449 1443 579 1479 praeficit
595 1442 742 1470 eeclesiae,
763 1441 841 1471 (1100.
858 1440 902 1470 26,
919 1438 967 1465 sol.
987 1440 1032 1470 28,
1049 1442 1080 1463 n⁰
1097 1438 1170 1471 115.)

284 1549 296 1560 «ι
318 1557 342 1565 ..
356 1533 458 1574 priori
478 1538 504 1561 cl
524 1530 682 1560 conventui
704 1527 970 1558 Wintoniensibns.
989 1526 1139 1557 Ecclesia
1156 1526 1250 1555 Win-

243 1587 385 1619 toniensi
400 1585 543 1626 pastoris
561 1583 684 1613 solacio
702 1582 858 1612 destituta
875 1582 906 1611 et
928 1580 980 1610 die
997 1580 1037 1609 ad
1059 1579 1250 1618 eligendum

242 1640 379 1680 prefixa,
397 1637 606 1678 presentibus
621 1634 776 1666 omnibus
790 1634 846 1673 qui
864 1633 1060 1666 debuerunt,
1073 1632 1251 1662 voluerunt

243 1695 274 1724 et
295 1693 472 1732 potuerunt
495 1689 630 1720 comode
654 1688 825 1721 interesse,
852 1686 985 1717 fuerunt
1003 1685 1098 1716 electi
1125 1686 1192 1715 tres
1213 1684 1252 1714 de

242 1745 379 1784 collegio
398 1742 554 1781 fidedigni
573 1742 630 1780 qui
647 1741 771 1771 secreto
795 1741 826 1770 et
841 1739 1024 1778 singilatim
1042 1740 1118 1768 vota
1138 1737 1251 1776 exqui-

244 1799 315 1829 rent
339 1796 561 1836 singulorum.
587 1793 754 1825 Scrntinio
782 1792 883 1831 igitur
906 1791 1074 1831 publicato
1101 1792 1253 1829 factaque

244 1849 431 1884 collatione,
464 1848 669 1887 compertum
693 1845 803 1876 extitit
832 1845 920 1884 quod
953 1845 992 1875 de
1022 1844 1196 1882 sexaginta
1223 1845 1255 1873 et

245 1904 383 1942 quatuor
411 1900 562 1941 personis
588 1908 650 1938 que
677 1906 791 1929 vocem
824 1898 859 1927 in
885 1897 1045 1928 electione
1075 1896 1250 1931 habebant,

245 1954 483 1995 quinquaginta
501 1954 532 1983 et
548 1953 689 1991 quatuor
706 1951 740 1981 in
762 1951 897 1980 fratrem
908 1950 1137 1988 ‘XVillelmunL
1156 1949 1255 1980 abba-

246 2010 310 2039 tem
328 2005 520 2037 monasterii
536 2006 576 2035 de
591 2004 804 2038 Middeltmie,
825 2003 1081 2034 Saresbiriensis
1098 2002 1253 2037 diocesis,

247 2060 496 2093 consenserant,
519 2067 537 2088 a
562 2057 684 2096 quibus
700 2057 761 2086 fuit
777 2057 809 2086 in
830 2056 1022 2094 episcopum
1042 2056 1253 2085 Wintonien-

248 2122 317 2144 sem
337 2113 473 2146 electus,
492 2119 550 2141 sex
566 2119 607 2140 ex
629 2110 678 2139 eis
706 2109 740 2139 in
756 2109 890 2139 fratrem
912 2109 1092 2144 Andreani,
1111 2109 1254 2146 priorem

247 2167 395 2205 ejusdem
423 2163 572 2198 ecclesie,
590 2161 812 2200 dirigentibus
829 2163 905 2191 vota
930 2170 1000 2191 sna.
1023 2161 1171 2200 Cumque
1199 2162 1256 2192 hu-
1284 2149 1287 2157 ⁸

243 2217 390 2258 jusmodi
421 2217 589 2255 negotium
616 2224 725 2245 corani
754 2214 937 2244 venerabili
970 2214 1068 2244 fratre
1098 2218 1210 2245 nostro
1232 2239 1254 2244 ..
1286 2209 1287 2230 ³

249 2269 478 2302 Cantuariensi
495 2267 755 2305 archiepiscopo,
774 2266 838 2296 loci
857 2267 1258 2305 metropoIItano‚{suisset

248 2322 442 2362 aliquandiu
467 2321 676 2355 ventilatum,
694 2319 827 2350 tandem
854 2328 912 2358 per
938 2319 1194 2358 appellationmn
1217 2320 1257 2350 ad

249 2377 361 2408 sedem
377 2374 591 2414 apostolicam
605 2373 712 2403 extitit
728 2372 934 2402 devolutum.
952 2372 1022 2402 Nos
1036 2374 1145 2403 autem
1161 2381 1258 2403 vene-

251 2429 386 2460 rabilem
406 2428 539 2458 fratrem
565 2427 716 2456 nostrum
739 2449 761 2455 ..
785 2424 979 2465 episcopum
1008 2425 1255 2461 Penestrinum,

250 2481 477 2513 concessimus
502 2479 535 2510 in
560 2479 675 2509 codem
703 2478 832 2517 negotio
851 2478 1048 2513 auditorem,
1067 2487 1175 2509 coram
1192 2488 1256 2518 quo

250 2534 442 2574 procurator
458 2533 592 2563 illorum
609 2531 666 2570 qui
683 2531 717 2561 in
734 2531 899 2570 prefatum
921 2530 1067 2570 priorem
1085 2540 1256 2562 consense-
1288 2521 1289 2528 ἵ

251 2589 334 2623 rant,
353 2587 437 2617 inter
453 2586 518 2616 alia
539 2585 711 2624 proposuit
735 2583 833 2623 quod,
859 2592 934 2614 cum
952 2584 1061 2614 dictus
1084 2585 1186 2615 abbas
1204 2586 1255 2615 de-

252 2640 374 2670 sectum
394 2638 553 2668 natalium
569 2638 747 2677 pateretur,
767 2638 878 2676 utpote
906 2636 946 2666 (10
965 2636 1086 2667 clerico
1105 2638 1138 2668 in
1153 2639 1258 2668 mino-

255 2693 346 2723 ribns
366 2691 541 2722 ordinibus
561 2691 738 2720 constituto
757 2689 889 2728 genitus
913 2691 946 2720 et
966 2690 1174 2729 soluta,eligi
1193 2700 1259 2721 non

253 2744 367 2775 debuit
383 2744 441 2774 sed
452 2743 561 2782 patius
574 2742 746 2782 postulari.
766 2742 943 2781 Proposuit
958 2742 1057 2772 etiam
1073 2743 1159 2782 quad
1173 2743 1257 2774 idem

254 2797 356 2828 abbas
374 2795 546 2827 electionis
561 2804 620 2825 sue
639 2796 795 2833 tempore,
814 2803 872 2833 per
890 2795 1052 2833 quosdam
1069 2798 1260 2828 executores

255 2849 344 2880 sedis
359 2848 538 2887 apostolice
558 2848 733 2887 multiplici
751 2848 821 2878 erat
845 2848 978 2878 vinculo
994 2849 1259 2880 excommunica-

255 2902 356 2933 tionis
372 2901 536 2936 astrictus,
550 2909 608 2931 nec
620 2900 760 2931 habebat
775 2900 861 2930 ilem
875 2900 977 2930 abbas
990 2901 1163 2931 scientiam
1175 2903 1260 2941 epis-

257 2954 365 2994 copali
391 2953 501 2984 officio
529 2955 776 2991 congruentem.
805 2953 851 2982 Ad
874 2961 937 2991 que
964 2953 1025 2983 fuit
1047 2954 1088 2983 ab
1120 2955 1262 2986 adversa

1270 402 1272 453 1
1301 415 1355 443 tus
1379 413 1539 443 natalium
1562 421 1627 443 non
1647 413 1819 449 obstabat;
1838 413 1944 443 suerat
1959 413 2049 442 enim
2070 420 2183 442 secum
2209 419 2312 450 super

1302 465 1362 496 1100
1385 466 1532 504 legitime
1547 466 1775 505 dispensatum
1793 474 1851 505 per
1866 466 1974 496 felicis
1990 465 2231 495 recordationis
2255 464 2311 495 In-

1303 518 1493 549 nocentium
1508 520 1539 550 et
1555 519 1798 554 Alexandrum,
1810 519 1980 549 Romanos
1992 518 2178 557 pontifices,
2197 517 2312 557 prede—

1304 627 1409 656 sasset:
1425 634 1500 655 cum
1527 634 1577 660 00,
1595 627 1629 655 01
1662 633 1728 655 non
1756 624 1906 655 obstante
1923 624 2012 662 quod
2033 626 2103 655 erat
2135 624 2174 654 de
2203 623 2314 654 soluto

1273 712 1274 715 Ἰ
1304 678 1435 717 genitus
1454 679 1484 708 et
1507 678 1751 716 soluta,posset
1768 678 1810 707 ad
1833 678 1886 707 sui
1902 677 2030 707 ordinis
2048 676 2312 707 administrati«)-

1273 727 1275 779 ζ
1306 739 1364 761 1103
1401 731 1528 761 assumi
1560 731 1740 769 regulares.
1765 739 1802 760 00
1834 730 1953 760 deinde
1985 730 2092 760 dictus
2125 729 2317 760 Alexander

1274 801 1275 833 Ξ
1304 783 1605 821 eidemjndulserit
1624 785 1670 818 ut,
1692 783 1882 822 hujusmodi
1902 783 2062 813 natalium
2080 791 2146 812 non
2163 782 2316 813 obstante.

1305 837 1447 871 defectu,
1473 837 1513 866 ad
1536 837 1758 875 episcopalem
1779 836 1984 875 dignitatem,
2010 835 2039 866 si
2064 843 2140 865 eum
2160 835 2201 865 ad
2220 834 2314 865 illam

1306 890 1464 920 canonice
1492 891 1603 920 vocari
1634 890 1849 929 contingeret,
1866 891 1976 929 posset
1994 889 2096 919 libere
2113 888 2315 928 promoveri.

1276 956 1277 983 ξ
1307 944 1357 974 De
1391 943 1582 973 auctoritate
1614 945 1722 973 autem
1754 943 1917 973 dictorum
1948 943 2161 973 executorum
2193 949 2315 980 nequa-

1276 996 1277 999 ’
1307 1005 1407 1036 quam
1432 997 1602 1027 constabat
1618 1005 1677 1027 nec
1699 996 1877 1035 apparebat
1896 996 1994 1026 etiam
2021 995 2107 1034 quod
2125 994 2236 1033 sigilla
2260 1002 2314 1033 ap-

1307 1059 1411 1089 pensa
1433 1051 1466 1080 in
1489 1051 1607 1081 litteris
1629 1050 1786 1081 exhibitis
1807 1050 1848 1080 ad
1878 1049 2065 1089 probandas
2090 1046 2316 1079 excommuni-

1307 1104 1454 1135 cationes
1467 1104 1599 1134 easdem
1611 1106 1823 1135 executorum
1835 1104 1957 1134 fuerint
1968 1103 2202 1142 predictorum,
2213 1101 2317 1132 scien-

1308 1157 1387 1187 tiam
1403 1166 1534 1196 quoque
1553 1157 1774 1188 sufficientem
1797 1156 1938 1186 habebat
1954 1156 2043 1186 idem
2060 1155 2162 1185 abbas
2179 1154 2219 1184 ad
2235 1162 2315 1193 pon-

1278 1241 1279 1246 ,
1308 1211 1429 1241 tificale
1461 1211 1609 1241 officium
1639 1210 1882 1250 exequendum.
1917 1209 1982 1241 Sed
2011 1208 2073 1239 suit
2099 1217 2141 1238 ex
2174 1207 2315 1238 adverso

1278 1276 1279 1304 3
1309 1263 1516 1302 propositum
1540 1263 1627 1301 quod
1646 1262 1835 1302 hujusmodi
1856 1261 2060 1299 dispensatio
2081 1260 2196 1298 prefati
2220 1259 2319 1289 Inno-

1279 1336 1281 1362 3
1311 1316 1410 1346 centii
1424 1316 1574 1345 extiterat
1598 1315 1811 1354 subrepticia,
1828 1316 1938 1353 utpote
1952 1322 2010 1351 per
2023 1313 2093 1343 veri
2110 1311 2319 1351 suppressio·

1280 1368 1281 1378 ¹
1312 1378 1387 1399 nem
1416 1369 1559 1398 obtenta.
1580 1369 1664 1397 Nam
1683 1377 1758 1397 cum
1782 1368 1868 1397 idem
1886 1366 1988 1397 abbas
2012 1366 2111 1396 fuerit
2129 1366 2260 1404 genitus
2277 1365 2317 1394 de

1311 1422 1430 1452 clerico
1455 1421 1632 1451 constituto
1664 1421 1696 1450 in
1724 1420 1910 1450 minoribus
1939 1419 2114 1449 ordinibus
2138 1421 2168 1448 et
2200 1418 2319 1450 soluta.

1281 1499 1282 1510 ,
1311 1474 1372 1504 1100
1400 1482 1591 1513 suppresso,
1617 1474 1780 1512 suggessit
1814 1473 1921 1503 eidem
1948 1471 2142 1501 Innocentio
2168 1471 2256 1510 quod
2281 1470 2320 1500 de

1281 1548 1282 1551 =
1312 1527 1420 1557 soluto
1436 1527 1542 1557 fuerat
1559 1527 1689 1565 genitus
1705 1527 1735 1556 et
1758 1526 1877 1561 soluta,
1892 1527 1925 1555 ut
1941 1524 2227 1563 dispensationem
2242 1523 2318 1554 saci-

1312 1580 1378 1610 lius
1395 1580 1568 1610 obtineret.
1589 1578 1804 1618 Dispensatio
1821 1587 1898 1609 vero
1924 1578 2043 1617 prefati
2063 1577 2246 1607 Alexandri
2262 1584 2321 1615 per

1312 1633 1388 1664 falsi
1410 1633 1656 1672 suggestionem
1674 1632 1715 1662 ab
1731 1632 1847 1662 abbate
1866 1632 1938 1670 ipso
1952 1631 2104 1661 extiterat
2126 1630 2317 1668 impetrata;

1313 1687 1477 1726 suggessit
1493 1686 1581 1716 enim
1599 1685 1687 1724 quod
1703 1685 1811 1715 dictus
1828 1684 2043 1715 Innocentius
2062 1692 2138 1714 cum
2163 1683 2247 1721 ipso.
2268 1690 2322 1721 ge-

1315 1740 1382 1770 nito
1408 1740 1446 1769 de
1473 1739 1593 1769 clerieo
1617 1739 1793 1769 constituto
1822 1737 1856 1768 in
1881 1737 2069 1768 minoribus
2093 1736 2268 1766 ordinibus
2289 1737 2321 1766 et

1314 1793 1421 1822 soluta
1437 1792 1576 1822 duxerat
1600 1791 1872 1830 dispensandum.
1896 1799 1971 1820 cuin
1987 1791 2098 1820 tamen
2117 1790 2204 1819 idem
2225 1789 2323 1819 Inno-

1314 1845 1442 1875 centius
1462 1853 1586 1878 secum.
1601 1844 1659 1883 qui
1674 1844 1802 1875 dicebat
1820 1853 1855 1873 se
1871 1844 1909 1874 de
1930 1843 2038 1873 soluto
2056 1844 2087 1873 et
2103 1842 2210 1873 soluta
2228 1841 2320 1880 geni-

1314 1898 1634 1937 tum,dispensasset
1653 1899 1682 1927 et
1699 1897 1782 1927 alias
1791 1897 1890 1927 etiam
1908 1897 2058 1935 pretextu
2075 1895 2237 1934 premisse
2253 1894 2318 1924 dis-

1314 1951 1520 1990 pensationis
1533 1951 1638 1989 ipsius
1651 1950 1832 1980 Alexandri
1845 1950 1885 1979 ad
1897 1948 2120 1988 episcopalem
2131 1948 2324 1987 dignitatem

1284 2030 1285 2033 ,
1315 2013 1381 2034 non
1397 2005 1546 2043 potuerat
1562 2003 1638 2042 eligi
1655 2003 1762 2033 dictus
1778 2003 1892 2036 abbas,
1909 2011 1985 2032 cum
2003 2010 2068 2032 non
2084 2003 2172 2032 esset
2187 2001 2251 2032 sibi
2266 2010 2326 2040 per

1316 2057 1596 2095 dispensationem
1612 2056 1719 2095 ipsam
1738 2063 1932 2085 eoncessum
1948 2055 2037 2093 quod
2052 2056 2175 2093 posset,
2192 2054 2322 2084 defectu

1316 2119 1383 2140 non
1405 2110 1554 2139 obstante
1579 2109 1735 2148 predicto,
1753 2108 1793 2138 ad
1810 2107 1999 2146 hujusmodi
2017 2107 2095 2145 eligi
2116 2107 2323 2146 dignitatem,

1316 2163 1373 2193 sed
1401 2163 1487 2201 qnod
1515 2163 1555 2192 ad
1580 2162 1684 2192 illam.
1714 2170 1778 2191 non
1807 2161 1955 2191 obstante
1979 2161 2051 2199 ipso
2068 2160 2209 2194 defectu,
2229 2160 2258 2190 si
2282 2160 2324 2190 ad

1317 2225 1389 2246 eam
1410 2216 1520 2254 ipsum
1548 2215 1705 2245 canonice
1723 2214 1831 2244 vocari
1861 2214 2076 2252 contingeret,
2092 2214 2204 2252 posset
2222 2213 2324 2243 libere

1317 2268 1506 2308 promoveri
1537 2270 1573 2297 nt
1598 2267 1751 2297 videlicet
1773 2267 1835 2297 sibi
1863 2267 2010 2297 detectus
2040 2266 2232 2305 hujusmodi
2260 2274 2326 2296 non

1287 2356 1288 2360 Ἰ
1319 2322 1448 2352 obesset
1465 2321 1557 2360 quin,
1577 2329 1614 2351 eo
1631 2329 1695 2351 non
1711 2320 1872 2353 obstante,
1887 2320 1927 2350 ad
1945 2319 2138 2358 dignitatem
2157 2319 2327 2357 episcopa>

1319 2375 1384 2406 lem
1402 2375 1490 2405 licite
1507 2374 1633 2404 assumi
1650 2374 1785 2408 valeret,
1801 2373 1831 2403 si
1846 2375 2020 2403 vocaretur
2033 2373 2191 2403 canonice
2204 2372 2246 2402 ad
2255 2380 2329 2402 ean-

1320 2429 1405 2465 dem,
1425 2428 1550 2458 scilicet
1568 2436 1626 2466 per
1644 2427 1900 2466 postulationem
1927 2427 2120 2456 canonicam
2136 2427 2167 2456 et
2193 2434 2329 2456 concor-

1320 2482 1406 2511 dem.
1432 2481 1481 2511 De
1502 2480 1694 2511 auctoritate
1722 2488 1800 2510 vero
1824 2479 1985 2509 dictorum
2007 2481 2221 2509 executa-um
2246 2478 2328 2509 satis

1319 2534 1495 2564 manifeste
1519 2533 1700 2568 constabat,
1718 2534 1747 2563 et
1765 2533 1841 2563 licet
1858 2541 1922 2562 non
1943 2534 2053 2563 essent
2072 2532 2183 2570 sigilla
2199 2539 2328 2565 eorum.

1320 2587 1402 2617 fides
1418 2588 1528 2617 tamen
1544 2587 1583 2617 de
1601 2586 1678 2621 illis.
1697 2586 1726 2616 si
1747 2585 1928 2624 expediret,
1942 2585 2013 2615 lieri
2031 2586 2157 2624 poterat
2178 2585 2212 2616 in
2228 2584 2329 2623 parti-

1321 2641 1383 2671 bus
1398 2640 1605 2679 Anglicanis.
1624 2640 1673 2669 Ex
1694 2647 1732 2669 eo
1760 2639 1897 2677 insuper
1914 2639 2058 2677 predicta
2075 2638 2182 2677 ipsius
2202 2637 2332 2668 abbatis

1322 2692 1579 2731 impugnabatur
1595 2692 1710 2722 electio
1732 2691 1831 2730 quod,
1853 2700 1926 2721 cum
1946 2691 2086 2721 dilectus
2106 2690 2196 2721 tilius
2214 2689 2332 2728 magis-

1322 2749 1372 2776 ter
1403 2746 1571 2780 Albertus,
1603 2745 1752 2775 notarius
1781 2746 1904 2779 noster,
1929 2746 2004 2774 tunc
2031 2744 2208 2782 apostolico
2239 2742 2330 2773 sedis

1323 2799 1473 2832 nuntius,
1488 2807 1529 2828 ex
1545 2798 1643 2828 certis
1661 2798 1771 2828 causis
1787 2798 1820 2827 in
1845 2799 1951 2828 certas
1974 2797 2080 2836 ipsius
2098 2796 2234 2827 ecclesie
2259 2803 2331 2834 per-

1325 2860 1424 2882 sonas
1439 2851 1795 2881 excommunicationis
1807 2859 1843 2880 ae
1859 2851 1892 2880 in
1903 2850 2041 2881 eandem
2057 2849 2229 2880 ecclesiam
2245 2848 2330 2887 ejus-

1324 2913 1388 2943 que
1421 2905 1619 2934 conventum
1656 2903 1820 2934 interdicti
1854 2903 2036 2933 sententias
2073 2900 2328 2941 promulgasset.

1327 2956 1450 2986 eisdem
1481 2956 1655 2986 sententiis
1686 2955 1824 2985 minime
1863 2954 2031 2987 relaxatis.
2064 2953 2190 2991 prefata
2225 2951 2332 2982 suerat
