2547 3289
1047 198 1284 236 ‘rnfflsOEME
1308 199 1470 235 ΑΝΝιῑιΕ.
2239 208 2295 237 331

218 293 360 322 duorum
385 293 517 322 milium
547 294 578 322 et
602 293 860 331 ‹11uingeiitai·1un
888 291 1051 320 librarum
1072 292 1227 320 turonen—

218 345 317 381 sium,
335 346 362 374 si
382 347 511 375 tautum
529 346 561 375 in
578 345 771 384 hujusmodi
787 345 906 383 legatis
925 344 1060 378 existat,
1080 353 1138 373 nec
1155 344 1229 381 ipsa

214 398 285 427 sint
313 399 368 427 uni
396 399 447 428 vel
467 399 622 436 pluribus
640 398 795 436 personis
817 407 833 427 u
862 396 958 427 nobis
976 405 1146 431 concessa,
1166 396 1229 425 fra-

218 451 367 480 ternitati
386 453 441 481 tue
460 452 660 481 mandamus
677 451 836 489 quatinus
850 449 1072 488 quantitatem
1089 449 1228 479 eandem

219 504 258 533 ad
279 513 398 533 manus
416 506 491 533 tuas
513 504 691 542 recipiens⁷
716 505 823 542 ipsam
846 506 924 541 tunc
947 503 1082 532 demum
1100 503 1229 540 pretato

219 557 333 586 comiti
351 558 524 595 assignare
547 565 718 595 procures,
744 556 997 594 expendendam
1018 564 1075 593 per
1098 563 1173 584 euni
1196 555 1228 583 in

219 609 408 639 subsidium
434 610 520 639 dicte
547 611 646 643 terre,
673 609 805 647 quando
830 609 918 638 idem
941 616 1052 638 comes
1069 608 1102 637 in
1120 608 1229 645 primo

218 663 366 701 generali
386 663 543 701 passagio
562 663 626 691 iter
645 662 827 700 arripuerit
848 661 1123 691 transmarinum.
1145 661 1229 690 Con-

219 716 430 750 tractatores,
460 718 519 744 etc.
541 715 666 744 Datum
689 715 778 752 apud
798 715 1085 748 Urbcmveterem,
1109 723 1128 742 ιι
1156 714 1230 742 idus

215 768 306 805 julia
325 777 410 797 anno
424 768 496 797 [11⁰.
518 780 532 795 »

309 921 380 951 (397

822 918 947 949 orvieto,
965 918 980 943 —i
1000 920 1065 944 amit
1083 918 1158 944 1204.

255 1000 299 1026 Eis
325 999 441 1025 mandat
468 1005 581 1024 cassam
606 999 632 1023 et
663 996 775 1022 irritam
796 996 928 1022 nuntient
957 996 1126 1023 electionem
1148 996 1234 1022 abba-

218 1047 305 1074 tissae
324 1046 489 1073 monasterii
511 1046 538 1072 S.
560 1045 699 1072 Patriciae
718 1045 1033 1079 Neapolitanae.·(REG.
1051 1045 1096 1078 28,
1118 1044 1167 1071 fol.
1188 1046 1231 1071 75.

218 1104 285 1123 ann.
302 1095 350 1128 ΙΙΙ,
368 1101 398 1121 n⁰
412 1096 485 1127 299.)

261 1207 275 1222 (ι
289 1193 447 1223 Rerum-do
462 1192 623 1223 Carazulo,
635 1192 811 1226 diacono‚et
823 1191 922 1229 fratri
936 1191 1057 1229 Afrum)
1076 1190 1111 1219 de
1127 1191 1234 1220 ordine

223 1246 454 1277 Prediccztorum
471 1245 696 1286 Neapolitanis.
725 1245 818 1276 Licet
836 1244 1022 1283 apostolica
1045 1244 1143 1273 sedes
1162 1244 1234 1273 uni-
1252 1278 1257 1283 ,

222 1302 329 1330 versis
345 1299 516 1338 capitulis,
536 1299 689 1337 collegiis
711 1300 743 1328 et
761 1296 984 1328 conventibus
1001 1297 1232 1333 ecclesiarum,

222 1355 289 1383 tam
307 1353 550 1383 cathedralium
575 1361 676 1390 quam
699 1352 854 1386 aliarum,
880 1359 916 1380 ac
936 1351 1232 1385 monasteriorum,

222 1408 457 1444 exemptorum
473 1407 505 1435 et
523 1414 587 1435 non
598 1407 844 1443 exemptorum,
858 1404 951 1442 regni
967 1403 1082 1433 Sicilie
1100 1403 1235 1433 duxerit

222 1459 454 1493 inhibendum,
466 1467 519 1492 ne,
530 1459 558 1487 si
569 1458 730 1488 ecclesias
744 1457 794 1486 vel
811 1456 1015 1486 monasteria
1029 1456 1102 1494 ipsa
1117 1465 1235 1486 vacare

223 1512 412 1550 contigerit,
430 1511 469 1541 ad
493 1511 702 1543 electionem,
724 1510 989 1548 postulationem
1009 1518 1068 1539 seu
1086 1510 1237 1539 nomina-

221 1566 349 1595 tionem
368 1564 562 1603 procedant,
576 1573 612 1593 ac
627 1563 812 1593 decreverit.
832 1563 965 1592 irritum
984 1564 1015 1592 et
1034 1563 1131 1592 inane
1149 1565 1237 1600 quii·-

218 1618 303 1656 vquid
330 1620 445 1647 contra
469 1617 705 1647 inhibitionem
725 1616 915 1655 hujusmodi
943 1616 1043 1645 fuerit
1062 1617 1237 1653 attempta-

222 1673 306 1705 tum,
318 1672 442 1703 tamen,
456 1670 542 1699 sicut
551 1670 754 1708 accepimus,
767 1670 904 1699 vacante
915 1677 1021 1707 nuper
1033 1669 1236 1698 monasterio

223 1725 336 1753 sancte
358 1723 502 1753 Patricie
522 1723 757 1761 Neapolitane,
775 1722 904 1752 ordinis
923 1722 1030 1751 sancti
1051 1721 1235 1758 Benedicti,

223 1786 282 1816 per
310 1776 439 1807 obitum
467 1776 648 1815 Setelgaite
681 1775 852 1805 abbatisse
888 1775 995 1813 ipsius
1026 1775 1236 1807 monasterii,

223 1831 407 1860 conventus
421 1830 572 1868 ejusdem
589 1829 711 1864 Sinam,
728 1829 909 1858 monialem
929 1828 1008 1858 dicti
1024 1828 1235 1863 monasterii7

223 1884 256 1913 in
274 1892 389 1913 earum
403 1882 623 1917 abbatissam,
635 1884 751 1912 contra
764 1881 1000 1911 inhibitionem
1016 1882 1047 1911 et
1064 1881 1235 1911 decretum

221 1936 427 1975 hujusmodi,
439 1936 478 1965 (le
493 1936 578 1965 tacto
592 1935 717 1973 eligere
731 1936 1023 1973 presumpserunt.
1040 1935 1109 1964 Nos
1124 1934 1237 1972 itaque

222 1990 434 2020 attendentes
461 1989 550 2027 quod
584 1988 780 2025 hujusmodi
813 1988 943 2024 electio,
978 1989 1092 2026 utpote
1123 1989 1238 2017 contra

215 2042 460 2072 inhibitionem
472 2043 504 2071 et
515 2042 687 2072 decretum
704 2041 864 2079 predicta,
876 2041 915 2070 de
930 2040 1015 2070 facto
1028 2043 1236 2079 presumpta,

223 2095 317 2126 nulla
336 2097 387 2125 est
410 2097 481 2133 ipso
495 2095 582 2133 jure,
610 2095 811 2124 mandamus
831 2094 991 2132 quatinus
1007 2102 1067 2123 vos
1084 2094 1136 2123 vel
1153 2094 1238 2123 alter

222 2151 373 2178 vestrum
390 2148 577 2186 predictam
596 2148 795 2178 electionem
810 2149 842 2177 et
857 2147 1017 2185 quicquid
1033 2155 1075 2176 ex
1093 2155 1130 2176 ea
1147 2155 1239 2176 secu—

222 2204 293 2232 tum
309 2204 371 2236 est,
390 2201 588 2231 auctoritate
603 2203 717 2231 nostra
731 2201 939 2230 denuntietis
957 2200 1087 2230 viribus
1101 2201 1238 2229 omnino

222 2263 345 2289 carere,
368 2263 404 2283 ac
426 2254 555 2283 nullius
571 2254 718 2284 existere
739 2254 922 2283 firmitatis.
951 2253 1235 2288 Contradictores,

223 2309 285 2338 etc.
320 2308 443 2337 Datum
472 2307 559 2345 apud
587 2307 875 2342 Urbemveterem‚
911 2317 931 2336 ιι
959 2315 1065 2336 nonas
1089 2307 1235 2343 augusti,

225 2368 311 2390 anno
331 2360 402 2389 [110.
422 2370 438 2389 »

317 2518 390 2549 698

837 2517 960 2548 (lrvieto,
979 2517 993 2543 Ι-
1007 2519 1072 2543 aout,
1092 2517 1167 2544 taut.

263 2597 399 2631 Magistro
422 2596 554 2623 DallInati
572 2597 605 2623 dc
633 2596 749 2630 Neapoli
766 2597 880 2623 mandat
899 2599 1038 2630 quatenus
1061 2596 1239 2623 monasterio

228 2656 250 2673 s.
278 2646 419 2672 thiu-ieme
442 2645 646 2680 Neapolitanae
669 2646 702 2671 dr·
722 2645 816 2679 aliqua
838 2645 984 2671 abbatissa
1006 2645 1106 2671 idonea
1127 2646 1160 2671 do
1178 2653 1239 2679 gre-

227 2694 285 2721 mio
302 2693 389 2728 ipsius
409 2693 577 2720 monasterii
597 2693 639 2719 vol
654 2693 769 2720 aliunde
786 2692 946 2727 provideat.
966 2693 1046 2727 tum,
1066 2694 1110 2723 28,
1127 2693 1175 2719 t'ol.
1195 2695 1240 2727 75,

227 2751 294 2770 ann.
314 2743 358 2770 ΙΙΙ,
376 2748 406 2768 n<¹
426 2743 501 2775 300.)

268 2845 282 2863 «
298 2835 448 2873 Mayistro
467 2833 619 2871 Dalfinali
639 2833 673 2862 [lc
688 2832 829 2872 Neapoli,
844 2831 1002 2872 capellano
1021 2837 1133 2862 nostro.
1151 2833 1243 2862 Licet

230 2888 415 2926 apostolica
434 2887 531 2917 sedes
550 2904 600 2916 —-.
627 2887 752 2916 Datum
769 2888 802 2916 ut
822 2895 935 2924 supra.
955 2895 972 2914 »

1893 290 2006 315 Orvissto
2026 290 2041 313 {i
2059 293 2120 315 aunt
2148 291 2224 317 1264.

1379 292 1450 321 (31)ss

1325 380 1503 405 (iunllcrum.
1522 378 1655 403 oblmis-in
1677 387 1698 403 s.
1723 377 1878 403 ‚xiicim-ftis.
1902 377 2087 403 Vll-dunensis·
2109 377 2242 407 diocesis,
2261 378 2295 403 dc

1290 428 1452 454 cxvi-*sibus
1474 427 1529 452 suis
1545 426 1635 458 arguit
1668 426 1746 451 ilum.
1770 428 1812 451 εἳ.
1833 426 1879 450 t'ol.
1900 427 1932 451 75
1951 431 1984 450 ir,
2001 434 2067 452 ann.
2088 425 2131 451 111.
2151 429 2183 451 11⁰
2199 425 2273 458 mu.)

1332 558 1345 574 «
1373 545 1516 574 (inultm-0
1547 545 1649 573 abbati
1678 545 1851 573 ttiourlslcriz'
1879 545 1977 573 sancti
2000 544 2166 577 illirltaelisv
2187 545 2302 574 ordinis

1294 600 1390 628 samu
1417 598 1582 631 Benedicti,
1616 597 1807 626 virdunensis
1838 597 1974 626 dioeesis.
2004 597 2111 627 Nobis
2137 597 2301 628 redundat

1293 653 1324 682 in
1347 671 1395 681 —.
1416 653 1501 682 Sane
1521 650 1792 690 signiticantilms
1810 651 1943 680 dilectis
1963 651 2044 679 tiliis
2059 650 2222 680 Nicholao
2240 659 2299 680 can

1291 708 1374 740 tore,
1386 704 1564 734 Lambcrto
1581 706 1612 733 et
1627 704 1778 738 dotl'rido,
1795 703 2301 739 monachis1nonastcriitui,ad

1292 758 1497 787 audientiam
1516 759 1663 786 nostram
1686 757 1848 794 pervenit,
1873 757 1960 794 quod
1982 758 2016 785 tu
2036 755 2199 794 quosdam
2216 756 2303 794 prio-

1292 813 1385 840 ratus
1400 811 1507 849 ipsius
1520 809 1725 843 monasterii2
1746 810 1778 838 ιιι
1793 809 1916 847 quibus
1931 811 2150 838 consueverat
2162 817 2219 846 per
2234 816 2303 838 mo-

1293 864 1416 893 nachos
1434 863 1512 892 dicti
1526 863 1720 892 monasterii
1737 862 1912 897 deserviri,
1929 863 1960 892 et
1974 861 2136 900 quosdam
2151 862 2303 890 redditus

1293 917 1332 946 ad
1361 917 1547 954 predictum
1580 915 1823 945 monasterium
1857 915 2076 952 pertinentes,
2102 914 2305 952 quibusdam

1295 969 1450 1007 personis
1473 967 1684 998 secularibus
1713 968 1754 997 ad
1781 968 1883 997 vitam
1916 968 2068 1005 ipsorum
2093 967 2304 1001 concessisti,

1294 1024 1427 1060 recepta
1442 1023 1579 1060 propter
1592 1021 1653 1050 hoc
1671 1020 1711 1049 ab
1724 1020 1773 1049 eis
1792 1020 1936 1058 quadam
1949 1020 2088 1057 pecunie
2105 1019 2304 1057 quantitate.

1294 1076 1431 1105 Priores
1468 1082 1601 1112 quoque
1636 1073 1848 1111 prioratuum
1890 1072 2161 1102 conventualium
2197 1071 2306 1101 eidem

1295 1127 1502 1158 monasterio
1514 1127 1613 1164 pleno
1629 1126 1703 1164 jure
1717 1125 1958 1163 subjectorum,
1974 1133 2116 1162 quorum
2131 1124 2250 1153 electio
2267 1123 2308 1153 ad

1295 1183 1495 1211 conventum
1527 1179 1606 1209 dicti
1639 1178 1837 1209 monasterii
1867 1178 2025 1216 pertinet,
2052 1186 2070 1206 a
2102 1176 2309 1215 prioratibus

1297 1242 1444 1267 amoves,
1459 1233 1531 1263 sine
1551 1241 1653 1270 causa
1669 1231 1875 1265 rationabili,
1894 1239 1953 1269 pro
1968 1232 2024 1260 tue
2043 1230 2140 1260 libito
2158 1230 2310 1260 volunta-

1296 1288 1351 1321 tis,
1379 1288 1410 1317 et
1428 1286 1514 1317 alios
1541 1286 1580 1316 de
1600 1286 1686 1316 facto
1710 1285 1808 1324 ponis
1834 1284 1972 1314 ibidem.
1994 1283 2146 1314 Anchero
2163 1291 2308 1320 quoque,

1297 1341 1391 1371 fratri
1406 1342 1464 1370 tuo
1484 1341 1634 1372 uxorato,
1654 1339 1687 1368 in
1710 1337 1899 1367 minoribus
1918 1337 2094 1367 ordinibus
2113 1336 2308 1367 constituto,

1297 1402 1445 1424 annuum
1464 1393 1632 1422 redditum
1648 1393 1782 1421 centum
1796 1390 1961 1420 librarum
1978 1390 2126 1424 fortium,
2139 1389 2307 1427 pertinen-

1297 1449 1365 1477 tem
1384 1447 1424 1476 ad
1445 1446 1632 1484 predictum
1650 1444 1906 1479 monasterium,
1923 1449 1954 1473 et
1967 1445 2111 1481 quatuor
2121 1441 2309 1480 prebendas

1299 1499 1512 1530 monachales
1529 1497 1764 1537 percipiendas
1780 1496 1820 1526 ab
1838 1505 1876 1526 eo
1888 1496 2034 1534 singulis
2053 1494 2173 1524 diebus
2191 1495 2224 1523 in
2237 1503 2311 1533 pre-

1299 1554 1386 1583 dicto
1407 1552 1625 1583 monasterio,
1636 1550 1810 1580 contulisti
1825 1550 1895 1588 qui,
1908 1558 1948 1579 ex
1961 1548 2179 1578 concessione
2192 1549 2260 1581 tua,
2276 1547 2309 1576 in

1299 1607 1465 1636 cimiterio
1495 1605 1575 1634 dicti
1608 1603 1805 1633 monasterii
1833 1603 2002 1640 quandam
2035 1602 2171 1630 domum
2205 1601 2308 1630 conti-

1299 1669 1397 1698 guam
1425 1659 1532 1688 muris
1550 1658 1690 1687 ecclesie
1719 1655 1914 1685 monasterii
1940 1654 2083 1693 predicti
2106 1653 2308 1688 construxit,

1300 1715 1343 1750 et,
1361 1713 1466 1742 fracto
1489 1720 1582 1742 muro
1600 1711 1710 1749 ipsius
1729 1709 1882 1742 ecclesie,
1898 1716 2060 1746 personas
2079 1709 2110 1737 et
2129 1706 2308 1745 aliquando

1300 1766 1496 1796 inhonestas
1515 1765 1548 1794 in
1574 1764 1699 1794 dictum
1721 1762 1976 1797 monasterium,
1996 1761 2091 1798 juxta
2117 1768 2215 1789 suum
2234 1759 2310 1788 libi—

1301 1822 1382 1852 tuni,
1395 1818 1588 1848 introducit.
1606 1817 1708 1846 Plura
1725 1824 1857 1854 quoqne
1877 1814 1910 1844 in
1927 1814 2077 1852 predicto
2090 1812 2308 1848 monasterio,

1301 1873 1333 1902 in
1361 1881 1425 1911 quo
1456 1871 1549 1900 nulla
1572 1870 1769 1900 observatur
1794 1867 2021 1906 hospitalitas,
2054 1865 2310 1896 committuntur

1300 1925 1451 1956 enormia
1472 1933 1535 1963 que
1554 1924 1670 1953 limam
1693 1921 1912 1951 correctionis
1938 1920 2135 1958 exposcunt,
2158 1920 2190 1948 te
2206 1917 2310 1956 negli-

1299 1980 1396 2017 gente
1420 1977 1579 2017 prosequi
1605 1985 1668 2014 que
1694 1976 1887 2013 competunt
1914 1972 2128 2003 observantie
2150 1971 2308 2009 regulari.

1299 2033 1387 2069 Quid
1408 2032 1524 2070 plura?
1544 2030 1731 2068 predictum
1758 2027 2003 2057 monasterinm
2022 2034 2081 2064 per
2102 2027 2194 2054 tuam
2216 2025 2247 2054 et
2263 2023 2310 2062 ip—

1300 2087 1372 2117 sius
1391 2084 1546 2116 Ancheri.
1570 2083 1608 2112 de
1626 2083 1722 2121 cujiis
1739 2081 1881 2111 consilio
1899 2079 2037 2118 regeris,
2064 2076 2262 2115 irrequisito
2278 2077 2311 2106 et

1300 2140 1413 2178 spreto
1431 2137 1572 2167 consilio
1596 2136 1675 2165 dicti
1695 2137 1890 2166 conventus,
1911 2132 2077 2162 malitiam
2097 2132 2129 2160 et
2146 2130 2310 2159 incuriam

1300 2193 1340 2222 ad
1358 2193 1486 2222 tantam
1504 2189 1746 2219 desolationem
1765 2186 1910 2221 devenit,
1930 2185 2029 2223 quod,
2043 2184 2107 2213 nisi
2126 2192 2184 2221 per
2201 2182 2309 2212 celere

1300 2245 1486 2275 remedium
1506 2243 1596 2272 sodis
1614 2240 1797 2279 apostolice
1813 2240 2009 2268 succuratur
2025 2237 2146 2269 eidem,
2164 2236 2311 2265 incurre-

1301 2300 1350 2329 ret
1377 2295 1597 2335 irreparabile
1624 2294 1875 2324 detrimentum.
1902 2292 1942 2321 Et
1965 2291 2042 2320 licet
2066 2291 2191 2324 cantor,
2215 2288 2311 2317 Lam-

1300 2352 1416 2382 bertus
1435 2352 1466 2380 et
1482 2348 1645 2379 dotl‘ridus
1665 2346 1803 2384 predicti
1825 2347 1855 2374 te
1871 2344 2044 2374 caritative
2063 2341 2255 2371 monuerint
2275 2342 2309 2369 ut

1302 2413 1402 2444 super
1429 2403 1495 2432 hiis
1519 2403 1550 2431 te
1576 2400 1762 2437 corrigeres
1786 2401 1817 2428 et
1842 2399 1935 2427 actus
1959 2399 2035 2426 tuos
2064 2395 2096 2424 in
2120 2393 2243 2423 melius
2263 2400 2312 2422 re-

1302 2459 1478 2491 formares,
1489 2457 1524 2485 tu
1538 2456 1650 2484 tamen
1666 2453 1726 2482 hoc
1739 2452 1845 2481 tacere
1861 2449 2053 2488 neglexisti,
2068 2445 2310 2486 propterquod

1302 2511 1367 2550 ipsi
1389 2510 1429 2540 ad
1456 2509 1569 2538 sedem
1593 2506 1802 2545 appellantes
1826 2503 1978 2537 eandem,
2009 2500 2049 2530 ad
2071 2499 2185 2529 sedem
2202 2499 2311 2537 ipsam

1302 2562 1525 2603 personaliter
1549 2559 1774 2592 accesserunt,
1801 2555 1899 2585 nobis
1927 2553 2100 2584 humiliter
2120 2551 2313 2590 supplican-

1301 2619 1364 2652 tes,
1383 2617 1419 2646 ut
1436 2622 1537 2653 super
1555 2614 1615 2642 hoc
1635 2610 1792 2641 aitlhibero
1813 2607 1948 2638 salubre
1970 2606 2156 2636 remedium
2174 2607 2313 2643 paterna

1301 2668 1528 2701 sollicitudine
1541 2673 1748 2696 curaremus.
1768 2662 1854 2697 Quia
1868 2670 1956 2694 vero,
1973 2660 2061 2690 inter
2075 2658 2161 2689 alias
2180 2656 2306 2687 sollici-

1302 2723 1449 2756 tudines,
1462 2719 1585 2759 quibus
1601 2717 1736 2748 assidue
1752 2715 1950 2754 premimur,
1965 2712 2110 2751 cogitare
2125 2720 2185 2741 nos
2195 2718 2312 2740 conve-

1304 2776 1353 2806 nit
1373 2776 1409 2805 ut
1425 2772 1563 2804 ecclesie
1582 2772 1614 2800 in
1636 2772 1726 2800 statu
1746 2767 1931 2806 tranquillo
1951 2767 1982 2796 et
2002 2773 2162 2804 prospero
2181 2771 2313 2793 conser-

1304 2830 1436 2859 ventur,
1455 2827 1499 2856 ita
1518 2824 1617 2863 quod,
1642 2821 1822 2860 extirpatis
1841 2819 1962 2850 eximie
1982 2818 2075 2848 vitiis
2097 2819 2129 2847 et
2152 2815 2313 2855 plantatis

1307 2879 1502 2911 virtutibus,
1520 2879 1552 2907 ιιι
1571 2874 1807 2915 spiritualilms
1825 2872 1987 2902 salutaria
2005 2870 2190 2909 suscipiant
2207 2869 2311 2898 incre-
