2547 3289
226 223 266 252 52
978 210 1229 241 HEGlSTRES
1249 208 1465 239 D'IJRBAiN
1488 208 1548 237 IV.

608 298 836 329 Monteliuscone‚
856 297 885 322 13
903 295 1065 330 septembre
1084 294 1162 321 1262.

296 305 368 336 140

266 387 378 419 ι11160110,
395 387 463 411 nalo
485 383 628 418 quondam
647 381 733 408 Guitti
751 381 785 407 de
806 379 940 411 Bisentio,
959 378 1152 405 [erevetanae
1172 377 1233 403 dio-

228 436 313 468 cesis,
330 433 470 469 praecipit
485 434 516 459 ut
535 440 552 458 a
569 432 718 458 contractu
739 430 766 456 in
787 428 955 455 tenimentis
968 426 1163 458 Quintemiani
1183 433 1233 452 seu

229 483 400 511 Montisbelli
414 482 556 516 quoddam
571 482 699 507 castrum
718 477 902 505 construendi
918 484 983 504 cum
1006 474 1232 502 Tuscanensibus

228 533 316 564 facto,
338 533 435 566 utpote
450 530 565 566 juribus
592 528 729 555 ecelesiae
754 526 910 559 contrario,
937 524 1055 552 resiliat.
1084 524 1162 558 (Bne.
1186 525 1231 555 26,

227 581 276 608 fol.
295 581 339 614 48,
357 579 426 607 anni
443 579 478 611 11,
497 582 528 604 n⁰
546 579 577 611 23
596 578 733 604 Porrmsr
751 575 858 610 18400.)

267 686 281 701 «
299 673 423 709 Jacobo,
441 677 511 702 nato
528 670 675 711 quondam
693 669 790 700 Guizzi
808 668 843 698 dc
870 667 1015 702 essentie,
1049 666 1232 696 Urbevclane

224 727 359 757 diocesi&
377 726 476 756 Juxta
486 724 657 755 commissi
669 723 766 753 nobis
778 740 826 752 —-.
839 722 961 752 Datum
977 720 1064 759 apud
1075 719 1230 750 Montem-

226 780 417 814 flasconem,
448 778 522 808 idus
538 776 744 816 septembris
762 784 848 806 anno
867 775 908 804 ΙΙ.
931 785 944 800 ι)

603 937 832 970 Montefiascone,
855 938 883 963 13
901 936 1063 970 septembre
1085 936 1160 962 1263.

293 943 361 974 Ml

260 1017 396 1052 Magistro
427 1017 453 1042 et
479 1013 614 1041 fratribus
637 1013 739 1039 domus
766 1010 883 1038 Militiae
905 1009 1017 1044 Templi
1042 1009 1229 1044 Jerosolymi-

223 1066 286 1093 tani
310 1065 439 1098 indulget
460 1071 495 1089 ne
519 1062 594 1096 quis,
615 1060 739 1095 exeeptis
762 1059 925 1094 patriarcha
945 1058 1186 1093 ¹lerosolymitano
1206 1060 1233 1084 et

223 1114 325 1150 legatis
345 1112 517 1147 apostolicae
533 1108 878 1143 sedis,sibi·uppropriare
892 1109 1058 1142 praesumat
1078 1115 1149 1141 quae
1164 1106 1232 1141 ipsis

223 1162 319 1191 offerri
333 1160 564 1195 continget,dum
578 1159 606 1185 in
619 1159 746 1192 ipsorum
761 1157 879 1192 capellis
892 1156 989 1183 officia
1002 1156 1231 1182 celebrabuntur.

223 1212 303 1248 (Rue.
320 1213 365 1243 25,
382 1210 430 1237 sol.
448 1210 481 1236 48
498 1213 541 1242 v⁰;
557 1207 625 1235 unni
642 1207 678 1240 ΙΙ,
694 1211 725 1233 n⁰
741 1208 782 1239 3.)

266 1317 310 1336 (1.,
325 1303 470 1343 mayislro
490 1307 516 1331 ιί
532 1300 682 1341 frutribus
711 1299 816 1328 (lomus
830 1297 940 1328 Militia
962 1297 1075 1337 Templi
1091 1297 1234 1326 jerosoli-

224 1358 344 1389 mitani.
362 1357 512 1387 Fervens
529 1355 563 1385 in
578 1354 711 1384 caritate
722 1370 769 1382 -—.
782 1352 869 1381 Hinc
881 1351 1029 1389 estquod
1042 1359 1102 1380 nos
1114 1350 1233 1380 vestris

225 1408 526 1449 supplicationibus
552 1406 713 1442 inclinati,
731 1406 766 1434 ut
782 1404 935 1442 quotiens
955 1403 1085 1441 aliquos
1109 1403 1233 1432 archie-

223 1463 378 1502 piscopos
396 1461 449 1490 vel
465 1459 638 1498 episcopos
654 1467 712 1487 seu
731 1464 958 1495 quoscumque
981 1455 1065 1485 alios
1081 1455 1232 1485 ecclesia-

224 1524 296 1546 rum
327 1513 483 1553 prelatos,
502 1511 690 1551 patriarcha
715 1508 984 1540 Jerosolimitano
1004 1508 1034 1538 et
1056 1507 1234 1546 apostolice

223 1567 315 1599 sedis
332 1566 448 1605 legatis
472 1564 698 1595 cardinalibus
715 1562 887 1592 dumtaxat
904 1561 1062 1600 exceptis,
1084 1561 1118 1590 in
1135 1560 1235 1590 ecele-

224 1620 285 1652 siis
298 1621 329 1651 et
345 1618 482 1658 capellis
508 1618 680 1647 domorum
703 1617 891 1646 vestrarum
916 1615 949 1644 in
966 1613 1237 1644 Jerosolimitana

224 1673 397 1714 provincia
406 1670 606 1706 constitutis,
620 1669 781 1708 exemptis
795 1668 848 1698 vel
858 1668 956 1707 pleno
968 1667 1143 1706 nobisjure
1160 1666 1237 1696 sub-

219 1726 446 1766 jectis‚divina
463 1724 573 1755 officia
589 1723 754 1754 celebrare
772 1721 953 1759 contigerit,
964 1720 1074 1751 omnia
1085 1728 1149 1759 que
1158 1721 1236 1750 dum

225 1780 340 1811 eadem
360 1777 616 1809 celebrabuntur
632 1775 752 1811 officia,
770 1774 825 1813 pia
845 1773 1019 1804 devotione
1036 1773 1185 1804 fidelium
1203 1773 1237 1803 in

224 1832 376 1864 ecclesiis
392 1832 423 1861 et
438 1830 576 1870 capellis
588 1829 670 1868 ipsis
688 1827 1054 1866 offerentur,percipere
1067 1835 1103 1856 ac
1116 1826 1237 1857 habere

225 1886 351 1925 integre
376 1884 527 1918 valeatis,
553 1882 743 1913 auctoritate
759 1881 856 1912 vobis
872 1880 1077 1919 presentium
1089 1880 1236 1918 indulge-

226 1947 313 1973 mus,
330 1935 711 1967 districtiusinhibentes
728 1943 768 1964 ne
784 1934 872 1972 quis,
888 1933 1035 1972 exceptis
1052 1932 1239 1971 patriarcha

225 1992 258 2022 et
269 1991 385 2030 legatis
394 1989 608 2029 predictis,0a
619 1996 681 2026 que
693 1988 740 2017 sic
749 1987 857 2017 oblata
866 1986 1173 2024 fue1·int‚asportare
1186 1985 1238 2015 vel

226 2043 291 2075 sibi
304 2040 771 2082 quomodolibetappropriare
784 2038 1063 2078 presumat.Nulli
1072 2046 1148 2077 ergo
1162 2046 1236 2068 nos-

225 2098 275 2128 tre
291 2095 515 2127 concessionis
532 2095 562 2125 et
575 2093 783 2123 inhibitionis
795 2093 854 2122 etc.
865 2109 902 2113 -
912 2092 1034 2121 Datum
1049 2092 1137 2131 apud
1148 2091 1238 2122 Mon-

225 2149 485 2185 temtIaseoncm,
500 2148 575 2178 idus
591 2146 798 2186 septembris,
817 2153 904 2176 anno
920 2145 962 2175 II.
982 2156 996 2171 »

608 2305 838 2335 Montefiascone‚
859 2305 891 2330 12
905 2303 1066 2338 septembre
1087 2303 1163 2331 1202,

293 2309 367 2340 142

265 2391 399 2426 Magistro
427 2391 558 2423 Roborto,
584 2390 659 2417 dicto
683 2389 777 2420 Melet,
802 2387 1003 2415 canonicatum
1030 2387 1057 2413 111
1084 2386 1233 2422 1101066051

222 2440 344 2468 ecclesia
360 2439 484 2467 confert.
503 2440 581 2474 (Rae.
600 2440 644 2470 26,
662 2438 709 2465 sol.
725 2439 759 2464 48
776 2444 820 2471 vo3
837 2445 903 2464 ann.
924 2436 958 2470 ll,
975 2443 1009 2463 110
1024 2436 1062 2470 4.)

262 2544 277 2561 «
294 2532 442 2572 Mayistro
467 2531 608 2566 lieberto,
625 2531 703 2560 dicto
730 2529 834 2566 Melet,
854 2528 965 2558 rectori
990 2527 1109 2557 ecclesie
1138 2527 1233 2557 sancti

221 2585 341 2615 duliam·
368 2585 402 2614 cle
425 2584 511 2620 Ιίοῐα,
528 2583 772 2623 ltollzomayensis
793 2581 926 2612 diocesis.
946 2581 1086 2620 Adjutos
1103 2589 1232 2611 morum

221 2639 253 2669 et
268 2655 317 2668 —.
334 2639 422 2668 Hinc
438 2639 487 2668 est
499 2637 587 2676 quod
598 2645 659 2667 nos
670 2636 876 2667 attendentes
887 2634 975 2673 quod
990 2634 1050 2664 tibi
1060 2634 1098 2664 de
1117 2633 1232 2664 nobili-

220 2691 285 2722 bus
301 2692 371 2722 orto
390 2691 567 2725 natalibus,
583 2698 714 2720 morum
736 2689 903 2724 honestas,
928 2688 1112 2718 litterarum
1128 2687 1232 2718 scicn-

220 2743 266 2774 tia
283 2744 314 2774 et
331 2743 537 2774 conversatio
552 2742 729 2772 laudabilis
746 2741 970 2780 suffragantur
993 2741 1024 2770 et
1046 2748 1105 2779 per
1121 2739 1182 2770 1106
1200 2741 1231 2771 et

220 2796 355 2828 obtentu
373 2796 483 2826 dilecti
502 2796 563 2825 filii
582 2795 732 2833 magistri
754 2794 910 2832 Remigii,
928 2793 1049 2832 phisici
1068 2793 1099 2823 et
1119 2793 1228 2832 capel-

219 2848 289 2879 lani
308 2848 422 2883 nostri.
436 2857 494 2887 per
510 2849 539 2878 te
557 2848 771 2886 apostolicam
784 2847 923 2886 gratiam
938 2845 1156 2884 implorantis,
1171 2855 1229 2876 vo-

216 2901 323 2932 lentes
336 2901 366 2931 te
374 2900 529 2940 prosequi
540 2900 748 2939 prerogativa
761 2899 886 2930 favoris
903 2900 934 2930 et
944 2898 1046 2938 gratie
1061 2898 1228 2937 specialis,

1296 293 1526 323 canonicatum
1543 291 1680 321 ecclesie
1702 290 1896 329 Bajocensis
1909 298 1983 319 cum
1998 288 2204 329 plenitudine
2217 290 2304 328 juris

1294 345 1445 376 canonici
1461 345 1520 375 tibi
1539 344 1741 374 conferimus
1757 345 1787 374 et
1804 343 1842 374 de
1861 344 1934 382 ipso
1950 342 2010 372 tibi
2023 342 2063 372 de
2078 342 2214 381 speciali
2230 350 2302 381 gra-

1293 399 1338 428 tia
1355 398 1580 436 providemus,
1599 405 1664 427 non
1690 392 1842 427 obstante
1862 397 1949 426 certo
1968 396 2073 435 ipsius
2093 395 2232 426 ecclesie
2251 403 2301 425 ca-

1294 451 1491 481 nonicorum
1523 458 1673 485 numero,
1700 449 1901 488 juramento,
1933 448 2185 479 confirmatione
2213 447 2304 478 sedis

1294 503 1471 542 apostolice
1487 503 1557 533 sive
1573 510 1780 541 quacumque
1796 501 1948 532 firmitate
1965 502 2098 536 vallato,
2129 502 2184 530 aut
2206 500 2234 530 si
2253 500 2303 530 di-

1293 556 1442 586 reximus
1471 556 1506 585 in
1533 555 1649 585 eadem
1687 555 1827 585 ecclesia
1850 563 1909 593 pro
1937 554 2012 584 aliis
2038 555 2161 593 scripta
2190 553 2302 583 nostra

1294 609 1416 648 quibus
1443 609 1599 639 nolumus
1624 607 1816 638 auctoritate
1847 607 2051 646 presentium
2081 606 2301 646 prejudicium

1293 661 1454 700 generari.
1475 661 1568 691 Nulli
1597 669 1673 699 ergo
1702 661 1812 690 nostre
1836 659 2023 690 collationis
2047 661 2077 689 et
2097 659 2303 698 provisionis

1293 716 1342 745 etc
1357 731 1406 743 —.
1426 715 1549 744 Datum
1567 714 1652 753 apud
1670 712 2009 748 Montemssasconem,
2030 722 2051 741 11
2068 712 2143 742 idus
2159 713 2301 750 septem-

1292 768 1373 804 11113.Δ
1386 776 1472 798 anne
1484 767 1526 797 II.
1547 779 1561 793 »

1668 941 1900 973 Moutefiascone,
1924 942 1953 967 ¹2
1970 940 2134 976 septembre
2154 941 2230 967 1202.

1364 945 1433 976 143

1330 1023 1466 1057 Magistro
1485 1021 1604 1049 Guidoni
1624 1022 1658 1048 ‹le
1679 1021 1797 1053 Merula,
1819 1021 2020 1048 archidiacono
2040 1020 2303 1051 Constanti-wsb&

1294 1072 1435 1107 magistro
1452 1071 1599 1105 liudulpho
1616 1071 1649 1097 de
1666 1070 1823 1103 Tlieuvillu,
1836 1070 2016 1096 thesaurario
2032 1069 2210 1101 Lexoviensi,
2222 1076 2303 1096 man-

1294 1123 1343 1148 dat
1360 1122 1391 1147 ut
1408 1120 1581 1155 magistrum
1605 1120 1770 1151 Robertum,
1788 1118 1896 1145 dictum
1917 1119 2014 1150 Malet,
2036 1118 2064 1145 in
2082 1118 2254 1144 canonicum
2273 1118 2301 1144 in

1294 1169 1415 1196 ecclesia
1431 1168 1578 1204 Bajocensi
1597 1167 1683 1202 recipi
1702 1167 1820 1194 saciant.
1839 1167 1918 1201 (Rae.
1935 1168 1980 1199 26,
1999 1166 2047 1192 sol.
2066 1166 2099 1193 -18
2116 1173 2161 1199 vm
2182 1165 2248 1192 anni
2268 1165 2302 1198 ll,

1294 1226 1327 1244 no
1345 1218 1379 1251 5.)

1335 1323 1350 1338 «
1367 1310 1497 1340 Guidoni
1513 1309 1548 1339 de
1565 1308 1693 1345 Merula,
1711 1307 1924 1337 archidiacono
1943 1306 2180 1342 Constantiensi,
2201 1311 2229 1335 et
2244 1317 2304 1336 ma-

1293 1364 1389 1404 qistro
1408 1362 1571 1402 liudulpho
1585 1362 1619 1391 de
1639 1361 1804 1395 leczwilla,
1824 1360 2013 1389 thesaurario
2028 1359 2217 1388 Laron-sensi.
2235 1359 2301 1390 Ad-

1290 1418 1381 1456 jutos
1397 1424 1528 1446 morum
1552 1416 1613 1445 etc.
1630 1414 1716 1444 Hinc
1734 1414 1783 1444 est
1800 1413 1888 1452 quod
1904 1421 1963 1443 nos
1982 1413 2202 1443 atttendentes
2217 1412 2305 1451 quod

1295 1469 1413 1499 dilecto
1422 1468 1492 1498 filio
1504 1467 1662 1506 magistro
1676 1466 1833 1500 Robeno,
1847 1465 1934 1495 dicto
1944 1465 2055 1502 Malet,
2070 1465 2188 1495 rectori
2206 1465 2306 1496 eccle—

1295 1523 1342 1552 sie
1359 1522 1462 1552 sancti
1478 1521 1605 1550 Juliani
1625 1521 1662 1550 de
1679 1519 1776 1555 Rola,
1794 1518 2076 1558 Rothomagensis
2093 1518 2247 1554 diocesis,
2266 1518 2305 1549 de

1296 1574 1466 1606 nobilibus
1489 1575 1549 1604 etc.
1572 1574 1608 1603 ut
1629 1581 1742 1611 supra,
1769 1581 1874 1610 usque
1905 1571 1992 1610 juris
2028 1571 2191 1606 canonici,
2218 1571 2305 1602 dicto

1296 1629 1454 1668 magistro
1468 1627 1614 1658 Roberto
1644 1626 1845 1657 contulimus
1861 1629 1892 1656 et
1909 1625 1938 1655 ei
1954 1625 2164 1664 providimus
2191 1625 2230 1655 de
2255 1633 2307 1656 eo·

1296 1683 1381 1712 dem.
1399 1681 1560 1717 Quocirca
1581 1680 1779 1710 mandamus
1800 1680 1966 1717 qnatenus
1992 1687 2052 1708 vos
2068 1678 2121 1708 vel
2137 1678 2220 1708 alter
2237 1686 2308 1708 ves·

1296 1737 1460 1774 trum,per
1475 1743 1534 1764 vos
1543 1733 1596 1764 vel
1609 1733 1712 1763 alium
1728 1734 1784 1762 aut
1803 1733 1896 1766 alios,
1910 1731 2094 1771 predictum
2111 1731 2308 1770 magistrum

1296 1788 1479 1819 Robertum
1498 1787 1550 1817 vel
1563 1786 1809 1825 procuratorem
1822 1793 1932 1820 suum,
1946 1785 2017 1823 ejus
2033 1784 2178 1819 nomine,
2190 1784 2223 1814 in
2236 1792 2308 1823 pre-

1297 1841 1363 1872 fata
1372 1841 1511 1871 ecclesia
1527 1839 1628 1878 recipi
1645 1839 1804 1869 facientes
1817 1838 1851 1868 in
1868 1838 2064 1868 canonicum
2076 1837 2150 1867 etin
2162 1837 2308 1872 fratrem,

1297 1895 1327 1924 ei
1343 1894 1382 1924 de
1398 1893 1576 1933 prebenda,
1593 1892 1841 1931 quamprimum
1859 1891 1899 1921 ad
1922 1891 1955 1920 id
1974 1890 2130 1921 obtulerit
2147 1898 2182 1920 se
2204 1890 2307 1921 facul-

1296 1949 1359 1983 tas,
1375 1947 1550 1985 providere
1567 1946 1700 1979 curetis,
1722 1954 1786 1975 non
1807 1944 1956 1975 obstante
1978 1946 2067 1974 certo
2084 1944 2190 1982 ipsius
2206 1943 2307 1974 eccle-

1299 2001 1346 2030 sie
1362 2000 1596 2030 canonieornm
1614 2006 1763 2033 numero,
1776 1998 1978 2036 juramento,
1994 1997 2246 2027 confirmatione
2257 2004 2308 2027 se—

1297 2053 1347 2082 dis
1361 2052 1540 2091 apostolice
1557 2060 1615 2081 seu
1635 2059 1843 2089 quacumque
1866 2050 2021 2080 firmitate
2045 2050 2179 2084 vallato,
2204 2051 2260 2079 aut
2279 2049 2309 2079 si

1296 2105 1480 2136 direximus
1503 2104 1536 2134 in
1561 2104 1675 2134 eadem
1701 2103 1841 2133 ecclesia
1863 2111 1922 2141 pro
1945 2102 2022 2132 aliis
2045 2102 2165 2141 scripta
2183 2103 2308 2137 nostra.

1297 2158 1418 2197 quibus
1447 2158 1604 2188 nolumus
1633 2156 1826 2186 auctoritate
1856 2155 2061 2194 presentium
2087 2155 2308 2193 prejudicium

1295 2211 1458 2251 generari,
1476 2219 1534 2241 seu
1552 2210 1639 2248 quod
1657 2208 1850 2245 Bajocensis
1868 2208 1963 2238 sedes
1987 2209 2083 2239 vas-at
2103 2208 2144 2238 ad
2172 2216 2306 2246 presen-

1295 2265 1347 2301 tis,
1361 2266 1417 2294 aut
1434 2264 1462 2293 si
1491 2263 1623 2293 dilectis
1640 2262 1745 2292 liliis..
1761 2261 1885 2291 decano
1901 2261 2083 2299 eteapitulo
2098 2260 2272 2299 Bajocensi
2289 2269 2308 2291 a

1296 2318 1372 2348 sede
1393 2317 1433 2347 sit
1452 2317 1617 2347 indultum
1633 2316 1747 2345 eadem
1764 2315 1851 2353 quod
1869 2315 1909 2345 ad
1930 2314 2151 2353 receptionem
2167 2314 2220 2344 vel
2236 2322 2308 2353 pro-

1296 2369 1460 2399 visionem
1477 2368 1618 2407 alicujus
1636 2368 1772 2398 minime
1796 2368 1972 2397 teneantur
1989 2368 2018 2396 et
2041 2366 2082 2396 ad
2107 2366 2139 2395 id
2153 2365 2308 2405 compelli

1295 2422 1448 2460 quodque
1465 2421 1629 2455 interdici,
1647 2421 1807 2459 suspendi
1820 2420 1873 2451 vel
1889 2419 2135 2450 excomunicari
2153 2427 2217 2449 non
2233 2426 2306 2458 pos-

1295 2474 1362 2505 sint
1377 2483 1435 2514 per
1454 2475 1580 2504 litteras
1599 2474 1797 2513 apostolicas
1811 2482 1875 2512 que
1901 2473 1940 2503 de
1961 2473 2089 2503 indulto
2115 2471 2308 2510 hujusmodi

1294 2528 1426 2567 plenam
1442 2528 1472 2558 et
1485 2536 1677 2566 expressam
1696 2536 1761 2557 non
1773 2527 1910 2557 fecerint
1920 2526 2132 2559 mentionem,
2147 2525 2218 2556 sive
2230 2533 2306 2564 qua-

1295 2581 1375 2611 libet
1388 2581 1593 2619 indulgentia
1611 2580 1694 2611 diete
1710 2580 1800 2610 sedis
1812 2580 1851 2610 de
1861 2588 1925 2618 qua
1939 2579 2099 2617 cujusque
2111 2579 2176 2608 toto
2194 2579 2306 2608 tenore

1293 2634 1333 2664 de
1346 2634 1448 2664 verbo
1460 2635 1499 2663 ad
1511 2633 1649 2664 verbum
1663 2634 1810 2672 oporteat
1823 2633 1856 2663 in
1869 2632 1992 2662 nostris
2002 2631 2122 2662 litteris
2132 2630 2264 2670 plenam
2274 2630 2307 2661 et

1294 2695 1485 2726 expressam
1497 2686 1700 2716 mentionem
1715 2686 1798 2722 fieri,
1817 2687 1847 2716 et
1862 2694 1921 2725 per
1932 2693 2031 2723 quam
2044 2684 2180 2715 effectus
2193 2682 2305 2722 hujus-

1293 2740 1382 2770 modi
1403 2740 1505 2778 gratie
1524 2739 1678 2778 impediri
1691 2739 1798 2769 valeat
1811 2738 1864 2768 vel
1880 2738 2017 2768 differri.
2029 2735 2302 2771 Contradictores,

1293 2801 1398 2831 usque
1420 2792 1660 2832 compescendo
1693 2792 1858 2822 Nolumus
1876 2792 1986 2822 autem
1998 2790 2087 2829 quod
2102 2788 2305 2828 prebendam

1292 2854 1391 2884 quam
1400 2845 1540 2875 dilectus
1557 2844 1929 2884 filius,magister0dd0
1943 2844 1982 2874 de
1997 2842 2145 2876 Loriaco,
2155 2840 2304 2880 ejusdem

1259 2897 1261 2907 ²
1292 2898 1428 2929 ecclesie
1443 2898 1636 2933 canonicus,
1652 2897 1775 2928 ibidem
1789 2897 1924 2932 obtinet,
1941 2896 1970 2927 si
1985 2903 2058 2927 eam
2071 2902 2188 2924 vacare
2203 2892 2305 2923 conti—
