2547 3289
1085 260 1328 300 TROlsn'inOE
1349 262 1516 300 avseis.

258 350 395 382 duxerit
418 351 680 390 disponendum.
702 350 858 382 Habeant
880 353 914 382 et
939 351 1151 390 coopertoria
1173 351 1273 381 lanea

258 404 331 434 sive
351 404 480 435 cultras
501 404 691 443 religiosas,
714 413 792 434 cum
813 404 892 435 lana
914 404 1038 435 habere
1055 404 1271 444 nequiverint

258 459 493 496 congruenter.
510 457 657 496 Lampas
674 457 815 496 insuper
824 457 865 488 de
879 459 976 488 nocte
987 466 1127 488 aceensa
1138 465 1273 495 semper

258 510 294 540 in
309 511 422 541 medio
441 510 632 541 dormitorii
654 510 829 540 habeatur.

298 574 314 591 «
328 563 378 594 De
389 563 504 593 divino
517 563 630 594 officio
647 565 716 593 tam
731 563 766 593 in
777 563 832 594 die
848 572 949 602 quam
964 563 999 593 in
1013 566 1109 593 nocte
1126 563 1271 593 Domino

257 616 619 655 persolvendo‚t:1liter
634 615 845 653 observetur,
856 616 947 655 quod
958 616 1018 646 hee
1032 625 1096 655 que
1113 616 1225 655 legere
1241 619 1272 646 et

258 678 378 700 canere
409 669 578 703 noverint,
614 669 802 700 secundum
828 669 1109 699 consuetudinem
1142 669 1272 699 ordinis

259 722 404 753 fratrum
420 722 603 758 Minorum,
621 731 700 752 cum
720 722 886 761 gravitate
909 724 1022 752 tamen
1044 724 1078 752 et
1093 722 1270 756 modestia.

259 775 413 805 divinum
437 775 588 805 officium
616 774 759 804 debeant
787 773 969 804 celebrare.
999 775 1163 804 Illiterate
1192 783 1271 804 vero
1301 769 1303 777 '

257 824 370 858 dicant
394 828 515 867 viginti
533 829 678 865 quatuor
695 827 790 856 Pater
808 831 910 856 noster
933 836 994 866 pro
1015 829 1194 862 matutino,
1211 836 1271 865 pro

257 880 417 911 laudibus
439 881 602 919 quinque,
626 889 687 918 pro
707 881 830 918 prima,
854 880 966 914 tertia,
990 882 1087 910 sexta
1111 883 1143 910 et
1170 889 1269 915 nona,

257 942 318 972 pro
344 933 494 972 qualibet
521 933 667 963 istarum
687 932 849 962 horarum
871 934 1013 971 septem,
1031 941 1093 971 pro
1119 933 1272 971 vesperis

257 990 372 1017 autem
389 986 578 1022 duodecim,
593 994 654 1024 pro
669 985 891 1024 completorio
907 988 1052 1024 septem.
1069 986 1134 1021 Qui
1149 987 1272 1016 modus

256 1048 318 1079 per
341 1039 455 1069 omnia
474 1039 511 1068 in
529 1038 641 1069 officio
661 1038 759 1069 beate
782 1039 936 1078 Virginis
964 1038 1175 1070 observetur.
1206 1039 1272 1069 Pro

257 1093 439 1128 defunctis,
457 1092 570 1122 dicant
587 1092 623 1122 in
640 1092 794 1130 vesperis
817 1094 949 1131 septem
967 1092 1062 1121 Pater
1076 1098 1179 1121 noster·
1195 1101 1273 1122 cum
1302 1096 1303 1099 ’

255 1145 402 1185 Beqm'em
423 1150 571 1180 eternam,
588 1147 621 1176 et
636 1154 698 1184 pro
724 1145 890 1176 matutino
912 1145 1103 1182 duodecim,
1120 1149 1273 1184 tempore

256 1208 323 1238 quo
355 1207 491 1229 sorores
523 1199 672 1229 litterate
705 1198 833 1228 faciunt
863 1198 1014 1228 officium
1046 1201 1271 1229 mortuorum.

256 1252 329 1288 Que
341 1261 436 1295 vero,
449 1252 625 1282 occasione
636 1251 842 1285 rationabili,
853 1260 919 1281 non
933 1254 1071 1290 possent
1089 1252 1272 1291 aliquando

255 1305 398 1344 legendo
421 1305 535 1335 dicere
553 1305 654 1335 horas
681 1313 774 1338 suas,
800 1305 960 1341 licete1s‚
987 1305 1074 1335 sicut
1099 1305 1272 1336 illiteratis

257 1358 444 1393 sororibus,
461 1358 572 1388 dicere
588 1358 689 1388 Pater
702 1361 830 1388 noster.

296 1420 315 1441 ιι
330 1411 398 1442 Ubi
415 1412 576 1450 proprius
591 1411 695 1442 fuerit
711 1411 908 1450 capellanus
923 1420 985 1450 pro
1002 1412 1188 1442 missarum
1205 1413 1272 1443 sol-

256 1465 418 1503 lempniis
437 1467 469 1495 et
488 1465 616 1495 divinis
638 1464 763 1494 officiis
777 1464 1002 1499 celebrandis,
1018 1464 1137 1495 habitu
1154 1468 1186 1495 et
1203 1466 1274 1497 vita

256 1518 441 1557 religiosus
461 1518 506 1548 sit
522 1527 560 1548 ac
574 1517 661 1548 bone
677 1518 767 1548 fame
784 1527 845 1548 nec
857 1518 1034 1556 juvenilis,
1057 1519 1118 1548 sed
1138 1522 1272 1550 mature

257 1573 290 1602 et
308 1572 439 1611 ydonee
457 1572 502 1602 sit
519 1572 632 1602 etatis.
659 1571 727 1602 Ubi
752 1575 866 1601 autem
893 1580 960 1601 non
984 1571 1086 1602 fuerit
1112 1573 1273 1611 proprius
1302 1587 1303 1591 =

257 1625 470 1664 capellanus,
502 1633 521 1655 a
552 1624 705 1663 quolibet
731 1624 817 1655 bone
849 1625 939 1655 fame
970 1626 1003 1655 et
1030 1624 1171 1655 honeste
1203 1626 1273 1656 vite

256 1677 447 1717 presbitero
471 1686 606 1708 sorores
629 1678 774 1708 missam
791 1678 908 1708 audire
930 1681 1086 1716 possunt.
1115 1679 1275 1709 Peniten-

254 1732 340 1762 tiam
358 1739 439 1762 vero
456 1732 489 1762 et
508 1731 576 1761 alia
590 1731 823 1761 ecclesiastica
839 1734 1054 1762 sacramenta
1069 1731 1111 1762 ab
1127 1733 1178 1762 eis
1191 1733 1275 1763 reci·
1302 1721 1304 1746 ἶ

256 1785 363 1824 piant,
395 1785 455 1824 qui
484 1785 526 1815 de
557 1785 716 1815 mandato
749 1793 810 1815 seu
842 1785 1043 1815 auctoritate
1077 1786 1271 1823 cardinalis,

256 1839 313 1868 cui
327 1838 531 1877 generaliter
558 1838 632 1877 ipse
654 1838 756 1868 fuerit
775 1838 858 1868 ordo
876 1839 1093 1874 commissus,
1117 1847 1157 1869 ea
1181 1839 1275 1869 exhi-

256 1891 360 1922 bendi
376 1891 556 1922 habuerint
573 1892 789 1930 potestatem,
805 1891 876 1922 nisi
893 1891 980 1922 forte
998 1892 1034 1922 in
1057 1893 1273 1923 necessitatis
1302 1886 1304 1917 Ϊ

257 1945 401 1976 articulo
419 1944 520 1975 fuerit
534 1945 650 1983 aliqua
663 1945 859 1975 constituta.
875 1945 961 1975 Cum
974 1945 1090 1984 aliqua
1105 1946 1273 1976 sacerdoti

255 1999 297 2029 de
323 1998 538 2028 confessione
564 1998 661 2037 loqui
683 1997 844 2034 voluerit,
874 2007 936 2037 per
963 1998 1169 2029 locutorium
1201 1999 1274 2029 sola

255 2052 322 2082 soli
339 2051 590 2082 contessionem
613 2051 712 2081 faciet
730 2051 909 2087 sacenioti,
926 2054 959 2082 et
982 2061 1042 2090 per
1060 2052 1147 2082 illud
1162 2053 1273 2083 eidem

256 2106 298 2136 de
311 2105 380 2135 biis
397 2114 463 2143 que
477 2105 520 2135 ad
537 2104 788 2135 confessionem
805 2105 986 2143 pertinent,
1003 2108 1082 2136 tunc
1097 2106 1271 2145 loquatur.
1302 2093 1303 2105 ¹

256 2159 518 2190 Confessionem
551 2160 667 2188 autem
693 2158 897 2197 regulariter
924 2167 1042 2189 omnes
1077 2159 1202 2190 faciant
1231 2160 1273 2190 ad

255 2211 371 2241 minus
385 2211 492 2241 semel
503 2211 650 2250 singulis
665 2211 855 2248 mensibus,
868 2213 900 2241 et
912 2212 961 2242 sic
969 2212 1184 2243 confessione
1196 2221 1273 2252 pre·

256 2264 376 2301 missa,
396 2265 432 2295 in
449 2264 674 2304 sequentibus
699 2265 1027 2304 sollempnitatibus,
1052 2266 1212 2297 videlicet
1237 2267 1273 2296 in
1302 2262 1303 2266 ’

255 2316 443 2348 Nativitate
472 2318 624 2354 Domini,
653 2317 894 2349 Purificatione
924 2318 1022 2349 beate
1043 2319 1209 2358 Virginis,
1237 2320 1273 2350 in

254 2370 355 2400 initio
387 2370 668 2410 Quadragesime,
694 2371 957 2402 Resurrectione
974 2371 1127 2407 Domini,
1153 2373 1274 2403 Pente-

256 2426 360 2460 coste,
377 2423 412 2453 in
422 2423 518 2454 festis
533 2432 581 2454 ss.
593 2424 826 2463 apostolorum
835 2425 930 2455 Petri
943 2427 975 2455 et
987 2425 1100 2461 Pauli,
1116 2434 1144 2456 s.
1161 2426 1272 2462 Clare,

257 2484 287 2506 s.
303 2476 478 2507 Francisci
500 2480 533 2507 et
549 2477 711 2508 Omnium
732 2477 945 2514 Sanctorum,
972 2478 1138 2517 recipiant
1158 2479 1275 2509 Domi-

257 2529 323 2560 nici
342 2530 503 2569 Corporis
521 2532 783 2561 sacramentum.
798 2531 835 2562 Si
849 2533 964 2562 tamen
981 2531 1097 2571 aliqua
1115 2541 1274 2563 sororum

256 2585 350 2613 tanta
372 2583 474 2613 fuerit
492 2583 644 2622 corporis
662 2583 862 2614 infirmitate
881 2584 1029 2622 detenta,
1050 2586 1142 2624 quod
1164 2586 1208 2616 ad
1225 2586 1274 2617 lo·

257 2637 427 2667 cutoriam
459 2636 634 2667 commode
665 2637 781 2667 venire
814 2645 880 2667 non
912 2638 1022 2676 possit
1061 2640 1094 2669 et
1133 2647 1274 2670 necesse

256 2689 414 2720 hahuerit
445 2689 610 2724 confiteri,
640 2689 693 2720 vel
725 2690 897 2720 Domiuici
920 2690 1083 2729 Corporis
1115 2700 1178 2722 seu
1204 2693 1274 2723 alia

256 2743 408 2782 recipere
425 2745 648 2779 sacramenta,
658 2742 817 2773 sacerdos
831 2736 1043 2774 sacramenta
1055 2744 1274 2776 exhibiturus

257 2795 466 2836 hujusmodi⁷
493 2795 571 2826 alba
597 2797 630 2826 et
653 2795 743 2826 stola
768 2804 806 2826 ac
827 2796 1015 2835 manipulo,
1033 2805 1111 2827 cum
1140 2798 1274 2829 duobus

257 2849 403 2889 ydoneis
420 2851 453 2879 et
483 2849 662 2888 religiosis·
678 2849 781 2879 sociis
809 2849 865 2879 vel
890 2858 958 2880 uno
983 2849 1027 2880 ad
1050 2850 1177 2888 minus,
1194 2851 1274 2883 alba

258 2903 326 2945 vel,
335 2902 457 2932 saltem
475 2901 722 2941 superpelliceo
741 2902 898 2935 vestitus,
914 2902 1125 2942 ingrediatur
1146 2906 1180 2934 et
1201 2913 1272 2935 mo-

259 2957 355 2987 retur
367 2955 530 2991 indutus3
555 2957 600 2991 et,
621 2955 736 2986 audita
753 2955 968 2987 confessione
987 2956 1042 2986 vel
1061 2956 1130 2987 alio
1146 2957 1273 2988 tradito

2285 273 2345 302 213

1333 354 1556 388 sacramento,
1583 353 1668 382 sicut
1700 353 1845 391 ingressi
1881 354 2017 389 fuerint,
2053 355 2101 384 sic
2129 355 2344 393 egreiianrur

1333 404 1454 440 induti,
1487 413 1547 435 nec
1583 414 1712 435 moram
1748 405 1795 435 ibi
1826 405 1951 436 faciant
1969 407 2168 446 longiorem.
2196 408 2343 439 caveant

1333 458 1434 487 etiam
1449 462 1496 493 ut,
1510 458 1671 497 quamdiu
1688 459 1778 488 intra
1791 460 2038 490 monasterium
2053 460 2190 493 fuerint,
2204 461 2345 491 nullate·

1332 519 1396 540 nus
1414 510 1455 540 ab
1473 511 1617 541 invicem
1639 515 1848 550 separentur,
1865 513 1946 551 quin
1971 522 2105 552 semper
2128 516 2245 544 mutuo
2269 523 2344 553 pos—

1333 563 1401 593 sint
1419 563 1524 594 libere
1542 572 1577 593 se
1597 564 1723 594 videte.
1740 564 1794 594 Sic
1814 573 1944 603 quoque
1960 574 1997 595 se
2013 565 2157 596 habeant
2181 567 2215 596 in
2233 567 2345 598 anime

1331 616 1635 647 commendatione.
1655 617 1771 653 Porro,
1788 618 1827 647 ad
1845 619 2010 657 exequias
2030 620 2118 649 circa
2131 620 2345 658 sepulturam

1333 670 1492 707 agendas,
1513 670 1674 700 sacerdos
1692 679 1759 700 non
1778 671 1988 709 ingrediatur
2005 672 2039 701 in
2066 672 2263 707 claustrum,
2286 674 2346 704 sed

1333 722 1484 752 exterius
1501 725 1533 752 in
1559 723 1700 761 capena,
1732 723 1821 762 quod
1840 724 1882 753 ad
1909 724 1994 754 illud
2022 725 2169 755 officinm
2199 728 2347 765 pertinet

1333 778 1533 813 exequatur.
1556 776 1683 805 Tamen
1709 776 1739 805 si
1762 776 1935 806 abbatisse
1964 781 1995 807 et
2022 780 2199 808 contemni
2232 781 2345 811 risum

1300 853 1301 857 ,
1331 826 1434 857 fuerit
1453 829 1543 866 quod
1561 828 1603 858 ad
1623 829 1786 867 exequias
1805 829 1923 860 debeat
1941 831 2094 867 introire.
2112 833 2210 863 modo
2229 841 2346 872 supra-

1332 881 1421 910 dicto
1445 889 1521 910 cum
1548 881 1651 911 sociis
1677 882 1777 911 intret
1798 882 1951 917 indutus,
1972 887 2015 917 et,
2042 885 2176 922 sepulta
2199 890 2345 917 mortua-

1332 943 1408 964 cum
1425 934 1474 963 eis
1492 938 1588 964 exeat
1608 935 1681 964 sine
1702 943 1807 964 mora.
1838 935 1873 965 Si
1897 938 2009 965 autem
2032 945 2168 967 necesse
2193 939 2293 969 fuerit
2309 943 2345 970 ut

1331 987 1566 1025 ingrediantur
1585 986 1690 1025 aliqui
1706 987 1747 1017 ad
1767 987 1955 1018 faciendam
1975 990 2027 1018 vel
2054 991 2271 1028 operiendam
2296 1002 2346 1023 se-

1331 1039 1505 1078 pulturam
1532 1048 1593 1069 seu
1614 1040 1832 1078 postmodum
1862 1042 2095 1079 coaptandam.
2120 1047 2152 1073 et
2176 1044 2347 1075 abbatisse

1333 1094 1365 1122 et
1377 1093 1557 1123 conventui
1571 1093 1683 1123 visum
1698 1093 1800 1123 fuerit
1810 1093 1872 1123 hoc
1885 1095 2081 1132 expediens.
2093 1100 2231 1136 propter
2243 1099 2346 1129 inibe-⁶

1333 1145 1512 1176 cillitatem
1529 1155 1697 1181 sororum,
1714 1146 1758 1176 sit
1778 1147 1943 1177 sacerdoti
1965 1148 2020 1178 vel
2035 1149 2135 1179 alicui
2153 1150 2211 1180 alii
2229 1152 2269 1180 ad
2285 1152 2346 1182 boc

1302 1233 1303 1240 ¹
1334 1199 1466 1238 5doneo
1482 1202 1514 1229 et
1530 1199 1684 1235 honesto,
1700 1208 1776 1229 cum
1790 1209 1857 1230 uno
1874 1201 1966 1231 socio
1981 1202 2034 1232 vel
2052 1202 2196 1239 duobus⁷
2213 1205 2346 1236 licitum

1332 1253 1487 1283 introire.

1374 1316 1390 1335 u
1403 1306 1439 1337 Si
1452 1306 1565 1345 alique
1577 1306 1758 1344 juvencule
1776 1307 1830 1337 vel
1845 1307 2045 1346 grandiores
2063 1318 2203 1348 capaces
2220 1311 2347 1346 ingenii

1333 1358 1472 1395 fuerint,
1489 1359 1520 1389 si
1542 1358 1609 1388 sibi
1626 1359 1809 1393 videbitur,
1826 1359 2001 1390 abbatissa
2015 1370 2072 1391 eas
2087 1363 2212 1393 instrui
2235 1364 2347 1400 faciat,

1333 1413 1532 1451 magistram
1560 1412 1610 1442 eis
1638 1413 1804 1451 deputans
1833 1413 2002 1452 ydoneam
2027 1418 2059 1444 et
2085 1415 2259 1453 disertam,
2287 1427 2349 1456 per

1333 1474 1435 1505 quam
1451 1468 1521 1496 tam
1538 1466 1574 1495 in
1599 1468 1699 1496 cantu
1715 1475 1818 1505 quam
1827 1467 1869 1496 ‘in
1886 1467 2012 1498 divinis
2033 1468 2156 1499 officiis
2177 1471 2349 1502 instruan-

1300 1547 1303 1567 ὁ
1330 1522 1399 1549 tur-
1415 1519 1556 1549 Sorores
1572 1528 1652 1549 vero
1667 1522 1699 1549 et
1709 1520 1914 1556 servithles,
1930 1520 2025 1551 horis
2045 1525 2078 1551 et
2096 1522 2182 1553 locis
2195 1526 2346 1559 statutis,

1331 1575 1432 1611 prout
1455 1573 1648 1602 ordinatum
1663 1572 1778 1606 fuerit,
1796 1573 1941 1604 utilibus
1955 1577 1987 1604 et
2000 1574 2154 1606 honestis
2171 1576 2347 1608 laboribus

1334 1625 1398 1656 sub
1418 1625 1481 1655 illa
1501 1626 1716 1664 providentia
1740 1629 1945 1665 occupentur
1977 1628 2079 1666 quod,
2101 1629 2240 1660 excluso
2265 1632 2344 1667 otio,

1334 1680 1446 1710 anime
1467 1679 1618 1713 inimico,
1650 1682 1764 1709 sancte
1790 1680 1955 1710 orationis
1982 1684 2015 1710 et
2039 1681 2230 1713 devotionis
2249 1684 2349 1722 spiri-

1331 1735 1406 1762 tum
1424 1741 1493 1762 non
1508 1732 1720 1771 extinguant,
1739 1733 1793 1762 cui
1809 1732 1930 1763 debent
1949 1736 2058 1764 cetera
2074 1736 2278 1774 temporalia
2293 1737 2348 1768 de-

1302 1812 1303 1827 3
1335 1787 1476 1817 servire.
1498 1787 1640 1820 Verum,
1660 1787 1740 1826 quia
1763 1787 1976 1818 multitudini
1990 1788 2053 1819 sub
2083 1789 2278 1828 hujusmodi
2298 1801 2347 1822 re

1333 1840 1470 1879 ligionis
1493 1839 1709 1870 observantia
1742 1844 1941 1880 congregate
1971 1843 2085 1873 omnia
2118 1843 2240 1874 debent
2269 1854 2346 1876 esse

1334 1894 1529 1924 communia
1548 1902 1609 1923 nec
1636 1893 1795 1932 cuiquam
1816 1895 1896 1924 licet
1922 1895 2055 1934 aliquid
2070 1905 2146 1926 esse
2167 1906 2279 1933 suum,
2297 1907 2347 1928 ca-

1333 1949 1452 1976 veatur
1469 1946 1616 1977 sollicite
1638 1955 1692 1982 ne,
1711 1948 1888 1978 occasione
1902 1948 2059 1978 laborum
2071 1949 2267 1989 hujusmodi
2285 1960 2347 1982 seu

1334 2000 1502 2030 mercedis
1523 2002 1657 2038 recepte
1672 2008 1734 2038 pto
1752 2001 1852 2039 ipsis,
1869 2002 2067 2040 cupiditatis
2083 2003 2137 2033 vel
2160 2005 2349 2043 proprieta-

1332 2053 1379 2083 tis
1396 2053 1589 2092 cujuspiam
1614 2053 1686 2084 sive
1711 2054 1815 2083 etiam
1830 2054 1994 2085 notabilis
2019 2056 2243 2094 specialitatis
2260 2067 2350 2088 mor-

1332 2106 1397 2137 bus
1415 2106 1567 2145 obrepat.

1374 2170 1391 2190 ι
1406 2160 1590 2191 Silentium
1605 2160 1804 2190 continuum
1821 2161 1870 2191 sjc
1890 2162 2048 2192 continue
2067 2162 2109 2193 ab
2128 2163 2286 2194 omnibus
2301 2167 2350 2195 ie—

1333 2216 1466 2250 neatur,
1484 2216 1525 2244 ut.
1539 2222 1599 2243 uec
1613 2213 1681 2243 sibi
1693 2214 1840 2244 invicem
1855 2223 1917 2245 nec
1933 2215 2036 2245 alicui
2044 2215 2104 2246 alii
2123 2217 2196 2247 sinc
2212 2217 2350 2249 licentia

1334 2267 1384 2298 eis
1399 2267 1495 2306 loqui
1509 2267 1620 2302 liceat,
1635 2269 1786 2306 exeeptis
1799 2267 1879 2304 hiis,
1894 2268 2019 2307 quibus
2034 2270 2270 2308 magisterium
2287 2271 2349 2302 ali-

1302 2323 1304 2363 }
1334 2320 1425 2359 quod
1442 2320 1497 2350 vel
1524 2329 1610 2359 opus
1635 2320 1825 2359 injunctum
1841 2321 1943 2351 fuerit
1958 2322 2047 2360 quod
2061 2331 2128 2352 non
2144 2324 2253 2361 possit
2271 2333 2349 2354 con-

1304 2412 1305 2421 *
1333 2383 1416 2413 grue
1433 2382 1512 2404 cum
1535 2373 1673 2404 silentio
1699 2374 1862 2408 exerceri,
1890 2373 1958 2404 biis
1976 2375 2112 2413 quidem
2135 2377 2236 2406 simul
2254 2377 2347 2416 loqui

1333 2427 1434 2458 liceat
1459 2427 1500 2457 de
1517 2427 1586 2457 hiis
1611 2435 1676 2466 que
1701 2427 1744 2456 ad
1771 2427 1920 2457 officium
1937 2428 1991 2457 vel
2017 2437 2102 2466 opus
2129 2437 2230 2459 suum
2246 2431 2349 2469 perti-

1302 2470 1305 2592 }
1333 2483 1426 2516 nent,
1445 2480 1517 2515 ubi,
1535 2480 1670 2519 quando
1688 2483 1720 2510 et
1738 2479 1886 2519 qualiter
1903 2481 2017 2510 visum
2035 2482 2137 2511 fuerit
2162 2482 2346 2514 abbatisse.

1334 2534 1476 2565 Sorores
1495 2536 1611 2563 tamen
1627 2532 1757 2563 debiles
1777 2533 1833 2563 vel
1855 2533 1989 2564 infirme
2011 2543 2048 2564 ac
2072 2535 2263 2566 servientes
2283 2537 2349 2568 eis-

1302 2600 1305 2619 s
1334 2587 1423 2622 dem,
1436 2595 1497 2625 pro
1511 2586 1718 2616 recreatione
1731 2589 1764 2616 et
1780 2586 1932 2625 ipsarum
1951 2588 2104 2622 servitio.
2122 2588 2158 2618 in
2169 2589 2350 2620 infirmito-

1302 2623 1304 2639 ’
1333 2640 1385 2670 rio
1398 2639 1494 2678 loqui
1505 2639 1651 2678 p0§int.
1663 2639 1704 2669 In
1717 2639 1912 2678 duplicibus
1929 2648 2063 2679 quoque
2078 2641 2176 2672 sestis
2193 2651 2231 2672 ac
2247 2652 2347 2682 apos-

1332 2693 1483 2723 tolorum
1500 2691 1813 2730 sollempuitalibus
1828 2694 1862 2722 et
1887 2692 1967 2722 aliis
1983 2693 2190 2732 quibusdam
2211 2695 2346 2733 diebus,

1334 2745 1459 2784 quibus
1486 2745 1602 2775 visum
1625 2744 1729 2775 fuerit
1755 2744 1939 2781 abbatisse,
1964 2746 1998 2775 in
2023 2748 2115 2777 certo
2128 2747 2203 2778 loco
2224 2748 2268 2778 ad
2284 2748 2348 2780 hoc

1302 2827 1305 2855 1
1334 2798 1519 2837 assignato,
1549 2799 1592 2828 ab
1616 2797 1700 2828 hora
1721 2806 1810 2828 nona
1825 2806 1935 2837 usque
1953 2799 1995 2829 ad
2014 2807 2193 2839 vesperam
2211 2801 2268 2832 vel
2286 2802 2348 2832 ali-

1302 2866 1305 2890 g
1334 2861 1400 2891 qua
1422 2852 1490 2882 alia
1516 2852 1599 2882 bora
1624 2853 1842 2891 competenti,
1857 2852 1952 2892 loqui
1974 2854 2109 2892 possint
2132 2855 2174 2885 de
2198 2855 2348 2888 Domino

1302 2925 1305 2974 d
1332 2905 1416 2936 Jesu
1432 2905 1568 2936 Christo
1594 2907 1626 2935 et
1643 2905 1899 2944 sollempnitate
1918 2906 2061 2937 instanti
2076 2916 2115 2938 ac
2133 2909 2202 2947 piis
2218 2912 2349 2940 sancto—

1335 2967 1413 2988 rum
1429 2957 1599 2997 exemplis
1620 2957 1710 2988 etde
1732 2958 1812 2988 aliis
1827 2958 1935 2990 licitis
1950 2961 1983 2990 et
2003 2959 2168 2991 honestis.
2188 2961 2240 2992 Ab
2264 2961 2348 2993 hora
