2547 3289
322 265 382 294 432

322 346 504 379 char-ensis,
535 344 576 374 ad
594 344 655 373 hoc
676 351 788 373 coram
811 341 909 371 nobis
929 341 1122 379 specialiter
1139 341 1279 377 evocati,
1298 342 1330 371 et

322 408 363 429 ex
391 398 514 429 litteris
537 396 577 426 ab
601 396 717 426 eodem
748 394 1000 433 archiepiscopo
1029 394 1070 423 ad
1089 395 1199 432 ipsum
1222 395 1331 424 trans-

323 451 439 481 missis
464 452 495 480 et
520 448 618 478 nobis
639 448 788 478 ostensis
813 447 854 477 ab
879 447 964 485 ipso,
987 447 1130 477 eundem
1149 446 1330 485 archiepis-

321 512 442 542 copum
469 503 575 532 dictas
601 500 862 536 institutionem,
884 499 1099 530 collationem
1121 501 1152 529 et
1175 499 1330 529 commis-

322 557 450 586 sionem
475 556 566 585 ratas
589 556 619 584 et
635 556 748 592 gratas
764 553 898 588 habere,
917 552 1050 591 sibique
1072 552 1204 591 placere
1219 554 1254 582 ut
1270 561 1331 582 vos

321 618 379 647 per
403 617 460 639 eas
482 608 604 637 dictam
632 607 809 637 ecclesiam
836 605 1017 636 haberetis
1038 605 1210 635 Predictas
1229 606 1330 635 etiam

322 663 452 692 litteras
478 661 558 690 dicti
583 660 673 699 regis
702 659 926 698 inspeximus,
945 660 977 689 et
993 659 1034 688 ad
1053 659 1216 697 majorem
1234 658 1330 688 certi-

320 715 469 745 tudinem
495 722 609 744 earum
633 715 783 743 tenorem
804 712 844 742 de
860 711 963 742 verbo
982 712 1022 741 ad
1039 711 1179 741 verbum
1198 720 1332 750 presen-

321 768 412 797 tibus
432 767 573 797 fecimus
590 766 757 799 annotari,
775 765 833 804 qui
849 765 930 795 talis
946 766 996 794 est
1013 774 1019 793 :

362 832 376 847 «
404 821 456 855 A.,
487 819 542 849 Dei
572 819 677 859 qratia
714 828 766 848 rea·
795 817 977 857 P01·luqnlie
1009 823 1038 847 et
1068 827 1163 846 comes
1193 815 1330 852 Bolonic,

322 884 337 903 «
357 872 517 903 reverendo
540 873 573 901 in
595 870 717 901 Christo
740 872 827 911 patri
851 875 879 900 et
903 871 1000 900 cimico
1017 869 1176 899 karissimo
1198 870 1254 906 M„
1276 879 1335 909 per

322 938 337 955 <‹
357 926 481 955 eandem
511 925 741 964 archiepiscopo
768 924 985 958 eraclam-ensi,
1015 923 1141 952 salutem
1171 928 1198 952 et
1221 919 1335 952 sincer'e

322 989 337 1008 <‹
358 979 530 1009 dilectionis
548 978 700 1017 affectum.
719 978 769 1008 Ad
794 977 971 1007 ecclesiam
992 978 1105 1006 sancte
1120 977 1226 1006 Marie
1245 976 1336 1005 Vim-

323 1044 337 1061 «
359 1032 570 1062 maranensis
600 1031 697 1060 vobis
728 1030 928 1068 magistrum
953 1030 1091 1060 Petrum
1111 1029 1254 1065 ι1111111111,
1283 1029 1336 1058 de-

323 1096 337 1114 «
358 1094 475 1115 canum
496 1083 775 1118 Ulixbonensem,
792 1083 1064 1113 archidiaconum
1081 1084 1245 1118 vestrum,
1263 1090 1335 1120 pre-

324 1149 338 1167 «
359 1140 544 1174 sentamus,
556 1146 615 1168 vos
632 1138 789 1176 rogantes
799 1137 959 1176 quatinus
976 1145 1049 1166 eam
1066 1135 1132 1166 sibi
1150 1135 1336 1174 dignemini

324 1201 340 1221 «
358 1192 567 1222 confirmare.
586 1191 709 1221 Datum
730 1189 914 1220 Colimbrie
938 1199 983 1218 xn
1007 1189 1060 1219 die
1079 1188 1280 1222 decembris,
1305 1189 1337 1218 et

325 1255 340 1275 «
360 1253 435 1283 rege
454 1244 646 1279 mandante,
666 1252 724 1282 per
738 1243 978 1273 cancellarium
994 1243 1034 1272 D.
1053 1242 1175 1272 Petrus
1194 1241 1272 1272 fecit
1290 1242 1335 1271 M.

326 1308 340 1327 «
361 1300 412 1328 CC
432 1297 650 1335 nonagesimo
669 1297 707 1326 V.
730 1306 745 1325 »

365 1361 379 1380 «
396 1350 579 1381 Promissis
590 1350 694 1389 igitur
704 1348 862 1379 omnibus
872 1349 1108 1382 consideratis,
1119 1348 1337 1386 pensatisque

326 1412 468 1443 persone
490 1404 600 1432 vestre
627 1402 771 1432 meritis.
791 1401 914 1440 quibus
931 1410 990 1431 vos
1016 1402 1049 1431 in
1069 1401 1192 1440 prefati
1209 1400 1337 1430 domini

325 1466 409 1496 papo
433 1465 469 1486 ac
491 1456 633 1486 fratrum
650 1464 789 1485 suorum
816 1455 924 1484 oculis
950 1454 1119 1492 gratiosos
1142 1453 1339 1492 multiplici-

325 1512 374 1540 ter
401 1508 581 1543 exhibetis,
601 1508 862 1543 institutionem,
885 1507 1102 1537 collationem
1122 1516 1158 1536 ac
1182 1506 1338 1536 commis—

326 1563 457 1592 sionem
488 1561 657 1599 predictas
685 1560 883 1591 auctoritate
913 1560 1065 1599 eJ'usdem
1094 1560 1222 1589 domini
1254 1568 1338 1598 pape

327 1615 424 1646 1101115
446 1616 478 1645 111
500 1615 559 1644 hac
583 1616 678 1653 parte
708 1614 902 1649 commissa,
920 1614 1092 1643 firmitatis
1112 1613 1213 1643 robur
1228 1613 1338 1642 decer-

327 1669 440 1699 nimus
458 1668 626 1703 obtinere3
645 1669 676 1697 et
698 1667 738 1697 ad
756 1667 917 1705 majorem
934 1667 1132 1700 efficaciam,
1146 1675 1206 1696 vos
1221 1666 1339 1696 eadem

327 1722 528 1751 auctoritate
546 1720 760 1751 instituimus
779 1720 811 1749 in
828 1720 975 1759 priorem
991 1719 1338 1753 ecclesiememorate,

329 1785 365 1805 ac
387 1775 628 1805 nichilominus
652 1773 747 1803 vobis
783 1773 933 1811 ejusdem
967 1773 1107 1803 ecclesie
1135 1772 1340 1802 conferimus

330 1828 528 1866 prioratum,
554 1835 614 1856 vos
636 1826 848 1856 investiendo
879 1835 938 1864 per
956 1828 1090 1856 nostros
1108 1826 1252 1855 annulos
1268 1834 1340 1863 pre-

329 1881 517 1911 sentialiter
540 1881 580 1910 de
609 1880 737 1915 eodem,r
770 1888 884 1909 curam
917 1879 1027 1918 plebis
1060 1879 1169 1918 ipsius
1200 1878 1340 1908 ecclesie

329 1936 438 1963 vestre
467 1933 690 1963 sollicitudini
715 1932 976 1962 committentes
996 1932 1072 1962 Non
1090 1931 1243 1961 obstante
1268 1940 1340 1970 pre-

329 1986 417 2016 dicta
443 1986 652 2024 indulgentia
669 1986 779 2015 eidem
798 1984 1112 2023 arcliiepiscopoab
1127 1985 1243 2014 eadem
1262 1984 1340 2014 sede
1370 2006 1371 2022 ¹

330 2047 499 2073 concessa,
524 2048 599 2068 cum
623 2038 712 2068 idem
740 2038 1026 2075 archiepiscopus,
1047 2037 1124 2066 licet
1143 2039 1277 2075 tempus
1293 2046 1341 2067 re-
1370 2023 1372 2040 Ι

331 2092 534 2122 servationis
559 2092 591 2121 111
619 2091 734 2121 6111111111
761 2091 969 2129 indulgentia
989 2090 1267 2128 comprehensum
1287 2091 1340 2120 ad-

331 2145 393 2175 11111·
408 2145 555 2174 duraret,
573 2145 822 2174 institutionem
841 2146 870 2173 et
889 2143 1103 2173 collationem
1122 2152 1180 2181 per
1197 2143 1341 2173 eundem
1371 2138 1373 2170 1

331 2199 503 2228 dominum
522 2206 643 2236 papam
660 2198 699 2226 do
717 2197 866 2235 predicta
885 2197 1026 2227 ecclesia
1043 2196 1139 2225 vobis
1159 2196 1275 2232 factas,
1291 2205 1341 2226 ra·
1372 2188 1374 2221 1

332 2254 384 2281 tas
401 2251 554 2281 habuerit
585 2259 709 2288 easque
742 2250 875 2280 duxerit
907 2249 1142 2287 acceptandas,
1169 2258 1228 2279 seu
1253 2249 1342 2288 quod
1372 2255 1375 2260 '

331 2305 362 2334 in
385 2303 607 2333 iiiixbonensi
625 2303 767 2333 ecclesia
786 2303 1020 2340 magisterium
1043 2302 1211 2332 scolarum
1235 2311 1270 2332 ac
1292 2303 1343 2332 de·
1372 2294 1374 2314 ἶ

331 2359 498 2393 canatum,
519 2357 551 2386 in
571 2357 649 2386 aliis
671 2365 804 2394 quoquc
822 2356 974 2386 ecclesiis
1000 2355 1161 2385 beneficia
1180 2364 1253 2385 cum
1275 2356 1342 2385 ani·
1374 2362 1375 2369 ¹

332 2419 462 2440 marum
481 2419 559 2439 cura
576 2411 606 2439 et
625 2410 697 2439 sinc
714 2418 804 2444 cura,
823 2418 863 2438 ex
881 2409 1133 2447 dispensatione
1147 2409 1342 2446 apostoliea,
1374 2397 1375 2445 1

333 2463 507 2499 obtinetis,
534 2471 593 2492 seu
619 2471 830 2501 quacumque
846 2462 994 2500 predicte
1011 2462 1102 2492 sedis
1123 2461 1343 2500 indulgentia,
1374 2453 1375 2499 1

334 2525 512 2555 perquam
542 2516 679 2546 effectus
707 2515 900 2553 hujusmodi
927 2515 1033 2553 gratie
1056 2515 1214 2552 impediri
1235 2515 1345 2552 possit

334 2570 385 2599 vel
413 2569 665 2608 quomodolibet
690 2568 865 2598 retardari.
892 2569 962 2599 Nos
986 2568 1125 2606 insuper
1144 2569 1344 2599 auctoritate
1372 2542 1375 2599 1

335 2623 519 2660 apostolica
545 2622 759 2652 decernimus
790 2621 924 2652 irritum
956 2625 986 2651 et
1009 2621 1108 2650 inane
1136 2621 1164 2650 si
1182 2630 1279 2651 secus
1304 2622 1344 2651 de
1374 2615 1375 2656 1

336 2675 482 2713 predicta
506 2675 646 2705 ecclesia
673 2676 749 2712 post
766 2674 960 2712 hujusmodi
979 2674 1224 2709 institutiones.
1246 2674 1345 2704 colla-
1374 2664 1376 2700 1

337 2728 444 2758 tiones
470 2730 502 2758 et
529 2728 788 2758 commissiones
809 2729 1045 2766 attemptatum
1070 2729 1120 2757 est
1142 2727 1192 2757 vel
1215 2728 1248 2757 in
1270 2736 1345 2766 pos-
1375 2734 1376 2738 ¹

335 2783 444 2811 terum
469 2781 654 2819 apostolica
680 2789 739 2810 seu
758 2781 878 2819 quavis
900 2781 966 2811 alia
984 2781 1183 2811 auctoritate
1201 2781 1345 2820 contige-

337 2834 379 2863 rit
406 2834 611 2872 attemptari,
636 2834 813 2872 presertim
841 2843 915 2863 cum
935 2833 1122 2872 prescripto
1143 2836 1294 2873 tempore
1312 2834 1344 2864 in
1375 2852 1377 2895 ¹

337 2887 451 2917 eadem
478 2887 685 2925 indulgentia
709 2887 962 2925 comprehenso,
987 2887 1139 2922 durante,
1166 2889 1345 2926 postquam
1376 2897 1377 2923 1

339 2941 585 2971 institutionem
616 2941 647 2970 et
671 2940 885 2970 collationem
916 2940 1085 2979 predictas
1110 2940 1199 2970 idem
1224 2940 1346 2970 archie-
1375 2934 1377 2965 1

1081 257 1326 288 REGISTRES
1348 257 1563 288 D'URBAIN
1586 257 1644 287 IV.

1391 341 1552 379 piscopus
1582 341 1801 379 acceptasset,
1836 340 1953 370 eadem
1991 341 2135 371 ecclesia
2161 349 2227 371 non
2258 346 2406 381 vacaret,

1392 393 1507 432 sicque
1533 393 1649 423 nullus
1677 393 1718 422 ad
1741 401 1815 423 eam
1833 393 1969 423 interim
1989 393 2029 423 de
2051 393 2126 432 jure
2147 395 2336 432 presentari
2354 396 2408 427 vel

1392 446 1426 475 in
1444 455 1483 476 ea
1499 446 1634 476 institui
1650 446 1810 484 potuerit,
1823 445 1952 484 absque
1970 446 2080 484 ipsius
2094 446 2340 486 archiepiscopi
2351 456 2407 478 vo·

1392 498 1533 529 luntate.
1553 499 1591 529 In
1613 499 1709 537 cujus
1736 498 1784 528 rei
1806 499 2054 534 testimonium,
2075 501 2254 538 presentes
2274 500 2407 531 litteras

1392 551 1586 589 sigillorum
1616 552 1811 581 nostrorum
1845 551 2034 581 munimine
2065 551 2207 582 fecimus
2237 552 2402 583 roborari.

1394 605 1517 634 Datum
1535 605 1624 643 apud
1642 604 1930 640 Urbemveterem,
1948 614 2006 634 xni
2018 604 2183 635 kalendas
2195 605 2402 642 novembris,

1392 658 1609 695 pontificatus
1626 656 1754 687 domini
1768 656 1897 688 Urbani
1916 666 2001 696 pape
2020 657 2095 694 1111,
2117 666 2202 688 anno
2219 659 2330 689 tertio.
2350 671 2366 687 »

1433 710 1528 740 Nulli
1557 719 1635 749 ergo
1661 712 1722 740 etc.
1748 711 1862 740 nostre
1886 711 2154 740 confirmationis
2186 713 2248 741 etc.
2282 711 2409 741 Datum

1394 763 1481 802 apud
1522 763 1811 798 [frbemveterem
1840 772 1888 793 1111
1928 765 1934 783 ¹
1971 763 2159 802 [kalendasss
2200 763 2407 797 novembris.

1395 825 1480 847 anno
1492 817 1565 846 1110.
1585 826 1600 845 »

1485 981 1559 1012 392
1930 978 2055 1010 0111610,
2069 980 2103 1006 30
2123 979 2239 1005 octobre
2258 979 2334 1006 1263.

1432 1064 1652 1098 Arehiepiscopo
1669 1063 1854 1090 111-3611316051
1873 1063 2009 1097 praedicti
2030 1063 2188 1090 committit
2209 1062 2408 1090 executionem

1397 1113 1537 1140 mandati.
1555 1113 1635 1148 (nm.
1654 1114 1698 1139 28.
1717 1111 1764 1138 sol.
1783 1113 1842 1143 127,
1857 1120 1924 1138 ann.
1945 1111 1990 1143 111,
2008 1111 2105 1139 benef.
2121 1117 2150 1138 n‘·
2169 1113 2226 1143 10.)

1438 1231 1454 1250 «
1473 1244 1478 1249 .
1493 1246 1498 1250 .
1513 1245 1519 1250 .
1539 1219 1766 1258 archiepiscopo
1784 1218 2000 1248 Bracharensi.
2016 1219 2067 1248 Ex
2082 1220 2222 1257 paterna
2242 1227 2356 1257 quam.
2371 1236 2410 1240 -

1398 1275 1522 1304 Ι)3111111
1539 1273 1627 1311 apud
1647 1271 1935 1307 Urbemveterern,
1957 1281 1992 1300 111
2012 1271 2176 1302 kalendas
2200 1271 2408 1308 novembris,

1399 1335 1485 1358 anno
1503 1326 1565 1356 111⁰
1587 1336 1602 1355 »

1488 1503 1561 1533 893
1935 1500 2058 1529 0111610,
2081 1500 2113 1527 18
2129 1500 2244 1526 octobre
2262 1500 2339 1527 1263.

1435 1585 1556 1612 Alberto
1576 1585 1610 1612 de
1625 1584 1810 1611 Castrobarto
1824 1584 1943 1610 mandat
1956 1586 1985 1610 ut
1998 1584 2081 1610 Petro
2098 1583 2412 1618 archipresbyteratum

1400 1634 1538 1661 ecclesiae
1559 1642 1582 1660 s.
1597 1634 1701 1660 Mariae
1716 1634 1751 1660 de
1766 1633 1881 1665 Cisauo,
1892 1633 2064 1659 Veronensis
2082 1632 2217 1664 diocesis,
2227 1631 2413 1667 inquisitione

1401 1683 1572 1717 praemissa,
1588 1682 1728 1709 conferat.
1749 1682 1827 1716 inae.
1845 1682 1889 1715 28,
1905 1682 1954 1709 sol.
1975 1682 2034 1712 127,
2056 1689 2123 1707 31111.
2139 1681 2186 1714 111,
2199 1679 2294 1707 benef.
2313 1685 2343 1707 n⁶
2359 1680 2416 1714 11.)

1442 1801 1455 1818 11
1482 1789 1605 1818 Alberlo
1633 1788 1669 1818 de
1698 1788 1910 1825 Casei-oham,
1937 1788 2081 1817 canonico
2114 1787 2284 1818 Veronensi.
2316 1787 2414 1825 Cum,

1402 1843 1489 1873 sicut
1509 1842 1654 1872 dilectus
1681 1842 1772 1872 filius
1794 1842 1928 1878 Petrus,
1947 1841 2128 1880 presbyter
2147 1841 2289 1871 ecclesie
2305 1841 2414 1872 sancti

1401 1896 1539 1927 Martini
1552 1895 1592 1926 de
1604 1896 1723 1934 Leges,
1737 1895 1946 1925 Veronensis
1958 1895 2114 1931 diocesis,
2131 1894 2291 1933 exposuit
2302 1902 2416 1925 coram

1402 1950 1511 1985 nobis,
1532 1948 1886 1987 archipresbyteratus
1898 1948 2040 1978 ecclesie
2054 1950 2167 1978 sancte
2183 1947 2290 1978 Marie
2304 1947 2345 1978 de
2365 1947 2418 1978 Ci-

1402 2012 1496 2039 sano,
1505 2002 1657 2041 ejusdem
1667 2002 1825 2037 diocesis,
1839 2001 1963 2039 dejure
1973 2002 2066 2031 tanto
2077 2002 2229 2039 tempore.
2237 2000 2308 2039 jam
2321 2008 2415 2031 vaca-

1371 2063 1372 2068 *
1402 2056 1461 2091 vit,
1471 2056 1559 2094 quod
1569 2055 1663 2084 illius
1673 2054 1807 2084 collatio
1817 2056 1867 2084 est
1877 2054 1918 2083 ad
1927 2053 2149 2093 apostolicam
2160 2053 2286 2089 sedem,
2300 2062 2420 2084 secun·

1371 2119 1373 2125 ’
1403 2109 1482 2139 dum
1505 2109 1745 2138 Lateranonsis
1764 2109 1889 2137 statuta
1907 2106 2055 2142 concilii,
2074 2106 2224 2145 legitime
2245 2106 2415 2143 devoluta,

1404 2162 1491 2192 idem
1509 2162 1631 2191 Petrus
1647 2160 1780 2190 nullum
1799 2159 1905 2189 adhuc
1925 2159 2126 2189 beneficium
2145 2159 2415 2190 ecclesiasticum

1404 2215 1447 2245 sit
1473 2215 1625 2252 adeptus,
1647 2213 1711 2243 nisi
1738 2213 1906 2251 quoddam
1931 2213 1966 2242 111
1985 2212 2115 2250 prefata
2139 2212 2283 2242 ecclesia
2306 2212 2416 2243 sancti

1405 2268 1554 2303 Martini,
1571 2267 1667 2305 cujus
1684 2266 1837 2296 redditus
1852 2268 1882 2296 et
1902 2268 2085 2304 proventus
2102 2268 2180 2295 sunt
2197 2265 2280 2295 adeo
2298 2267 2418 2296 tenues

1405 2323 1435 2351 ct
1468 2320 1576 2351 exiles
1600 2319 1689 2358 quod
1717 2328 1758 2349 ex
1787 2319 1837 2349 eis
1866 2319 1983 2357 nequit
2015 2318 2190 2348 commode
2219 2318 2417 2352 sustentari,

1373 2388 1375 2396 ⁴
1405 2383 1466 2404 nos
1487 2374 1631 2404 eundem
1658 2372 1898 2411 presbyterum
1922 2371 2123 2402 beneficium
2146 2371 2355 2410 hujusmodi,
2382 2373 2418 2402 ut

1405 2428 1478 2466 ipse
1492 2426 1628 2461 asserit,
1642 2426 1746 2456 libere
1760 2426 1932 2464 resignare
1947 2426 2114 2463 paratum,
2131 2433 2232 2463 quem
2247 2433 2307 2463 per
2318 2424 2420 2455 dilec-

1406 2483 1476 2511 tum
1487 2480 1595 2510 tilium
1606 2480 1806 2518 magistrum
1821 2479 1971 2512 Petrum,
1983 2477 2257 2508 archidiaconum
2268 2477 2419 2508 Brolien-

1405 2543 1475 2564 sem
1491 2534 1525 2563 in
1537 2533 1681 2563 ecclesia
1693 2531 1899 2571 Agennensi,
1915 2531 2045 2561 socium
2059 2531 2173 2561 dilecti
2188 2530 2250 2560 filii
2263 2530 2420 2570 magistri

1405 2586 1592 2622 Michaelis
1605 2588 1718 2616 sancte
1731 2586 1882 2616 Romane
1896 2584 2038 2614 ecclesie
2050 2583 2332 2620 vicecancellarii‚
2344 2591 2420 2614 exa-

1406 2639 1529 2670 minari
1549 2639 1692 2669 fecimus
1716 2638 1907 2676 diligenter,
1925 2637 2050 2676 quique
2069 2637 2103 2666 in
2120 2636 2313 2667 litteratura
2331 2644 2419 2667 com-

1374 2717 1376 2723 .
1406 2694 1558 2732 potenter
1570 2692 1723 2731 ydoneus
1736 2692 1890 2730 repertus
1907 2690 2032 2725 extitit,
2052 2690 2093 2719 ad
2110 2688 2421 2728 archipresbytera-

1375 2760 1376 2767 1
1405 2748 1478 2776 tum
1509 2745 1701 2783 hujusmodi
1735 2743 1956 2774 obtinendum
1991 2743 2150 2782 prosequi
2185 2741 2420 2774 favorabiliter

1407 2799 1631 2829 intendentes.
1644 2797 1845 2828 mandamus
1859 2796 2032 2836 quatinus,
2048 2796 2077 2825 si
2092 2796 2181 2834 quod
2193 2795 2233 2825 de
2246 2795 2420 2826 vacatione

1442 2911 1461 2933 Ι,
1479 2908 1517 2932 Le
1534 2907 1757 2938 registrouonne
1768 2909 1840 2931 cette
1851 2906 1916 2931 date
1935 2905 2116 2936 incomplete.
2131 2906 2170 2930 La
2186 2905 2269 2930 lettre
2285 2905 2420 2930 suivante

1408 2949 1514 2973 semble
1530 2948 1664 2979 indiquer
1681 2947 1750 2979 qu'il
1771 2947 1831 2972 faut
1850 2945 1986 2977 supplecr
2002 2945 2137 2970 kalendas.
