2547 3289
281 504 758 570 REGESTUM
812 505 1138 568 DOMINI
1193 506 1527 571 URBANI
1583 506 1806 570 PAPE
1862 507 2197 582 QUARTI

197 714 258 762 DE
288 714 525 762 LITTERIS
555 713 941 762 BENEFICIORUM
977 715 1040 762 ET
1068 715 1297 764 ALIARUM
1328 717 1623 765 GRATIARUM
1656 718 2022 767 CONCESSARUM
2056 719 2191 768 Amo
2226 721 2280 768 ΙΙΙ

970 861 1348 910 PONTIFICATUS
1385 862 1508 910 EJUS

698 1276 822 1307 Orvieto,
837 1276 871 1303 24
887 1276 1039 1303 decembre
1056 1277 1136 1304 1263.

284 1278 358 1310 953

230 1360 300 1386 Rata
318 1359 416 1386 habita
431 1359 573 1386 sententia
587 1359 623 1385 ab
636 1358 780 1390 Anchero,
797 1358 873 1386 tituli
888 1367 911 1385 s.
928 1358 1074 1390 Praxedis,
1089 1361 1116 1386 et
1135 1359 1210 1385 Guil-

194 1457 258 1487 tris,
275 1456 395 1488 wrolata,
412 1457 561 1491 Hugouem
577 1456 753 1484 monasterio
769 1465 791 1483 5.
808 1456 919 1483 Nicolai
937 1456 964 1483 in
979 1457 1067 1483 Bosco
1083 1457 1110 1483 iu
1127 1456 1212 1483 abba·

194 1508 255 1533 tem
280 1505 410 1540 praeficit
437 1508 465 1532 ct
495 1505 632 1536 Ι1011111101,
662 1506 750 1540 priori
775 1506 809 1532 de
847 1505 1060 1536 Monte-Aonio,
1089 1505 1211 1532 diocesis

195 1554 404 1586 LaudunensiS,
433 1554 553 1581 domum
574 1554 634 1581 sive
660 1556 772 1581 curtem
795 1554 828 1581 de
856 1554 994 1589 Choegni‚
1015 1554 1212 1581 Laudunensis

195 1603 330 1634 diocesis,
347 1603 489 1638 assignat.
509 1603 588 1637 (Rea.
605 1603 648 1634 ⁶29,
671 1603 720 1630 fol.
740 1604 764 1634 1,
784 1608 813 1629 11ο
828 1603 865 1637 1.)

239 1723 251 1736 κ
270 1708 407 1748 Huyoni,
428 1709 533 1738 abbaci
552 1709 729 1738 monasterii
743 1709 841 1738 sancti
859 1707 979 1738 Nicolai
996 1709 1027 1737 ῖη
1044 1708 1151 1743 Bosco,
1166 1718 1214 1738 or-

195 1763 278 1793 dinis
309 1762 408 1792 sancti
438 1762 608 1797 Benedicti,
639 1761 850 1791 Laudunensis
877 1761 1014 1791 diocesis.
1049 1762 1143 1792 Licet
1174 1770 1213 1792 ea

196 1825 260 1855 que
277 1834 326 1846 —.
347 1815 434 1846 Sane
455 1815 542 1845 inter
566 1817 609 1851 te,
631 1820 708 1845 tunc
727 1814 939 1851 monachum,
960 1817 991 1845 et
1010 1816 1211 1845 conventum

197 1869 397 1900 monasterii
420 1868 527 1898 sancti
552 1867 686 1898 Nicolai
711 1868 746 1898 in
766 1868 885 1904 Bosco,
909 1870 1061 1906 exparte
1077 1877 1155 1904 una,
1181 1870 1211 1899 et
1242 1865 1244 1900 j.

195 1922 335 1952 fratrem
346 1921 544 1956 ι1011000001,
559 1920 729 1960 quondam
746 1921 894 1959 priorem
909 1921 948 1951 de
962 1921 1209 1958 Monte-Aemo,

195 1974 341 2005 diocesis
363 1974 614 2009 Lamtuuensis,
634 1982 675 2004 ex
690 1973 807 2010 altera,
827 1982 929 2012 super
948 1973 1084 2004 abbatia
1101 1974 1210 2013 ipsius

194 2028 393 2058 monasterii
415 2027 456 2057 ad
479 2036 591 2066 quam,
615 2035 674 2067 per
692 2027 806 2065 ipsum
828 2028 1031 2057 conventum
1055 2029 1087 2057 te
1114 2035 1211 2057 cano—

195 2081 268 2112 nice
294 2080 507 2120 proponebas
532 2080 688 2115 electum,
708 2080 739 2110 et·
761 2080 801 2110 de
821 2089 887 2119 qua
906 2080 1017 2110 dictus
1039 2080 1210 2111 <Iohannes

195 2134 261 2164 sibi
278 2134 477 2165 auctoritate
496 2133 683 2172 apostolica
699 2132 830 2164 dicebat
849 2142 924 2164 esse
940 2134 1128 2172 provisum,
1144 2142 1211 2164 ma-

194 2187 279 2218 teria
309 2187 499 2225 questionis
523 2188 641 2216 exorta
664 2186 699 2215 in
728 2195 777 2222 ea,
799 2195 858 2225 per
883 2187 1148 2225 appellationem
1169 2187 1210 2217 ad

196 2240 311 2270 sedem
326 2239 549 2277 apostolicam
563 2239 731 2275 devoluta,
752 2238 914 2269 dilectum
931 2239 1039 2269 filium
1054 2241 1209 2270 nostrum

195 2293 248 2328 G.,
269 2292 360 2323 tituli
381 2292 487 2322 sancti
506 2292 610 2321 Marci
630 2291 858 2330 presbiterum
879 2292 1098 2328 cardinalem,
1119 2293 1209 2323 dedi-

198 2354 274 2376 mus
292 2344 447 2384 partibus
466 2345 666 2374 auditorem.
686 2345 856 2374 Porrectis
873 2344 977 2383 igitur
989 2345 1065 2375 hinc
1082 2346 1159 2376 inde
1176 2347 1211 2376 in

198 2398 392 2438 hujusmodi
411 2406 511 2428 causa
531 2397 659 2427 libellis
682 2399 712 2427 et
738 2406 840 2435 super
865 2397 935 2427 illis
955 2398 1027 2428 litis
1048 2400 1212 2429 contesta-

196 2453 288 2482 tione
305 2451 403 2484 facta,
423 2450 652 2489 positionibus
671 2451 703 2480 et
716 2450 997 2488 responsionibus
1019 2451 1211 2482 subsecutis

197 2506 229 2535 et
246 2504 401 2535 formatis
420 2503 573 2534 articulis
588 2503 622 2532 in
640 2503 768 2539 eadem,
786 2503 934 2537 tandem,
955 2504 1109 2542 partibus
1126 2505 1210 2543 ipsis

196 2558 323 2588 bonum
341 2557 435 2596 pacis
459 2558 490 2587 et
508 2556 684 2586 concordie
704 2556 951 2592 ati'ectantibus‚
970 2559 1006 2587 tu
1027 2559 1212 2596 personali-

196 2613 248 2642 ter
273 2613 304 2641 et
330 2610 502 2641 <Iohannes
531 2610 571 2640 de
601 2610 713 2645 Artre,
739 2609 883 2640 clericus
910 2612 1001 2646 tuus,
1027 2620 1086 2649 pro
1109 2613 1153 2648 10,
1180 2614 1210 2642 et

198 2664 361 2703 magister
378 2662 605 2698 Tlieobaldus‚
626 2664 735 2692 rector
750 2662 891 2693 ecclesie
907 2663 946 2693 de
962 2663 1211 2699 Monte-Acuto,

197 2718 245 2748 tui
264 2717 374 2756 ipsius
391 2718 421 2746 et
436 2716 558 2754 prefati
576 2715 740 2746 Johannis
754 2718 1002 2754 procuratores,
1021 2726 1081 2755 pro
1094 2717 1211 2748 eodem

197 2770 362 2805 Johanne,
376 2770 409 2799 in
429 2769 589 2799 dilectum
607 2768 716 2799 filium
733 2770 887 2798 nostrum
903 2769 1108 2806 Ancherum,
1122 2770 1212 2800 tituli

198 2825 313 2854 sancte
337 2822 504 2853 Praxedis
526 2821 766 2860 presbiterum,
783 2823 814 2851 et
833 2822 1022 2860 predictum
1043 2823 1082 2853 G.
1107 2823 1213 2853 cardi-

200 2877 296 2907 nales
311 2877 485 2914 tamquam
505 2875 538 2904 in
555 2874 714 2909 arbitros,
728 2874 949 2906 arbitr-atores
966 2879 997 2905 et
1015 2875 1213 2906 amicabiles

200 2929 459 2968 compositores,
470 2936 572 2966 super
589 2927 767 2966 questione
783 2927 979 2966 hujusmodi
997 2930 1213 2968 compromit—

332 2990 471 3019 URBAIN
494 2989 545 3020 IV,
566 2991 588 3016 t.
608 2989 648 3021 ΙΙ,
669 2989 735 3023 neq.
756 2989 817 3017 ord.

1242 1282 1243 1292 ¹
1272 1277 1341 1305 tere
1358 1275 1538 1305 curavistis
1552 1275 1583 1304 et
1598 1282 1715 1304 eorum
1728 1274 1840 1309 laudo,
1856 1275 2072 1306 ordinationi.
2088 1277 2289 1316 provisioni,

1273 1328 1414 1358 arbitrio
1441 1330 1472 1358 et
1493 1327 1661 1357 voluntati
1682 1335 1783 1366 super
1806 1327 1867 1357 hoc
1895 1336 1955 1357 vos
1977 1328 2127 1359 totaliter
2151 1331 2290 1361 summi·

1294 1381 1299 1387 .
1341 1381 1366 1396 a
1480 1380 1491 1395 ⁷,
1618 1389 1624 1395 ‚
1673 1380 1678 1385 .
1721 1380 1726 1385 .
1805 1380 1844 1396 ,.
2033 1382 2037 1385 .
2070 1390 2081 1396 ἣ
2151 1383 2174 1393 μ.

196 1408 295 1440 lelmo,
312 1407 388 1435 tituli
407 1416 429 1434 s.
450 1408 537 1434 Marci
551 1408 729 1443 presbyteris
745 1407 942 1435 cardinalibus
962 1416 1121 1442 causaeque
1136 1408 1211 1435 arbi·
1242 1395 1244 1444 ἒ
1273 1383 1368 1411 sistis
1388 1399 1438 1410 —'
1462 1380 1558 1411 unde
1586 1379 1728 1418 pledlctl
1756 1380 1956 1416 Cffldmales’
1982 1381 2176 1418 hu'mbmom
2202 1392 2289 1414 com*

1272 1434 1443 1473 promisso
1468 1434 1601 1472 recepto
1626 1434 1656 1463 et
1677 1432 1813 1463 obtenta
1835 1442 1853 1463 a
1872 1433 1969 1463 nobis
1996 1435 2073 1464 viva
2096 1444 2174 1465 voce
2201 1437 2290 1466 ordi-

1243 1500 1244 1503 *
1273 1487 1387 1518 nandi.
1399 1487 1611 1525 providendi,
1623 1488 1698 1521 eto,
1709 1487 1798 1516 inter
1811 1487 1876 1517 alia
1886 1489 1917 1517 te
1927 1487 1961 1516 in
1971 1487 2126 1518 abbatem
2138 1489 2290 1527 ejusdem

1244 1546 1245 1572 l
1272 1540 1472 1571 monasterii
1500 1540 1725 1579 prefecerunt,
1751 1540 2006 1579 precipientes¹
2033 1544 2063 1571 et
2090 1542 2290 1573 mandantes

1244 1609 1245 1619 1
1274 1594 1364 1633 quod
1382 1593 1492 1632 ipsius
1513 1593 1711 1623 monasterii
1731 1595 1762 1623 et
1787 1593 2017 1623 membrorum
2040 1594 2113 1633 eius
2135 1596 2290 1626 monac-hi

1273 1647 1335 1678 tibi
1351 1648 1526 1685 tamquam
1545 1655 1662 1676 eorum
1679 1645 1792 1676 abbati
1809 1646 1843 1676 in
1861 1646 2099 1684 spiritualibus
2115 1650 2146 1678 et
2161 1650 2290 1687 tempo-

1275 1700 1404 1730 ralibus
1423 1700 1592 1736 obediant,
1613 1699 1744 1738 prefato
1761 1699 1905 1729 Johanni
1927 1709 2029 1738 super
2049 1700 2183 1731 abbatia
2201 1701 2290 1740 ejus-

1244 1778 1245 1781 ,
1274 1754 1351 1784 dem
1379 1753 1580 1784 monasterii
1606 1753 1808 1791 perpetuum
1830 1753 2003 1783 silentium
2028 1754 2232 1793 imponendo
2251 1764 2288 1785 ac

1274 1807 1462 1837 ordinando
1480 1814 1540 1845 pro
1554 1806 1627 1845 ipso
1639 1805 1790 1836 Johanne
1804 1808 1903 1844 prout
1922 1806 1955 1836 in
1971 1806 2096 1836 litteris
2114 1807 2191 1838 inde
2210 1816 2288 1838 con-

1274 1860 1372 1890 fectis
1390 1863 1421 1890 et
1438 1860 1591 1898 ipsorum
1609 1859 1833 1889 cardinalium
1849 1859 1962 1898 sigillo
1979 1860 2134 1890 munitis.
2153 1861 2288 1899 plenius

1273 1914 1475 1944 continetur.
1494 1913 1565 1943 Nos
1584 1912 1698 1951 igitur,
1713 1912 1781 1941 tuis
1796 1912 2102 1951 supplicationibus
2121 1913 2287 1949 inclinati,

1273 1967 1363 2006 quod
1380 1975 1439 2005 per
1460 1965 1650 1996 cardinales
1667 1965 1760 2003 ipsos
1784 1974 1843 2004 pro
1862 1967 1893 1995 te
1912 1966 1946 1995 111
1967 1965 2026 1995 hac
2044 1970 2137 2004 parte
2162 1967 2287 1998 factum

1273 2022 1335 2056 est,
1356 2021 1467 2050 ratum
1487 2018 1650 2049 habentes
1669 2020 1699 2048 et
1716 2020 1860 2057 gratum,
1885 2019 1917 2048 id
1937 2019 2135 2050 auctoritate
2154 2023 2286 2059 aposto-

1272 2073 1337 2104 lica
1354 2073 1594 2103 confirmamus
1613 2074 1645 2102 et
1663 2072 1832 2110 presentis
1853 2073 1970 2110 scripti
1990 2073 2177 2111 patrocinio
2198 2082 2287 2104 00111·

1272 2127 1459 2162 munimus,
1484 2127 1635 2156 tenorem
1660 2125 1850 2155 litterarum
1878 2126 2029 2164 ipsarum
2055 2126 2094 2156 de
2119 2126 2221 2157 verbo
2245 2127 2284 2157 ad

1271 2179 1413 2210 verbum
1430 2178 1645 2218 presentibus
1664 2179 1768 2208 inseri
1790 2178 1962 2208 facientes.
1987 2179 2042 2217 qui
2064 2179 2143 2209 talis
2160 2182 2209 2209 est
2232 2191 2237 2209 ς

1313 2246 1327 2260 «
1348 2233 1386 2263 In
1405 2233 1539 2262 nomine
1564 2232 1700 2262 Domini
1730 2240 1837 2261 amen.
1857 2232 1939 2262 Orta
1957 2232 2082 2261 dudum
2103 2232 2190 2262 inter
2208 2232 2285 2263 reli-

1272 2287 1386 2325 giosos
1405 2286 1496 2315 viros
1516 2285 1654 2315 fratrem
1674 2284 1873 2320 Johaimem,
1892 2285 2061 2323 quondam
2080 2287 2225 2323 priorem
2245 2286 2285 2315 de

1272 2340 1520 2374 Monte-Aoum,
1549 2337 1785 2368 Laudunensis
1804 2337 1961 2372 diocesis,
1987 2338 2020 2367 in
2041 2337 2195 2368 abbatem
2217 2347 2284 2369 mo-

1272 2393 1412 2423 nasterii
1430 2392 1536 2422 sancti
1555 2391 1686 2421 Nicolai
1707 2391 1746 2420 de
1768 2391 1886 2426 Bosco‚
1910 2391 2039 2420 ordinis
2056 2391 2163 2421 sancti
2182 2392 2283 2422 Bene-

1272 2446 1364 2482 dicti,
1384 2446 1470 2475 dicte
1494 2444 1651 2480 diocesis,
1670 2446 1749 2474 tunc
1772 2446 1921 2473 vacantis
1943 2452 2001 2482 per
2019 2444 2283 2483 resignationem

1272 2499 1424 2538 religiosi
1449 2498 1514 2528 viri
1537 2497 1620 2533 Ade,
1642 2497 1810 2536 quondam
1829 2496 1961 2526 abbatis
1981 2497 2133 2535 ejusdem
2150 2506 2282 2527 monas-

1270 2552 1360 2587 terii,
1393 2561 1452 2590 per
1482 2550 1694 2581 venerabiles
1725 2550 1817 2580 viros
1847 2550 1898 2586 T.,
1932 2550 2101 2588 quondam
2129 2550 2284 2580 abbatem

1272 2606 1379 2636 sancti
1412 2604 1583 2635 Vincentii
1602 2603 1851 2636 Lauduneusis‚
1877 2606 1907 2633 et
1931 2603 1984 2639 G.‚
2010 2603 2283 2633 archidiaconum

1272 2660 1307 2689 in
1332 2658 1475 2689 ecclesia
1503 2657 1732 2693 Laudunensi‚
1763 2658 1960 2686 executores
1985 2665 2001 2685 a
2030 2656 2166 2686 domino
2197 2664 2284 2695 papa

1272 2712 1462 2751 deputatos,
1487 2710 1671 2749 apostolica
1691 2710 1888 2739 auctoritate
1906 2709 2105 2748 prefectum,
2124 2718 2165 2740 ex
2190 2711 2284 2748 parte

1273 2774 1351 2799 una,
1371 2766 1401 2795 et
1419 2764 1558 2794 fratrem
1576 2763 1792 2798 Henricu1u²‚
1805 2762 2004 2792 monachum
2026 2762 2134 2800 ipsius
2151 2770 2283 2792 monas-

1306 2859 1327 2881 1.
1346 2857 1384 2881 Le
1398 2856 1556 2880 manuscrit
1574 2857 1663 2886 porte.
1678 2861 1729 2885 par
1751 2861 1861 2881 errent,
1876 2854 2049 2886 preficientvs.

1305 2897 1328 2921 2.
1347 2896 1384 2920 Le
1404 2897 1493 2919 meme
1510 2901 1687 2926 pcrsonnagc
1703 2896 1745 2918 est
1762 2894 1860 2924 appele
1880 2894 1951 2925 Huqo
1968 2894 2039 2918 dans
2061 2894 2087 2917 la
2107 2894 2284 2925 suscription

1274 2937 1307 2961 dc
1327 2936 1354 2960 la
1373 2935 1450 2960 bullo·
1467 2938 1493 2959 ct
1512 2935 1623 2959 ensuite
1641 2935 1777 2958 Hem-icus.

2126 2988 2159 3015 57
