2547 3289
267 285 326 312 396

269 366 351 395 bilia
361 368 391 395 et
401 364 663 394 abhominabilia
675 364 942 397 committuntur,
957 372 1021 401 que
1033 363 1146 393 divine
1161 363 1276 393 oculos

271 418 457 455 majestatis
478 417 659 448 otl'endunt,
685 417 880 446 scandalum
906 416 939 445 in
963 416 1107 445 ecclesia
1134 424 1278 446 commo-
1308 449 1310 456 Ι

270 474 343 501 vent
364 473 393 500 ct
418 471 627 500 tremendum
648 470 875 499 ecclesiastice
899 477 1039 499 censure
1058 469 1206 507 vigorem
1227 469 1278 498 de-
1308 467 1310 499 l

270 524 403 553 bilitant
414 525 442 552 et
460 523 665 552 conculcant.
680 523 747 552 Nec
762 523 871 560 potest
886 522 959 561 ipsa
973 522 1126 557 ecclesia,
1138 521 1278 560 predicti

270 576 494 614 persecutoris
508 575 794 605 invalescentiluis
807 574 950 608 viribus,
962 577 1166 613 oportunum
1177 583 1280 613 super

270 629 334 658 biis
356 629 541 658 remedium
559 628 726 660 adhibere,
744 637 818 657 cum
838 636 944 666 nuper
962 628 1064 658 etiam
1083 628 1171 658 idem
1188 628 1279 658 Man-

271 681 382 711 l'redus
408 681 614 711 truculentas
633 690 753 711 manus
773 682 804 710 in
830 681 960 711 viscera
984 681 1057 719 ejus
1078 681 1277 716 immittens,

269 734 430 772 quosdam
444 734 680 764 Theutonicos.
696 742 754 764 sue
767 734 882 772 utique
896 733 1146 772 persecutionis
1162 733 1279 763 minis-

269 791 349 823 tros,
363 786 395 816 in
414 787 651 825 patrimonium
671 787 756 817 beati
772 787 862 817 Petri
882 787 913 816 in
932 787 1066 823 Tuscia,
1086 787 1118 816 in
1136 796 1201 825 quo
1218 795 1279 816 nos

269 850 342 869 cum
358 842 427 870 tota
444 842 557 870 nostra
577 841 669 870 curia
693 841 893 873 residemus,
915 841 1087 870 destinare
1104 848 1278 878 presump-

1341 897 1407 925 tam
1428 895 1472 933 pii
1493 897 1628 934 tamque
1648 895 1796 925 salubris
1815 895 1929 933 operis
1945 895 2108 925 memoria
2126 895 2270 926 celebris
2286 904 2355 925 1110-

269 894 361 926 scrit,
386 893 417 922 in
438 894 589 923 nostrum
609 895 639 923 et
666 893 774 932 ipsius
799 893 940 923 ecclesie
959 893 1191 932 obprobrium,
1210 895 1276 923 tur-

269 945 436 976 bationem
466 947 649 985 provincie,
680 955 886 984 suorumque
917 946 1068 976 fidelium
1099 955 1277 976 nocumen-

268 1001 350 1029 tum.
372 999 467 1029 Alias
486 999 586 1029 etiam
608 999 755 1029 militum
775 999 888 1038 copias
908 1000 940 1029 in
959 1000 1114 1030 ducatum
1132 999 1278 1038 Spoleta-

268 1061 347 1082 num
365 1053 514 1091 disponit
533 1053 678 1086 mittere,
699 1055 733 1083 ut
754 1061 815 1083 nos
838 1056 869 1083 ct
889 1053 1075 1091 predictam
1100 1053 1277 1083 ecclesiam

268 1106 301 1135 in
320 1106 463 1144 quadam
483 1106 730 1144 quodammodo
747 1115 872 1145 sagena
890 1106 1105 1141 concludens,
1128 1106 1176 1136 sic
1194 1109 1278 1137 artet

267 1159 415 1198 undique
440 1160 514 1189 vias
539 1161 571 1189 et
597 1159 703 1198 sepiat
734 1160 910 1195 transitus,
938 1161 974 1190 ut
998 1160 1114 1190 nullus
1147 1160 1189 1190 ad
1217 1168 1277 1190 nos

267 1213 380 1242 venire
407 1213 515 1242 valeat
538 1212 591 1243 vel
617 1221 678 1242 nos
702 1212 835 1252 aliquos
859 1214 954 1243 extra
979 1213 1106 1243 curiam
1127 1215 1276 1243 nostram

267 1266 435 1295 destinare
453 1265 637 1304 possimus.

306 1319 443 1354 Verum,
463 1319 540 1357 quia
558 1319 694 1349 celestis
717 1319 857 1349 altitudo
880 1320 1012 1349 consilii
1041 1319 1275 1350 liberationem

266 1372 413 1409 predicte
436 1372 577 1402 ecclesie
604 1371 666 1402 tibi
699 1374 821 1412 tueque
848 1372 1133 1403 christianissime
1161 1373 1275 1403 domui

266 1425 461 1459 reservavit,
483 1426 515 1455 et
536 1426 621 1455 velle
642 1426 774 1455 videtur
794 1428 827 1456 ut
844 1426 960 1464 jugum
986 1427 1098 1456 oneris
1125 1426 1275 1464 ejusdem

265 1478 406 1508 ecclesie
439 1480 469 1508 et
504 1480 673 1517 sceptrum
708 1479 874 1509 exactoris
904 1479 977 1517 ejus
1006 1488 1064 1518 per
1098 1479 1147 1509 tui
1182 1479 1275 1518 regni

264 1531 450 1569 potentiam
491 1533 709 1570 superentur,
747 1541 821 1562 ecce
856 1532 1017 1562 dilectum
1055 1532 1164 1562 filium
1201 1541 1274 1562 nos-

262 1585 353 1614 trum
384 1584 432 1617 S.,
467 1584 557 1614 tituli
592 1585 705 1614 sancte
742 1585 867 1615 Cecilie
905 1585 1132 1624 presbiterum
1170 1586 1275 1615 cardi-

264 1637 386 1671 nalem,
416 1637 456 1667 ad
485 1637 809 1668 christianissimum
834 1647 973 1677 regnum
998 1640 1106 1675 tuum,
1134 1648 1194 1677 pro
1223 1648 1277 1669 ne-

263 1691 353 1729 gotio
378 1690 458 1721 dicti
477 1691 570 1729 regni
590 1691 716 1725 Sicilie,
735 1699 752 1721 a
772 1700 836 1730 quo
854 1692 971 1730 utique
990 1700 1091 1731 regno
1117 1692 1276 1730 panditur

264 1753 360 1774 omne
398 1743 524 1774 malum
561 1744 670 1782 ipsius
705 1745 846 1775 ecclesie
881 1747 913 1775 et
943 1746 1113 1775 tantorum
1147 1746 1275 1784 pericu-

263 1796 373 1827 lorum
388 1805 489 1827 causa
508 1797 670 1835 procedit.
686 1801 717 1827 in
735 1807 913 1837 personam
933 1799 1110 1829 memorati
1129 1799 1274 1836 comitis,

263 1850 296 1880 in
307 1859 418 1889 quem,
428 1859 486 1880 sue
499 1851 688 1881 devotionis
700 1853 732 1881 et
742 1852 955 1882 strenuitatis
967 1852 1118 1890 pensatis
1129 1852 1274 1887 meritis,

263 1904 378 1934 oculos
395 1904 518 1934 mentis
533 1906 646 1934 nostre
664 1904 864 1940 direximus,
879 1908 1014 1936 auctore
1029 1906 1187 1939 Domino,
1202 1914 1275 1944 pro-

265 1956 439 1991 movendo,
454 1957 635 1986 conunisso
652 1957 680 1986 ei
702 1957 796 1995 plene
814 1957 992 1995 legationis
1011 1958 1135 1993 officio,
1154 1959 1194 1988 de
1212 1958 1276 1988 t‘ra-

263 2010 352 2038 trum
371 2011 562 2042 nostrorum
582 2009 724 2039 consilio
743 2010 965 2040 destinamus.
986 2011 1132 2049 Ideoque
1150 2011 1274 2041 sereni-

263 2063 365 2091 tatem
387 2062 478 2091 tuam
502 2062 682 2099 rogandam
708 2063 868 2092 duximus
895 2063 1057 2093 attentius
1085 2066 1113 2094 et
1139 2064 1273 2094 hortan-

263 2113 350 2148 dam,
373 2114 405 2143 in
431 2114 666 2144 remissionem
687 2114 746 2144 tibi
772 2116 1004 2153 peccaminum
1031 2116 1272 2147 nichilominus

263 2167 454 2201 suadentes,
490 2167 649 2205 quatinus
680 2168 867 2206 predictum
902 2169 1119 2205 cardinalem,
1147 2170 1187 2199 de
1216 2172 1272 2200 tua

264 2220 378 2258 utique
402 2219 635 2250 benevolentia
655 2221 841 2259 plurimum
864 2222 1097 2257 confidentem,
1119 2222 1160 2252 ob
1180 2232 1271 2254 reve-

263 2273 404 2303 rentiam
423 2273 605 2311 apostolice
622 2274 713 2304 sedis
729 2276 758 2303 et
775 2276 938 2311 nostram,
956 2275 1048 2314 regia
1063 2275 1271 2315 benignitate

262 2326 440 2365 recipiens,
465 2328 497 2357 et
526 2326 781 2357 honoriticentia
807 2328 972 2367 condigna
1000 2331 1210 2367 pertractans
1235 2339 1271 2360 ac

261 2379 387 2410 habens
411 2381 613 2418 propensius
633 2382 917 2417 commendatum,
936 2381 1001 2412 sibi
1020 2382 1054 2412 in
1076 2383 1270 2422 hujusmodi

261 2433 469 2471 promotione
486 2433 624 2472 negotii,
645 2434 754 2472 quoad
775 2434 834 2464 illa
853 2435 1063 2473 expedienda
1080 2444 1144 2474 que
1161 2436 1270 2475 ipsius

261 2486 385 2524 negotii
397 2488 515 2516 natura
525 2487 677 2525 requirit,
689 2496 763 2517 cum
781 2488 871 2518 omni
889 2488 1065 2527 diligentia
1074 2490 1105 2519 et
1115 2492 1270 2528 prompta

261 2538 467 2569 exhibitione
491 2539 624 2569 consilii
647 2543 678 2570 et
703 2540 829 2571 favoris
847 2543 1007 2577 assistas,
1026 2543 1059 2572 et
1078 2543 1157 2580 quia
1178 2543 1270 2573 novi<

260 2600 336 2622 nius
351 2593 438 2630 qnod
457 2593 650 2630 piissimum
670 2595 701 2623 et
721 2593 1004 2633 benignissimum
1020 2596 1137 2633 pectus
1161 2598 1266 2633 tuum,

260 2645 491 2675 misericordie
517 2646 691 2676 affluentia
715 2649 747 2677 et
772 2647 885 2677 divine
911 2648 1016 2686 gratie
1043 2648 1195 2679 ubertate
1221 2658 1269 2680 re·
1299 2682 1300 2691 ἵ

261 2698 400 2735 pletum,
418 2699 564 2736 predicte
583 2699 723 2730 ecclesie
741 2709 842 2739 super
856 2703 902 2731 tot
917 2701 988 2740 ejus
1003 2701 1265 2739 calamitatibus,

259 2750 536 2781 tribulationilnis
565 2754 595 2782 et
626 2754 809 2791 pressuris,
837 2762 878 2784 ex
906 2754 1013 2785 multa
1045 2754 1267 2791 humanitate,

260 2804 473 2842 compatitur,
503 2814 574 2840 nos,
600 2807 871 2837 mansuetudinis
896 2809 951 2837 tue
973 2807 1187 2838 clementiam
1216 2818 1267 2840 co-

260 2857 366 2895 piosis
384 2858 504 2887 exinde
529 2858 665 2888 laudum
685 2859 794 2890 titulis
821 2861 1009 2897 efferentes,
1028 2870 1065 2891 ac
1082 2861 1266 2892 referentes

261 2910 484 2948 magnitudini
507 2913 562 2941 tue
581 2912 766 2949 gratiarum
785 2913 992 2952 multiplices
1009 2915 1170 2950 actiones,
1191 2924 1266 2954 sup-

259 2963 423 3000 plicamus
445 2964 634 2996 Altissimo.
663 2966 718 3004 qui
746 2966 801 2996 dat
831 2967 974 2997 salutem
1007 2967 1154 3006 regibus,
1181 2971 1215 2999 ut
1232 2971 1265 2999 te

1026 279 1270 310 REGlsTREs
1295 279 1507 310 D'L'RBAIN
1532 280 1587 310 IV.

1341 363 1437 394 nobis
1453 367 1484 394 et
1500 364 1649 403 predicte
1665 364 1807 394 ecclesie
1821 365 1954 394 salvum
1972 368 2070 403 atque
2085 365 2277 396 incolumen
2292 374 2351 404 per

1340 419 1492 456 tempora
1513 417 1667 456 longiora
1693 420 1880 451 conservet,
1905 426 1942 447 ac
1959 418 2032 447 dies
2053 426 2154 457 super
2171 418 2244 449 dies
2262 420 2351 458 regis

1341 470 1515 507 adjiciens,
1530 471 1631 500 vitam
1651 472 1742 500 tuam
1762 471 1893 501 florenti
1917 479 2018 509 regno
2037 471 2213 509 protendat
2228 472 2351 511 detque

1341 523 1402 553 tibi
1432 523 1616 562 tranquilla
1649 525 1802 561 tempora
1829 525 1861 554 et
1889 524 1929 553 ad
1960 524 2094 553 laudem
2122 524 2175 553 sui
2203 525 2352 554 nominis

1341 577 1486 615 copiosa.
1507 577 1702 612 Quesumus
1720 585 1810 615 ergo,
1825 576 2110 607 christianissime
2130 577 2299 616 princeps,
2317 580 2353 608 ut

1341 629 1534 667 hujusmodi
1555 631 1611 659 tue
1632 630 1878 668 compassionis
1898 630 2065 665 affectum,
2088 630 2120 660 in
2139 631 2352 668 promotione

1342 682 1462 721 prefati
1485 683 1623 721 negotii,
1643 691 1701 721 per
1725 691 1825 721 quam
1845 691 2022 721 speramus
2042 683 2226 721 predictam
2251 683 2353 713 eccle-

1310 755 1311 764 ,
1341 737 1426 766 siam
1440 736 1480 765 ab
1495 736 1643 765 inimicis
1659 736 1732 774 ejus
1745 736 1802 774 qui
1820 736 1852 765 in
1865 736 2008 766 circuitu
2021 736 2094 774 ejus
2109 738 2199 769 sunt,
2220 736 2352 766 favente

1342 790 1497 823 Domino,
1516 789 1667 823 libcrari,
1696 790 1849 827 potenter
1877 791 1907 819 et
1935 789 2079 819 libenter
2112 790 2282 825 ostendas,
2307 790 2353 819 ita

1340 843 1553 882 quodetiam
1564 844 1639 880 post
1653 843 1701 872 tui
1715 842 1977 872 dissolutionem
1991 843 2156 881 corporis,
2168 851 2351 881 numquam

1340 949 1458 983 riatur,
1476 949 1535 979 sed
1564 949 1766 979 extendatur
1795 949 1836 979 ob
1855 948 1915 978 hoc
1942 949 1992 978 tui
2020 948 2127 986 gloria
2150 949 2298 979 nominis
2319 949 2353 979 in

1339 1002 1614 1041 generationibus
1629 1002 1832 1032 seculorum.
1845 1003 1894 1032 Ne
1910 1010 2000 1037 vero,
2014 1004 2169 1040 pretextu
2184 1002 2353 1033 discordie

1339 1065 1403 1094 que
1423 1055 1509 1085 inter
1533 1055 1746 1085 carissimam
1766 1056 1798 1085 in
1818 1055 1953 1085 Christo
1974 1055 2078 1085 filiani
2098 1058 2248 1086 nostram
2265 1056 2352 1086 Mar-

1338 1109 1493 1148 garitam,
1506 1109 1711 1139 Francorum
1727 1109 1876 1147 reginam
1892 1108 2076 1144 illustrem,
2091 1117 2231 1139 uxorem
2246 1111 2351 1145 tuam,

1339 1163 1371 1192 et
1397 1162 1586 1200 predictum
1613 1161 1772 1191 comitem
1793 1163 1864 1191 orta
1889 1161 2024 1197 dicitur,
2054 1163 2184 1191 tantum
2211 1161 2353 1192 ecclesie

1338 1215 1462 1245 bonum
1481 1215 1640 1253 impediri
1657 1215 1768 1244 valeat
1779 1215 1830 1244 vel
1849 1214 1989 1248 differri,
2006 1217 2053 1250 tu,
2071 1223 2171 1253 quem
2190 1217 2353 1254 tanquam

1338 1269 1431 1307 pacis
1456 1268 1623 1307 angelum,
1646 1268 1679 1297 in
1698 1276 1800 1306 regno
1818 1269 1876 1297 tuo
1896 1268 2108 1306 providentia
2125 1268 2241 1298 divina
2259 1277 2354 1299 cons-

1307 1319 1309 1328 ’
1337 1322 1440 1355 tituit,
1460 1323 1489 1351 et
1512 1321 1569 1360 qui
1591 1330 1632 1350 ex
1651 1321 1781 1351 indulto
1801 1320 1863 1351 tibi
1887 1320 2017 1360 pacifici
2037 1321 2126 1360 regis
2145 1321 2243 1354 dono,
2262 1322 2351 1352 nosti

1337 1375 1583 1405 discordiarum
1596 1374 1767 1404 eradicare
1782 1374 1932 1404 zizanias
1945 1376 1975 1404 et
1990 1382 2103 1404 serere
2117 1383 2231 1405 semen
2244 1375 2351 1414 pacis,

1337 1428 1385 1458 sic
1420 1427 1614 1467 hujusmodi
1649 1427 1855 1457 discordiam
1897 1427 2069 1457 amicabili
2107 1428 2352 1466 compositione

1338 1475 1452 1520 sepias
1471 1483 1503 1511 et
1524 1481 1672 1514 decidas,
1701 1481 1926 1519 impendendo
1951 1481 1992 1511 ad
2013 1480 2073 1511 hoc
2093 1490 2227 1511 omnem
2253 1490 2352 1520 opem

1338 1536 1368 1564 et
1386 1543 1521 1573 operam
1546 1534 1728 1568 efficacem,
1749 1535 1785 1564 ut
1808 1533 1989 1573 cujuslibet
2011 1534 2098 1564 inter
2120 1543 2178 1564 eos
2200 1534 2350 1565 scandali

1337 1596 1438 1618 causa
1462 1589 1626 1623 cessante,
1655 1587 1762 1617 dictus
1788 1596 1900 1617 comes
1923 1589 2150 1618 memoratum
2178 1588 2351 1627 negotium

1338 1641 1490 1671 securius
1510 1640 1645 1680 aggredi
1672 1640 1781 1670 valeat
1802 1642 1834 1670 et
1858 1640 2001 1671 liberius
2027 1649 2063 1670 ac
2087 1640 2260 1670 efficacius
2277 1648 2353 1679 pro-

1338 1702 1484 1729 movere,
1504 1693 1635 1732 tibique
1659 1703 1677 1723 a
1694 1694 1766 1724 Deo
1798 1693 1920 1723 exinde
1951 1693 2120 1732 premium
2152 1695 2183 1724 et
2211 1703 2229 1724 a
2253 1693 2351 1724 nobis

1337 1747 1508 1778 cumulata
1537 1747 1713 1785 proveniat
1745 1747 1832 1777 actio
1867 1747 2065 1786 gratiarum.
2104 1746 2229 1777 Datum
2262 1747 2351 1786 apud

1338 1801 1625 1834 Urbemveterem,
1644 1810 1661 1828 v
1678 1808 1784 1830 nonas
1803 1800 1895 1833 maii,
1916 1808 2003 1829 anno
2023 1800 2134 1830 tertio.
2155 1812 2170 1827 υ

1945 1988 2069 2019 Orrieto,
2087 1990 2103 2015 3
2122 1987 2179 2014 mai
2199 1988 2275 2015 1204.

1425 1991 1498 2021 810

1370 2073 1508 2099 Eumdem
1526 2080 1624 2106 regem
1642 2074 1721 2105 rogat
1739 2072 1831 2105 sopiat
1849 2072 2023 2098 discordiam
2040 2071 2114 2098 inter
2130 2072 2276 2098 Carolum-
2295 2073 2350 2098 An-

1332 2122 1468 2156 degaviae
1481 2125 1508 2148 et
1522 2121 1688 2148 Provinciae
1703 2121 1852 2147 comitem.
1865 2123 1893 2147 et
1905 2121 2103 2153 Margaritam,
2117 2120 2248 2153 reginam
2263 2121 2348 2147 Fran·

1332 2170 1402 2201 ciae‚
1415 2172 1555 2197 exortam.
1573 2170 1652 2204 tltrzc.
1673 2170 1717 2196 28.
1736 2169 1783 2195 t'ol.
1806 2170 1864 2202 108,
1880 2178 1938 2196 cur.
1957 2178 2024 2196 ann.
2044 2169 2088 2196 111.
2102 2175 2133 2196 u⁰
2147 2170 2204 2199 90.)

1373 2289 1388 2304 «
1407 2277 1518 2306 Eidem
1537 2277 1613 2315 reqi.
1631 2277 1714 2307 Cum
1733 2285 1791 2315 per
1813 2276 1899 2306 alias
1918 2278 2052 2306 nostras
2070 2276 2201 2306 litteras
2218 2276 2346 2314 magni·

1332 2331 1484 2361 tudinem
1512 2332 1605 2360 tuam
1635 2330 1816 2359 affectuose
1845 2338 2014 2368 rogemus.
2042 2330 2077 2358 ut
2104 2337 2156 2362 ne,
2190 2331 2346 2367 pretextu

1301 2401 1304 2408 »
1331 2383 1511 2417 discordie,
1528 2391 1592 2422 que
1608 2383 1694 2413 inter
1713 2382 1926 2412 carissimam
1945 2382 1979 2411 in
1996 2381 2131 2412 Christo
2149 2381 2253 2412 filiam
2273 2390 2348 2412 nos-

1331 2439 1417 2467 tram
1432 2437 1662 2475 Margaritam,
1677 2436 1847 2466 illustrem
1863 2436 2014 2475 reginam
2034 2436 2252 2471 Francorum,
2265 2443 2348 2465 uxo·

1332 2499 1414 2524 rem,
1431 2492 1463 2520 et
1481 2490 1641 2520 dilectum
1661 2490 1769 2519 filiurn
1788 2488 1936 2520 nobilem
1952 2491 2074 2523 virum,
2086 2488 2256 2525 Cal-olum,
2278 2490 2343 2519 An-

1331 2544 1468 2583 degavie
1482 2543 1710 2574 acProvincie
1725 2542 1894 2576 comitem,
1908 2550 2107 2581 germanum
2123 2544 2211 2578 tuos,
2228 2543 2347 2572 exorta

1331 2606 1406 2627 esse
1424 2597 1559 2633 dicitur,
1580 2596 1748 2635 promotio
1766 2596 1891 2635 negotii
1914 2595 2007 2634 regni
2023 2595 2139 2625 Sicilie
2160 2595 2344 2634 quomodo-

1331 2651 1413 2680 libet
1431 2650 1588 2689 impediri
1618 2649 1801 2688 contingat,
1826 2648 2021 2687 hujusmodi
2039 2648 2246 2678 discordiam
2262 2648 2343 2678 ami-

1330 2703 1429 2734 cabili
1444 2703 1689 2742 compositione
1702 2702 1828 2741 sepias,
1844 2701 2070 2740 impendendo
2082 2701 2194 2731 adhoc
2207 2709 2342 2731 omnem

1329 2765 1427 2796 opem
1442 2758 1473 2787 et
1492 2764 1628 2795 operam
1648 2755 1830 2790 efficacem,
1848 2763 1920 2788 nos,
1939 2755 1998 2793 qui
2016 2754 2156 2784 eandem
2171 2753 2253 2784 dicti
2271 2762 2344 2792 pro-

1329 2810 1511 2840 motionem
1529 2808 1668 2848 negotfi,
1692 2816 1751 2846 per
1768 2816 1868 2846 quam
1892 2808 2043 2838 Romana
2069 2806 2210 2837 ecclesia
2227 2805 2268 2836 ab
2282 2806 2342 2836 im-

1328 2862 1538 2894 minentibus
1559 2862 1707 2900 undique
1732 2860 1797 2891 sibi
1818 2860 1980 2899 periculis
2002 2868 2192 2898 speramuS,
2208 2859 2342 2891 favente

1329 2916 1486 2951 Domino,
1496 2915 1647 2950 liberari,
1660 2914 1790 2945 cunctis
1799 2913 1980 2943 desideriis
1995 2913 2204 2946 affectamus,
2215 2913 2341 2943 sereni-

1327 2971 1428 2999 tatem
1455 2971 1548 2999 tuam
1576 2969 1697 2998 iterato
1725 2966 1907 3006 rogandam
1931 2966 2093 2996 duximus
2121 2966 2284 2996 attentius
2309 2967 2342 2996 et
