2547 3289
238 181 296 210 ⁶228

238 264 327 294 modi
358 263 523 292 sententia
555 262 743 293 innovetur,
773 262 804 290 et
835 259 960 290 talibus
987 260 1153 297 gremium
1181 267 1246 289 non

239 316 412 355 aperiatur
437 314 588 349 ecclesie,
615 314 679 343 nisi
705 315 811 343 totum
837 312 926 351 quod
951 312 1152 343 commercio
1178 313 1246 342 tam

237 369 394 398 damnato
421 367 639 405 perceperint,
664 367 693 395 et
717 366 927 395 tantumdem
951 365 990 395 de
1017 373 1089 399 suo,
1114 365 1146 395 in
1171 364 1246 394 sub-

237 421 362 451 sidium
397 420 543 458 predicte
574 419 687 452 Terre,
715 418 978 450 transmiserint.
1012 420 1047 448 ut
1080 426 1166 457 equo
1195 418 1246 457 ju-

237 473 379 502 dicioni
413 481 477 510 quo
512 471 726 510 deliquerint,
748 471 944 510 puniantur.
977 471 1072 506 Quod
1104 471 1133 500 si
1161 470 1246 500 forte

235 526 395 556 solvendo
416 534 479 554 non
498 524 634 558 fuerint,
659 524 706 554 sic
726 524 810 553 alias
833 525 945 554 reatus
966 524 1085 554 talium
1105 523 1246 563 castige—

235 580 301 612 turv
322 578 408 616 quod
428 578 460 607 in
477 586 562 616 pena
588 578 738 616 ipsorum
763 577 841 607 aliis
868 577 1088 607 interdicatur
1106 576 1246 606 audacia

236 631 363 660 similia
395 631 620 669 presumendi.
654 630 877 661 Prohibemus
917 630 1056 669 insuper
1087 629 1245 660 omnibus

236 684 438 713 Christianis
456 686 487 713 et
506 683 568 713 sub
583 683 795 713 anathemate
815 683 1050 713 interdicimus
1066 692 1106 713 ne
1124 683 1157 712 in
1181 685 1245 713 ter-

235 746 290 766 ras
315 738 586 772 sarracenorum,
606 737 662 775 qui
682 738 795 775 partes
820 736 1011 767 Orientales
1043 735 1243 771 inhabitant,

234 798 342 828 usque
361 789 401 819 ad
421 789 692 828 quadriennium,
711 789 942 819 transmittant
957 791 1013 819 aut
1027 789 1245 819 transvehant

235 851 337 872 naves
354 851 444 878 suas,
462 844 497 872 ut
515 851 574 881 per
593 842 652 871 hoc
670 841 862 872 volentibus
877 842 1098 872 transfretare
1117 842 1151 872 in
1169 842 1245 872 sub-

234 896 359 925 sidium
374 896 476 925 Terre
487 895 617 926 Sancte,
633 895 738 933 major
752 895 877 934 navigii
892 896 988 934 copia
1000 897 1200 934 preparetur
1213 897 1245 925 et

232 949 428 979 Sarracenis
454 947 615 986 predictis
641 947 859 978 subtrahatur
878 948 1056 984 auxilium,
1079 948 1167 988 quod
1195 949 1245 978 eis

233 1001 407 1031 consuevit
421 1010 460 1031 ex
478 1001 537 1031 1100
554 1010 619 1031 11011
635 1001 804 1031 modicum
816 1001 1008 1040 provenire.
1023 1002 1094 1032 Nos
1112 1010 1189 1041 ergo
1205 1002 1244 1032 de

234 1055 477 1093 omnipotentis
504 1054 566 1085 Dei
595 1055 827 1085 misericordia
853 1057 884 1085 et
908 1054 1083 1085 beatorum
1102 1055 1193 1085 Petri
1213 1056 1244 1085 et

233 1108 330 1138 Pauli
349 1108 546 1138 auctoritate
567 1107 696 1141 confisi,
715 1109 746 1137 et
766 1117 806 1137 ex
827 1108 899 1145 illa,
919 1116 1020 1147 quam
1040 1107 1149 1144 nobis,
1167 1108 1243 1138 licet

231 1163 393 1201 indignis,
413 1163 503 1192 Deus
528 1163 654 1201 ligandi
673 1164 773 1201 atquc
797 1163 949 1192 solvendi
969 1163 1111 1193 contulit
1136 1165 1243 1201 potes—

231 1217 312 1251 tate,
329 1215 484 1245 omnibus
501 1216 558 1254 qui
581 1215 728 1245 laborem
746 1216 847 1245 istum
866 1215 900 1245 111
919 1216 1074 1254 personis
1096 1216 1243 1254 propriis

232 1268 397 1298 subierint
422 1271 453 1298 01
481 1269 652 1307 expensis,
670 1269 803 1307 plenam
830 1278 968 1298 suorum
997 1269 1241 1307 peccaminum,

231 1322 270 1351 de
291 1321 413 1360 quibus
434 1322 597 1351 veraciter
617 1321 741 1351 suerint
758 1321 856 1351 corde
875 1321 1011 1351 contriti
1031 1324 1059 1351 et
1083 1321 1242 1355 confessi,

231 1374 364 1404 veniam
382 1374 596 1413 indulgemus
611 1376 654 1411 et,
673 1375 707 1403 in
722 1374 943 1405 retributione
955 1375 1139 1413 justorum,
1155 1375 1242 1404 salu-

232 1428 277 1457 tis
306 1429 418 1457 eterne
452 1427 651 1465 pollicemur
687 1428 917 1466 augmentum.
946 1428 1004 1458 Eis
1042 1430 1153 1457 autem
1185 1428 1243 1466 (1111

232 1489 297 1510 11011
317 1481 349 1510 111
367 1481 522 1518 personis
544 1480 691 1519 propriis
711 1480 791 1511 illuc
811 1480 1025 1517 accesserint,
1044 1480 1103 1510 sed
1118 1481 1151 1510 in
1171 1481 1243 1511 suis

231 1534 405 1564 dumtaxat
435 1534 606 1572 expensis,
621 1533 719 1572 juxta
755 1533 946 1564 facultatem
979 1536 1009 1564 01
1042 1534 1242 1572 qualitatem

231 1595 340 1623 suam,
359 1587 450 1616 viros
476 1586 626 1626 ydoneos
651 1587 908 1621 destinaverint,
930 1589 959 1617 et
986 1586 1054 1616 illis
1084 1587 1243 1617 similiter

233 1641 303 1679 qui,
323 1640 399 1670 licet
428 1640 462 1670 in
486 1640 607 1670 alienis
626 1640 800 1679 expensis,
818 1641 850 1670 in
869 1640 1018 1679 propriis
1037 1642 1150 1671 tamen
1171 1649 1243 1679 per-

230 1694 325 1723 sonis
339 1694 553 1730 accesserint,
574 1694 708 1732 plenam
724 1694 939 1724 concedimus
957 1703 1095 1724 suorum
1109 1695 1242 1725 veniam

229 1747 455 1786 peccatorum.
483 1747 594 1785 Hujus
616 1756 749 1786 quoquc
777 1747 990 1777 remissionis
1022 1748 1178 1778 volumus
1211 1750 1242 1778 et

230 1800 446 1830 concedimus
464 1809 539 1830 esse
555 1801 750 1839 participcS,
767 1801 865 1840 juxta
882 1800 1080 1839 qualitatem
1097 1801 1241 1832 subsidii

231 1856 263 1884 et
284 1853 474 1883 devotionis
500 1853 667 1886 affectum,
694 1854 887 1892 omnesqui
916 1854 953 1883 ad
984 1854 1241 1885 subventionem

229 1906 340 1945 ipsius
355 1907 470 1943 Terre,
485 1906 524 1936 de
541 1906 639 1936 bonis
660 1907 731 1936 suis
752 1915 897 1946 congrue
912 1907 1165 1944 ministrabunt,
1186 1910 1243 1938 aut

231 1960 319 1990 circa
353 1959 503 1998 predicta
536 1959 717 1989 consilium
750 1961 782 1990 ct
811 1960 977 1990 auxilium
1017 1961 1242 1999 impenderint

231 2015 445 2051 oportunum.
471 2012 637 2042 Omnibus
655 2013 757 2042 etiam
776 2013 829 2051 pie
856 2013 1112 2051 proficientibus
1132 2014 1164 2044 111
1181 2014 1242 2044 1100

231 2074 342 2104 opere,
373 2066 486 2095 sancta
520 2066 551 2095 ct
581 2065 785 2095 universalis
814 2066 965 2105 synodus
993 2067 1181 2096 orationum
1211 2068 1241 2097 01

229 2117 469 2148 beneficiorum
501 2126 639 2148 suorum
667 2118 864 2157 suffragium
899 2119 1102 2158 impertitur,
1130 2122 1165 2150 ut
1193 2120 1242 2150 eis

229 2171 329 2210 digne
358 2171 509 2210 proficiat
544 2171 584 2201 ad
613 2171 770 2202 salutem.
802 2172 925 2202 Datum
958 2172 1126 2209 Laterani,
1161 2183 1239 2203 xviii

229 2224 394 2255 kalendas
423 2224 583 2263 januarii,
617 2225 832 2263 pontificatus
866 2226 973 2255 nostri
1007 2234 1093 2256 anno
1125 2228 1241 2257 octavo

231 2277 372 2308 decimo.
393 2290 407 2304 »

270 2330 395 2361 Datum
425 2331 513 2370 apud
548 2331 841 2367 Urbemveterem,
872 2340 892 2361 x
914 2331 1077 2362 kalendas
1107 2341 1240 2363 novem-

228 2383 313 2421 bris,
334 2393 420 2414 anno
440 2384 513 2415 111⁰.
531 2397 546 2412 »

269 2492 306 2522 In
324 2501 352 2522 e.
373 2501 416 2522 m.
441 2492 605 2531 scriptum
624 2493 673 2521 est
700 2491 840 2530 prefatis
858 2492 1134 2531 archiepiscopis,
1154 2493 1242 2532 epis-

229 2546 323 2585 copis
341 2547 372 2576 et
399 2545 489 2582 aliis,
515 2546 549 2576 in
568 2545 712 2584 singulis
736 2545 850 2585 regnis
871 2547 903 2577 et
927 2546 1114 2586 provinciis
1136 2546 1240 2578 chris—

229 2598 342 2630 tianis.
364 2611 377 2626 »

320 2771 392 2803 468
776 2771 900 2803 Orvicto,
917 2772 934 2799 3
954 2772 1070 2799 octobre
1089 2772 1165 2800 1263.

265 2854 302 2881 De
323 2853 535 2889 praedicatione
561 2854 658 2881 Crucis
686 2854 828 2890 certisque
855 2855 986 2890 pecuniis
1018 2856 1045 2883 in
1074 2856 1237 2885 subventio-

995 175 1240 206 lilirjilSTRES
1263 174 1475 205 D'URBAIN
1499 174 1556 204 lv.

1308 266 1375 284 nem
1397 257 1499 284 Terrae
1528 258 1647 284 Sanctae
1669 257 1851 291 colligendis.
1873 258 1952 286 (nec.
1971 258 2016 290 28,
2038 258 2087 287 sol.
2112 260 2156 291 22,
2177 268 2245 286 ann.
2269 261 2316 291 111,

1307 310 1339 332 n⁰
1354 307 1411 340 71.)

1347 421 1361 439 «
1394 410 1535 447 Walter-0,
1563 410 1765 450 Wiqorniensi
1788 411 1938 450 episeopo.
1970 412 2061 442 Inter
2082 413 2318 450 occupationes

1306 464 1515 502 multiplices
1540 466 1572 494 et
1592 465 1789 500 immensae,
1809 463 1932 502 quibus
1956 464 2092 494 assidue
2114 465 2269 504 angimur
2286 467 2318 496 et

1306 517 1529 547 distrahimur
1547 525 1650 555 supra
1669 517 1769 551 vires,
1786 517 1826 547 de
1840 516 1994 547 subsidio
2010 517 2113 547 Terre
2131 517 2252 548 Sancte
2264 527 2317 548 ve-

1306 569 1480 600 hementer
1506 570 1704 609 cogitantes,
1737 569 1777 599 ad
1795 569 1856 600 hoc
1880 571 2007 600 attenta
2034 570 2264 600 sollicitudine
2286 572 2319 601 et

1307 623 1490 653 attentione
1515 623 1663 653 sollicita
1691 623 1875 653 instantius
1906 623 2088 662 vigilamus
2114 625 2150 653 ut
2167 623 2317 662 ejusdem

1306 677 1394 705 terre
1407 675 1581 705 succursui
1593 676 1759 714 oportuno
1771 675 1987 714 provideatur
1998 676 2145 706 remedio
2160 678 2191 706 et
2201 676 2321 706 Crucis

1307 738 1343 758 ac
1361 729 1520 758 Crucilixi
1542 729 1721 767 negotium,
1743 731 1878 759 auctore
1898 729 2055 762 Domino,
2076 729 2220 759 feliciter
2239 729 2320 759 diri·

1306 783 1413 821 gatur.
1433 783 1531 812 Nam.
1557 782 1633 811 licet
1657 782 1810 812 nonnulli
1832 782 2091 820 predecessores
2111 782 2231 815 nostri,
2253 782 2322 812 Ro·

1307 835 1396 864 mani
1422 835 1611 874 pontifices,
1639 835 1777 873 grandis
1796 835 1836 864 ad
1856 835 1916 865 hoc
1931 835 2106 874 diligentie
2125 835 2237 865 studio
2255 836 2319 866 t'er—

1306 890 1422 918 venter
1446 889 1644 924 institerint,
1664 897 1725 918 nos
1748 892 1872 922 tamen.
1892 889 1949 927 qui
1972 891 2097 918 statum
2117 889 2212 918 illius
2229 891 2320 919 terre

1306 941 1558 979 presentialiter
1603 942 1760 971 novimus
1806 942 1932 980 quique
1971 941 2080 980 ipsius
2119 942 2320 971 discrimina

1274 988 1277 1011 ²
1306 995 1515 1033 experientia
1531 994 1746 1033 palpavimus
1764 994 1924 1030 manuali,
1942 1003 1980 1024 οο
1996 995 2213 1024 affectuosius
2228 995 2319 1033 cupi-

1306 1056 1382 1077 mus
1402 1048 1510 1078 eidem
1529 1050 1616 1077 terre
1635 1047 1735 1077 celeri
1760 1049 1790 1077 et
1815 1047 1942 1077 efficaci
1962 1047 2115 1077 subsidio
2133 1047 2318 1082 subveniri,

1274 1109 1276 1116 ’
1306 1110 1371 1140 (1110
1389 1103 1477 1131 terra
1491 1101 1606 1131 eadem
1622 1101 1653 1130 111
1673 1101 1817 1139 graviori
1834 1103 1896 1136 est,
1914 1100 1973 1129 1100
1991 1103 2153 1139 tempore.
2174 1101 2320 1131 necessi—

1305 1154 1385 1184 tatis
1403 1154 1545 1184 articulo
1572 1154 1765 1184 constituta.
1787 1154 1869 1183 Cum
1895 1154 1999 1192 igitur
2019 1162 2079 1183 nos
2096 1154 2318 1184 centesimam

1306 1208 1456 1237 omnium
1489 1207 1797 1237 ecclesiasticorum
1818 1209 2043 1245 proventuum
2064 1208 2157 1246 regni
2183 1207 2316 1246 Anglie.

1305 1269 1412 1299 usque
1434 1260 1473 1289 ad
1491 1260 1773 1298 quinquennium,
1785 1260 1894 1289 eidem
1913 1262 2012 1295 terre,
2029 1260 2069 1290 de
2083 1260 2225 1290 fratrum
2238 1269 2317 1290 nos—

1305 1315 1432 1343 trorum
1450 1313 1604 1347 consilio,
1619 1313 1820 1343 duxerimus
1833 1313 2092 1346 concedendam,
2110 1313 2314 1344 fraternitati

1305 1368 1360 1396 tue
1388 1366 1589 1396 mandamus
1613 1366 1784 1404 quatinus,
1805 1366 2000 1404 hujusmodi
2027 1367 2246 1397 centesimam
2263 1375 2320 1397 an·

1306 1420 1447 1455 111111ῐί111,
1464 1428 1570 1458 usque
1586 1419 1626 1449 ad
1644 1419 1832 1458 predictum
1847 1419 2129 1458 quinquennium,
2140 1428 2200 1458 per
2217 1422 2250 1450 te
2265 1420 2320 1451 vel

1304 1481 1363 1511 per
1383 1473 1487 1502 alium
1506 1481 1565 1502 scu
1580 1472 1666 1502 alios
1683 1472 1811 1511 integre
1829 1472 2004 1511 colligens,
2023 1473 2184 1512 quicquid
2202 1473 2319 1504 collec-

1303 1527 1376 1556 tum
1393 1525 1505 1561 fuerit,
1526 1525 1656 1555 nuntiis
1674 1526 1822 1564 ejusdem
1841 1527 1930 1555 terre
1950 1525 2003 1555 vel
2027 1534 2143 1556 eorum
2160 1535 2319 1565 procura·

1303 1579 1436 1609 toribus
1460 1588 1518 1608 seu
1546 1579 1687 1609 alterius
1715 1578 1922 1610 eorumdem.
1943 1578 2070 1618 absque
2090 1579 2316 1610 diminutione

1304 1632 1467 1671 qualibet,
1489 1632 1663 1671 assignare
1691 1640 1862 1671 procureS,
1884 1640 1943 1670 per
1968 1641 2025 1662 eos
2052 1633 2087 1662 in
2113 1633 2201 1663 dicte
2226 1634 2317 1664 terre

1273 1707 1275 1709 .
1304 1685 1495 1716 subsidium
1525 1685 1800 1716 convertendum.
1835 1685 2109 1716 Contradictores
2133 1688 2246 1717 autem
2265 1705 2315 1716 —.

1302 1739 1376 1769 Non
1402 1738 1555 1769 obstante
1576 1739 1604 1768 si
1630 1757 1672 1768 —.
1693 1738 1820 1769 Omnes
1845 1740 1956 1769 autem
1978 1739 2018 1768 de
2044 1748 2146 1778 regno
2166 1739 2320 1778 predicto

1305 1792 1445 1822 clericos
1472 1793 1504 1822 et
1523 1791 1639 1827 laicos,
1667 1791 1910 1830 cujuscumque
1939 1791 2160 1827 condicionis,
2187 1792 2319 1823 ordinis

1304 1847 1334 1876 et
1344 1845 1518 1884 dignitatis
1529 1845 1689 1880 existant,
1704 1844 1761 1883 qui
1775 1844 1868 1880 olim,
1881 1853 1940 1883 pro
1951 1844 2038 1875 dicte
2047 1847 2136 1875 terre
2149 1845 2315 1881 subsidio,

1303 1898 1422 1928 Crucis
1443 1898 1654 1937 signaculum
1673 1899 1930 1936 assumpserunt
1946 1900 1976 1927 et
1997 1899 2090 1928 motu
2107 1898 2245 1937 proprio
2263 1898 2318 1930 de-

1303 1953 1488 1990 posuerunt
1507 1952 1732 1989 assumptum,
1753 1952 1830 1980 voto
1847 1950 2041 1988 hujusmodi
2060 1951 2200 1982 minime
2214 1951 2320 1982 adim—

1303 2004 1405 2042 pleto,
1426 2006 1461 2034 ut
1489 2004 1572 2033 illud
1599 2012 1674 2033 cum
1695 2003 1873 2033 devotione
1895 2006 2090 2038 1·esumant;
2115 2003 2195 2034 illos
2214 2005 2316 2035 etiam

1304 2057 1361 2095 qui
1380 2058 1595 2095 assumptum
1620 2064 1683 2085 non
1705 2056 1945 2094 deposuerunt,
1965 2058 1995 2086 et
2017 2057 2073 2095 qui
2091 2057 2203 2096 ipsum
2221 2066 2318 2088 assu-

1304 2111 1395 2140 ment
1420 2110 1590 2147 deinceps,
1621 2110 1655 2139 ut
1683 2117 1718 2139 se
1749 2109 1797 2138 sic
1827 2109 1984 2139 studeant
2009 2118 2202 2148 preparare,
2228 2111 2318 2150 quod

1303 2162 1528 2201 personaliter
1540 2171 1575 2192 se
1590 2161 1763 2192 conferant
1782 2163 1812 2192 in
1833 2171 2032 2192 succursum
2050 2165 2138 2193 terre
2152 2164 2317 2202 predicte,

1303 2217 1335 2246 et
1353 2216 1441 2254 quod
1458 2215 1592 2246 interim
1613 2215 1806 2254 hujusmodi
1822 2216 1931 2245 crucis
1951 2215 2164 2255 signaculum
2181 2217 2316 2256 publice

1303 2268 1464 2304 deferant,
1493 2277 1632 2299 moneas
1657 2268 1838 2298 et'licaciter
1861 2270 1891 2298 et
1918 2269 2068 2305 inducas,
2088 2278 2146 2300 eos
2172 2270 2214 2300 ad
2228 2271 2318 2301 redi-

1303 2321 1461 2352 mendum
1488 2324 1564 2352 vota
1596 2330 1657 2351 sua
1689 2321 1741 2351 vel
1772 2321 1813 2351 ad
1840 2322 2142 2359 transfretandum,
2174 2331 2318 2354 censura

1303 2375 1420 2409 simili,
1454 2375 1682 2414 appellatione
1716 2375 1918 2413 postposita,
1953 2376 2148 2407 coercendo.
2188 2377 2316 2408 Verum

1302 2428 1392 2467 quia,
1412 2428 1497 2459 sicut
1518 2428 1722 2467 accepimus,
1746 2427 1900 2458 nonnulli
1927 2430 2126 2459 executores
2141 2429 2317 2469 plerisque

1301 2482 1456 2520 personis
1477 2483 1507 2512 et
1528 2481 1612 2512 10015
1629 2481 1883 2518 ecclesiastic-ie,
1905 2481 2119 2521 regularibus
2137 2485 2170 2514 et
2187 2483 2316 2514 secula·

1301 2534 1407 2571 ribus,
1437 2535 1606 2574 exemptis
1632 2537 1663 2565 et
1691 2543 1757 2565 non
1784 2535 1966 2574 exemptis,
1997 2535 2150 2574 ejusdem
2177 2536 2272 2576 regni
2297 2545 2316 2568 a

1301 2590 1486 2619 memorata
1507 2588 1585 2619 sede
1603 2587 1767 2624 concessi,
1787 2596 1888 2627 super
1908 2587 2113 2627 quibusdam
2129 2590 2319 2620 concessio-

1300 2640 1401 2671 nibus
1428 2641 1470 2671 de
1499 2640 1790 2680 redemptionibus
1821 2642 1975 2671 votorum
2003 2641 2316 2681 crucesignatorum

1300 2702 1429 2725 necnon
1446 2694 1486 2725 de
1504 2694 1637 2734 legatis,
1662 2693 1762 2730 datis,
1788 2693 2062 2731 obventionibus,
2083 2694 2213 2725 relictis
2234 2694 2313 2726 sub-

1300 2747 1450 2778 ventioni
1470 2748 1558 2778 terre
1577 2747 1738 2788 predicte,
1761 2755 1797 2777 ac
1818 2746 1895 2777 aliis
1914 2746 2088 2786 deputatis
2110 2747 2152 2778 ad
2170 2747 2314 2779 subven—

1300 2800 1427 2831 tionem
1445 2800 1598 2837 eandem,
1619 2800 1654 2830 in
1671 2799 1840 2839 premisso
1865 2807 1967 2839 regno
1982 2808 2042 2840 per
2061 2809 2124 2832 nos
2143 2802 2176 2832 et
2195 2801 2316 2840 prede-

1300 2861 1454 2885 cessores
1484 2854 1630 2888 nostros,
1662 2852 1835 2884 Romanos
1867 2852 2054 2892 pontifices,
2076 2862 2136 2884 seu
2167 2853 2316 2886 aliosde
