2547 3289
239 243 296 273 {22

239 326 271 355 in
288 324 382 361 cujus
394 320 624 360 jurisdictione
637 318 687 347 vel
700 316 822 346 balliva
839 324 897 344 seu
915 313 1078 343 territorio
1093 312 1235 342 bonade

236 377 358 416 quibus
383 375 496 410 agetur
520 370 711 405 consistent,
733 369 772 399 ad
800 367 981 397 videndum
1001 367 1113 403 jurare
1138 365 1238 395 testes

238 430 294 468 qui
312 429 343 457 in
361 424 549 463 hujusmodi
566 422 782 461 inquisitione
798 420 971 458 deponent.

280 483 369 514 Item⁷
383 486 497 509 omnes
511 476 649 506 ecclesie
663 477 726 504 tam
742 472 947 504 cathedrales
959 480 1058 510 qnam
1070 471 1134 501 alie
1151 478 1242 508 regu-

238 535 322 564 lares·
343 533 373 561 et
395 530 571 563 seculares,
592 536 717 558 necnon
738 527 769 556 et
787 534 903 555 omnes
920 524 1039 563 prelati·
1062 524 1093 554 et
1116 523 1240 557 clerici,

237 588 267 617 et
280 585 434 615 universe
449 590 586 621 persone
603 579 833 613 ecclesiastice,
847 577 1014 607 seculares
1028 577 1058 605 et
1074 576 1240 613 religiose,

237 646 272 668 ac
290 644 493 676 «piceumque
513 633 683 672 religionis
698 632 769 661 loca
785 639 860 660 cum
879 630 1035 659 omuibus
1052 629 1150 658 bonis
1172 628 1243 658 suis

238 691 270 720 in
294 689 522 722 electionibus,
540 684 830 725 postulationibus,
851 681 1146 715 nominationibus,
1166 690 1241 720 pro-

238 742 425 773 visionibus
441 742 472 771 et
491 739 646 769 omnihus
662 738 737 768 aliis
754 737 852 776 plena
870 736 1018 766 libertate
1035 734 1240 773 gaudebunt3

238 805 296 826 nec
317 796 390 826 ante
417 793 610 823 electionem
633 791 704 820 sive
728 790 760 819 in
784 789 944 819 electione
969 788 1019 817 vel
1046 789 1130 826 post,
1156 787 1244 825 regis

236 856 394 879 assensus
417 846 469 876 vel
486 845 663 875 consilium
686 843 898 881 aliquatenus
919 841 1114 879 requiretur.
1137 840 1243 875 Quam

239 902 352 939 utique
369 900 553 930 libertatem
576 898 647 936 ipse
664 898 693 926 ct
715 895 853 926 heredes
869 894 922 924 sui
946 902 1077 931 semper
1095 894 1241 922 manute-

239 955 362 985 nebunt
388 955 418 983 et
439 951 684 982 conservabunt
709 950 739 978 et
764 947 969 978 manuteneri
999 948 1029 976 et
1053 946 1244 976 conservari

238 1009 360 1039 sacient
381 1007 421 1036 ab
440 1005 594 1035 ominbus
612 1003 756 1033 subditis
778 1002 859 1035 suis,
878 1001 1028 1039 dicteque
1047 1000 1186 1030 ecclesie
1209 1008 1244 1029 ac

236 1069 377 1101 persone
396 1057 643 1089 utenturlibere
666 1055 821 1086 omnibus
842 1054 938 1084 bonis
957 1055 987 1083 et
1008 1053 1140 1091 juribus
1161 1052 1244 1088 suis,

239 1115 332 1145 salvo
353 1114 383 1143 ei
404 1113 435 1143 et
450 1111 520 1142 suis
537 1110 715 1141 heredibus
733 1108 806 1147 jure
828 1108 1022 1146 patronatus
1039 1106 1073 1136 in
1096 1105 1245 1135 ecclesiis

240 1168 274 1198 in
290 1168 419 1197 tantum
435 1165 595 1203 quantuni
618 1163 652 1192 iu
670 1162 729 1191 hac
752 1162 842 1199 parte
860 1159 1006 1199 patronis
1030 1159 1244 1189 eeclesiarum

239 1221 398 1251 canoniea
419 1218 567 1248 instituta
583 1215 778 1248 concedunt,
795 1213 852 1243 ubi
870 1212 997 1251 antiqui
1016 1220 1109 1250 reges
1132 1211 1245 1241 Sicilie

239 1272 431 1313 hujusmodi
444 1272 499 1311 jus
520 1270 712 1309 patronatus
730 1268 761 1297 in
779 1267 860 1305 ipsis
877 1266 1026 1296 ecclesiis·
1046 1265 1243 1294 hahuerunt.

240 1328 364 1359 Omnes
380 1325 478 1355 etiam
489 1331 586 1353 cause
597 1323 637 1353 ad
651 1322 759 1351 forum
772 1319 1031 1350 ecclesiasticum
1042 1317 1245 1356 pertinentes

239 1381 342 1411 libore
359 1380 389 1409 et
407 1378 531 1415 absque
549 1376 616 1405 ullo
635 1374 870 1412 impedimento
891 1371 1113 1409 agitabuntur,
1131 1370 1245 1400 tracta-

239 1433 363 1462 buntur
378 1431 408 1460 et
425 1428 672 1459 rentilalmntur
685 1434 794 1455 coram
811 1423 990 1454 ordinariis
1007 1424 1037 1452 et
1052 1422 1128 1452 aliis
1145 1421 1243 1451 eccle-

240 1484 383 1515 siasticis
405 1481 574 1521 judicibus
598 1481 628 1509 et
644 1477 911 1509 terminabuntur
934 1484 990 1514 per
1013 1484 1084 1510 eos;
1109 1474 1179 1504 etsi
1205 1473 1245 1503 ad

238 1538 350 1568 sedem
374 1534 587 1574 apostolicam
610 1540 710 1571 super
733 1529 924 1569 hujusmodi
950 1528 1060 1559 causis
1083 1527 1245 1566 appellari

237 1589 421 1628 contigerit,
438 1589 505 1618 tam
526 1586 732 1625 appellantes
754 1592 852 1622 quam
871 1582 1025 1621 appellati
1047 1581 1086 1611 acl
1106 1581 1245 1611 eandem

238 1644 351 1673 venire
367 1642 478 1672 sedem
493 1649 552 1678 pro
566 1638 824 1678 appellationum
838 1634 1127 1674 pro.=ecutionibus
1142 1633 1244 1664 libere

238 1699 269 1727 et
284 1697 408 1733 absque
426 1692 623 1723 inhibitione
640 1691 752 1729 aliqua
767 1689 1010 1728 permittentur.
1033 1688 1246 1718 Sacramenta

237 1759 314 1779 vero
347 1747 514 1778 fidelitatis
544 1744 779 1784 prestabuntur
807 1742 988 1773 secundum
1016 1741 1187 1778 antiquam
1215 1741 1245 1770 et

237 1801 469 1833 rationabilem
492 1797 777 1830 consuetudinem,
801 1796 895 1834 prout
914 1794 1072 1824 canonica
1095 1793 1245 1823 instituta

236 1855 440 1895 permIttunt,
459 1853 498 1882 ah
520 1851 587 1881 illis
605 1849 818 1880 ecclesiarum
838 1848 985 1887 prelatis,
1007 1856 1149 1884 quorum
1169 1856 1243 1885 pre·
1273 1861 1275 1871 ³

236 1909 426 1939 decessores
443 1904 588 1943 antiquis
603 1903 657 1932 illa
669 1902 782 1933 Sicilie
800 1901 935 1937 regibus
950 1900 1174 1938 prestiterunt.
1192 1899 1243 1929 Ab

237 1961 305 1991 illis
322 1959 430 1989 autem
449 1957 583 1996 prelatis
602 1957 631 1985 et
646 1954 795 1985 ecclesiis
812 1954 867 1992 qui
889 1953 1012 1989 regalia
1029 1953 1100 1982 sive
1121 1953 1243 1990 tempo-

238 2013 320 2043 ralia
345 2012 431 2041 bona
453 2010 575 2044 tenent,
603 2008 631 2037 si
656 2007 712 2046 qui
735 2008 842 2036 tamen
871 2007 948 2035 sunt
975 2005 1031 2043 qui
1054 2005 1244 2042 hujusmodi
1273 2030 1274 2039 ἶ

237 2066 323 2096 bona
343 2063 475 2094 teneant
491 2072 509 2091 a
524 2061 658 2091 domino
677 2059 766 2097 regni
785 2060 816 2088 et
832 2059 907 2087 :diis
924 2058 1068 2087 dominis
1085 2058 1244 2095 tempora-
1272 2062 1273 2092 ξ

237 2119 337 2153 libus,
361 2118 390 2146 ot
412 2115 479 2154 qui,
500 2115 623 2145 ratione
647 2111 837 2150 hujus-nitali
858 2111 1032 2144 banorum,
1051 2110 1090 2139 ab
1109 2110 1244 2148 antiquo

237 2170 481 2203 consueverunt
511 2167 643 2205 regibus
668 2167 698 2195 et
726 2165 809 2203 ipsis
835 2163 980 2193 dominis
1006 2163 1245 2201 temporalibus<

236 2224 373 2256 servitia
386 2221 552 2255 exhibere,
568 2218 758 2257 hujusmodi
772 2218 908 2247 honesta
920 2218 949 2246 et
963 2216 1098 2254 antiqua
1110 2216 1244 2245 servitia

235 2278 296 2312 eis,
309 2275 489 2307 secundum
505 2272 736 2303 rationabilem
750 2272 778 2300 et
789 2270 958 2308 antiquam
971 2269 1244 2299 consuetudinem
1271 2288 1272 2297 i

1271 2328 1272 2333 ¹
1305 2321 1453 2355 ecclesie,
1474 2321 1612 2355 Tuscos,
1637 2318 1840 2349 Lombardos
1858 2320 1887 2347 et
1914 2318 1989 2348 illos
2008 2318 2046 2347 de
2069 2317 2216 2348 Marchia
2239 2318 2319 2348 Ter-

235 2330 266 2360 et
300 2329 383 2358 sicut
414 2327 564 2356 instituta
595 2324 766 2364 patiuntur
796 2324 963 2357 canonica,
997 2321 1242 2359 impendentur,

234 2382 327 2412 salva
343 2388 472 2418 semper
488 2379 574 2409 circa
590 2377 748 2407 ecclesias
773 2375 979 2406 cathedrales
996 2375 1027 2404 et
1044 2374 1127 2404 alias
1150 2382 1242 2412 regu-

234 2435 320 2465 lares
338 2435 369 2463 et
385 2432 551 2463 seculares
568 2439 604 2461 ac
621 2438 781 2469 personas
800 2430 829 2459 et
847 2429 918 2458 loca
934 2428 1158 2458 ecclesiastic-a
1178 2428 1243 2457 tam

236 2489 270 2518 in
287 2487 446 2517 faciendis
463 2483 711 2524 provisionibus
729 2483 759 2513 et
775 2481 994 2512 electionibus
1008 2480 1244 2510 contirn‘iandis

235 2549 334 2580 quam
352 2540 385 2569 in
403 2538 558 2569 omnibus
579 2536 845 2575 quibuscumque
866 2534 952 2567 aliis,
977 2533 1116 2564 ltomani
1138 2534 1243 2572 ponti-

236 2593 308 2624 ficis
335 2594 366 2623 et
392 2591 528 2622 ecclesie
559 2590 708 2620 Romane
732 2588 963 2627 jurisdictione
991 2596 1027 2616 ac
1053 2587 1244 2617 auctoritate

234 2646 385 2687 plenaria
402 2646 433 2675 et
446 2644 550 2674 libera
564 2643 733 2682 potestate.

276 2701 370 2733 Item,
392 2696 560 2728 revocabit
579 2703 694 2726 onmes
717 2693 968 2725 constItutiones
992 2701 1050 2722 seu
1074 2693 1163 2731 leges
1186 2701 1244 2731 per

235 2752 417 2792 predictum
436 2751 488 2780 Fr.
508 2749 557 2779 vel
570 2757 629 2788 per
645 2756 738 2785 reges
750 2746 863 2778 Sicilie
879 2746 950 2775 sive
967 2754 1023 2784 per
1039 2745 1240 2781 (Zoni-adum,

234 2805 342 2844 ipsius
361 2804 412 2834 Fr.
432 2803 548 2836 tilium,
563 2803 617 2831 ant
635 2800 856 2833 Mant'redum,
873 2798 1039 2837 quondam
1057 2798 1240 2836 principem

234 2856 464 2888 Tarentiiium,
483 2855 539 2893 qui
555 2854 594 2884 de
615 2854 697 2883 facto
714 2860 851 2890 regnum
874 2852 982 2890 ipsum
1004 2851 1127 2881 detinet
1146 2859 1239 2880 occu-

238 2911 364 2950 patum,
382 2908 487 2939 editas
501 2907 613 2937 contra
624 2905 881 2936 ecclesiasticam
894 2904 1090 2940 lilmrtatem,
1107 2911 1165 2934 nec
1178 2906 1241 2933 sta-

987 231 1012 259 1³.
1019 227 1235 259 13⁴1÷1sTRES
1258 226 1472 257 D'URBAIN
1497 226 1554 256 IV.

1300 312 1370 340 tuta
1387 311 1439 340 vel
1458 311 1709 341 constitutiones
1727 309 1856 348 aliquas·
1876 309 1948 339 edet
1971 310 2026 338 aut
2050 308 2150 339 etiam
2169 307 2314 347 promul-

1301 363 1401 401 gabit,
1418 372 1475 402 per
1494 372 1555 401 que
1568 363 1636 401 juri
1651 362 1705 393 vel
1721 361 1866 392 libertati
1884 361 2109 392 ecclesiastice
2124 360 2310 399 derogetur.

1342 416 1435 451 Item,
1454 424 1565 446 comes
1585 415 1751 454 promittet
1772 415 1858 454 quod
1877 415 1990 445 nullus
2011 414 2152 444 clericus
2169 413 2222 444 vel
2241 421 2312 452 per-

1302 478 1383 499 sona
1399 469 1623 499 ecclesiastica
1638 468 1830 498 eorumdem
1849 468 1941 506 regni
1958 469 1988 497 et
2002 470 2087 497 terre
2105 467 2137 496 in
2156 466 2247 496 civili
2261 465 2314 495 vel

1302 522 1467 552 criminali
1482 530 1581 551 causa
1596 521 1812 552 convenietur
1825 529 1935 551 coram
1950 521 2060 558 judice
2076 518 2232 553 seculari,
2249 519 2314 548 nisi

1304 584 1404 614 super
1420 575 1529 605 feudis
1542 574 1667 613 judicio
1684 574 1836 613 petitorio
1853 573 2070 603 conveniatur
2084 572 2238 607 civiliter,
2256 572 2313 602 sed

1303 638 1418 660 omnes
1429 628 1567 658 ecclesie
1579 636 1615 657 ac
1629 635 1768 666 persone
1781 626 2002 657 ecclesiastice
2016 625 2206 656 omnimode
2217 627 2313 655 erunt

1304 682 1405 712 libere
1435 682 1465 711 et
1481 681 1512 710 in
1532 681 1623 710 nullo
1642 680 1708 719 regi
1727 680 1779 709 vel
1798 679 1939 718 principi
1956 679 2186 717 subjacebunt.

1343 735 1438 769 Item,
1459 734 1567 764 nullasv
1589 733 1698 763 tallias
1723 733 1775 763 vel
1800 732 1956 763 collectas
1979 732 2128 770 imponet
2151 730 2314 765 ecclesiis,

1304 786 1526 821 monasteriis,
1549 785 1679 815 clericis
1699 786 1729 814 et
1756 784 1837 813 viris
1862 783 2110 818 ecclesiasticis,
2138 782 2189 812 vel
2215 782 2316 812 rebus

1303 849 1430 871 eorum.

1345 893 1438 926 Item,
1456 892 1489 921 in
1508 891 1658 921 eeclesiis
1678 890 1874 920 vacantibus
1892 898 1949 919 rex
1966 888 2057 918 nulla
2075 888 2209 918 habebit
2227 896 2318 926 rega-

1303 946 1347 976 lia
1375 945 1551 983 nullosque
1579 944 1716 978 fructus,
1747 942 1895 973 redditus
1925 943 1957 971 et
1982 943 2176 980 proventus,
2207 940 2317 971 nullas

1304 999 1402 1029 etiam
1424 998 1652 1033 obventiones,
1675 1005 1712 1027 ac
1735 996 1826 1026 nulla
1847 1004 1985 1035 prorsus
2009 995 2072 1024 alia
2095 994 2255 1033 percipiet
2276 1002 2317 1024 ex

1304 1052 1441 1085 eisdem,
1458 1051 1608 1081 custodia
1624 1049 1815 1081 earumdem
1832 1048 2047 1079 eeclesiarum
2066 1047 2196 1077 interim
2212 1047 2317 1077 libera

1306 1106 1494 1136 remanente
1512 1112 1614 1142 penes
1630 1111 1790 1142 personas
1806 1101 2057 1136 ecclesiasticas,
2077 1102 2169 1138 juxta
2185 1100 2319 1130 canoni-

1305 1167 1360 1188 cas
1375 1158 1574 1188 sanctiones.

1346 1212 1439 1245 Item,
1458 1210 1607 1244 comites,
1626 1209 1778 1243 barones,
1800 1207 1922 1237 milites
1945 1209 1975 1236 et
1995 1207 2144 1236 universi
2164 1206 2324 1236 homines

1305 1264 1406 1294 totius
1427 1263 1517 1301 regni
1537 1264 1565 1291 et
1590 1263 1673 1292 terre
1699 1261 1845 1299 predicte
1869 1260 1982 1289 vivent
2005 1260 2038 1288 in
2063 1268 2099 1288 ea
2120 1259 2270 1289 libertate
2289 1260 2321 1288 et

1306 1316 1473 1346 habebunt
1489 1315 1563 1344 illas
1582 1314 1810 1344 immunitates
1834 1313 1956 1350 illaque
1973 1311 2149 1350 privilegia
2169 1311 2320 1350 ipsisque

1305 1369 1506 1408 gaudebunt,
1524 1376 1606 1406 quas
1626 1368 1657 1397 et.
1677 1375 1740 1405 que
1763 1367 1910 1404 tempore
1937 1365 2024 1395 clare
2041 1365 2202 1394 memorie
2225 1364 2318 1395 Guil-

1305 1422 1397 1452 lelmi
1413 1420 1562 1455 secundi,
1577 1420 1690 1451 Sicili·¹
1706 1419 1802 1458 regis,
1818 1420 1849 1449 et
1862 1418 1940 1448 aliis
1953 1417 2100 1456 antiquis
2112 1417 2319 1456 temporibus

1304 1474 1504 1505 habuerunt.

1344 1528 1437 1562 Item,
1464 1534 1580 1556 omnes
1604 1525 1720 1555 exules
1745 1525 1835 1563 regni
1860 1524 1973 1555 Sicilie
1999 1526 2029 1553 et
2051 1527 2135 1554 terre
2160 1523 2317 1562 predicte,

1304 1581 1543 1619 cujtlscul'nque
1559 1578 1765 1609 condicionis
1781 1577 1936 1612 existent,
1954 1577 1995 1607 ad
2013 1576 2205 1607 mandatum
2222 1576 2323 1607 eccle-

1305 1635 1352 1664 sie
1370 1633 1568 1663 reducentur
1587 1632 1620 1661 in
1640 1640 1778 1669 regnum
1802 1632 1831 1660 et
1853 1633 1974 1660 terram
1993 1630 2152 1669 predicta,
2172 1629 2321 1669 ipsisque

1305 1688 1344 1717 de
1363 1687 1460 1716 bonis
1485 1687 1514 1715 et
1531 1685 1665 1725 juribus
1687 1685 1736 1715 eis
1753 1683 1875 1714 debitis
1892 1683 2055 1713 restitutio
2077 1683 2176 1722 plena
2192 1683 2257 1713 fiet.
2282 1683 2320 1713 In

1304 1739 1495 1778 hujusmodi
1520 1740 1628 1768 autem
1653 1737 1874 1771 restitutione,
1893 1736 2076 1766 secundnm
2101 1736 2320 1775 prescriptam

1306 1793 1445 1823 formam
1463 1792 1497 1821 in
1521 1791 1664 1830 capitulo
1689 1790 1727 1820 de
1746 1790 1843 1820 bonis
1866 1789 2083 1819 ecclesiarum
2105 1789 2320 1819 restituendis

1306 1846 1503 1880 contentam,
1519 1846 1585 1875 tam
1603 1845 1636 1874 in
1654 1843 1792 1874 notoriis
1811 1851 1910 1881 qaam
1928 1842 2040 1872 dubiis
2055 1842 2259 1880 procedetur.

1346 1899 1440 1933 Item,
1472 1898 1599 1928 nullam
1629 1897 1931 1927 confederationem
1964 1904 2021 1925 seu
2054 1895 2240 1933 pactionem
2270 1894 2322 1925 vel

1306 1952 1498 1982 societatem
1523 1951 1620 1981 faciet
1643 1959 1717 1979 cum
1737 1949 1850 1987 aliquo
1869 1949 2065 1987 imperatore
2085 1948 2136 1978 vel
2155 1956 2242 1986 rege,
2260 1955 2319 1978 seu

1305 2004 1454 2043 priiicipc
1480 2003 1532 2032 vel
1559 2004 1678 2032 barone
1705 2003 1881 2036 Sanan-eno,
1909 2001 2098 2031 Christiano
2122 2000 2173 2030 vel
2200 2002 2317 2034 (neco,

1306 2058 1360 2087 aut:
1377 2065 1450 2086 cum
1469 2056 1579 2093 aliqua
1595 2055 1766 2093 provincia
1783 2063 1841 2083 seu
1858 2054 1992 2083 civitate
2009 2055 2063 2083 aut
2080 2053 2319 2083 communitate

1307 2110 1357 2140 vel
1384 2109 1455 2138 loco
1483 2108 1594 2146 aliquo
1636 2108 1747 2137 contra
1781 2107 1964 2137 Romanam
1996 2106 2170 2135 ecclesiam
2201 2106 2252 2136 vet
2287 2106 2318 2136 iu

1305 2163 1485 2200 dampnum
1502 2160 1651 2191 ecclesie.

1345 2215 1439 2248 Item,
1457 2222 1571 2243 omnes
1587 2213 1734 2251 captivos
1747 2214 1776 2242 οἱ
1789 2212 1859 2241 obsi
1875 2213 1922 2241 le<
1935 2212 1990 2249 qui
2005 2214 2157 2241 tenentur
2170 2211 2202 2241 in
2217 2220 2317 2250 regno

1305 2269 1335 2298 et
1351 2270 1436 2298 terra
1453 2266 1619 2306 predictis,
1636 2267 1815 2296 Romanos.
1837 2265 2021 2302 regnicolas
2037 2267 2065 2294 et
2081 2265 2216 2295 aliosde
2231 2267 2317 2295 terra

1306 2374 1415 2403 visina
1436 2382 1494 2412 pro
1516 2381 1613 2411 posse
1632 2381 1692 2401 suo
1714 2371 1799 2401 bona
1823 2371 1886 2401 tide
1910 2371 2058 2401 restituet
2083 2371 2238 2400 libertati.
2257 2371 2319 2402 Su-

1303 2436 1362 2466 per
1380 2426 1592 2456 comitatibus
1616 2434 1692 2455 vero
1711 2426 1741 2454 et
1761 2424 1849 2459 aliis,
1873 2425 1901 2454 si
1925 2433 1988 2462 qua
2009 2425 2040 2454 in
2059 2432 2160 2462 regno
2179 2425 2210 2453 et
2232 2425 2316 2454 terra

1304 2479 1460 2519 predictis
1483 2479 1631 2509 Romane
1657 2477 1795 2508 ecclesie
1821 2479 1875 2507 aut
1902 2477 1978 2507 aliis
2004 2477 2141 2507 ecclesie
2168 2477 2317 2507 Romane

1304 2533 1459 2563 fidelibus
1481 2542 1499 2562 a
1520 2531 1654 2569 regibus
1676 2532 1707 2561 et
1728 2530 1937 2570 principibu<
1963 2531 2039 2560 sunt
2061 2538 2231 2565 concessa,
2252 2529 2315 2560 sal-

1304 2595 1383 2623 vum
1399 2585 1534 2615 omnino
1553 2584 1615 2614 erit.
1626 2584 1682 2622 jus
1699 2583 1804 2622 ipsius
1819 2583 1958 2613 ecclesie
1975 2592 2010 2613 ar
2026 2583 2175 2613 tidelium
2189 2590 2317 2613 eorum-

1302 2639 1389 2675 dem,
1407 2647 1465 2668 nec
1481 2646 1538 2676 per
1556 2637 1704 2676 ipsorum
1724 2636 1816 2675 regni
1833 2638 1862 2666 et
1882 2638 1967 2666 terre
1983 2636 2246 2670 concessionem,
2264 2643 2314 2666 co·

1303 2692 1477 2721 mitatuum
1493 2699 1552 2720 seu
1566 2697 1801 2720 concessorum
1816 2689 2009 2719 eorumdem
2023 2688 2190 2727 cuiquam,
2207 2687 2315 2726 quoad

1301 2744 1534 2783 proprietatem
1550 2751 1608 2773 seu
1627 2742 1886 2781 possessionem,
1907 2741 2128 2780 prejudicium
2146 2739 2315 2780 generabi-

1300 2799 1364 2833 tur,
1383 2797 1472 2835 regio
1489 2796 1523 2826 in
1540 2796 1605 2825 hiis
1620 2795 1776 2825 omnihus
1788 2795 1862 2832 ⁴iure
1881 2794 1986 2825 salvo.

1341 2851 1435 2882 Item.
1454 2849 1541 2879 idem
1557 2856 1668 2879 comes
1689 2848 1798 2877 veniet
1816 2855 1891 2877 cum
1910 2847 2002 2877 mille
2020 2847 2060 2877 ad
2084 2846 2195 2876 minus
2210 2845 2310 2875 ultra—

1301 2904 1533 2934 montanorum
1551 2901 1696 2931 militum
1714 2901 1881 2934 comitiva,
1899 2908 2040 2938 quorum
2061 2898 2199 2937 quilibet
2218 2898 2310 2936 equi-
