2547 3289
175 244 214 273 56
926 235 1178 265 REGISTRES
1202 235 1363 266 D'URBA
1371 236 1417 266 IN
1442 236 1498 266 IV.

706 318 830 349 Orvieto,
846 318 880 342 ‘23
895 318 1010 343 octobre
1029 317 1106 343 1262.

244 326 315 356 150

211 408 246 433 De
260 404 470 432 construetione
485 403 579 436 agitur
596 401 746 436 hospitalis
761 401 834 436 quod
849 401 890 431 11,
909 410 932 427 s.
947 400 1057 435 Georgii
1073 400 1109 426 ad
1127 400 1179 426 Vc-

173 455 232 482 lum
250 461 369 480 aureum
385 452 521 478 diaconus
535 450 702 481 cardinalis,
721 450 748 476 in
772 451 946 476 testamento
965 449 999 475 de
1024 449 1105 475 bouis
1123 448 1181 475 suis

174 504 280 529 Itomae
298 500 424 528 construi
443 499 599 526 inundavi'.
618 500 699 534 (Rea.
716 500 760 527 26,
777 498 826 525 sol.
844 500 887 531 5¹,
905 498 973 524 anui
989 498 1025 529 ll,
1042 506 1074 524 no
1093 497 1146 531 ¹2.)

215 606 230 622 «
248 594 425 624 lici-[oribus
436 593 567 622 Romane
580 591 938 631 fralernilaliffi..priori
955 590 1182 620 predicatorum

173 657 223 677 sen
234 647 299 687 ejus
313 646 526 685 vieefflerc›zti,..
542 644 712 684 guardiam
725 644 874 673 Mlnorimz
891 648 956 673 ct...
971 643 1071 680 priori
1088 643 1182 672 llere—

175 702 316 730 milarum
342 701 477 739 fratrum
500 698 535 728 dn
556 698 645 728 (Ji-be.
671 698 907 737 Significarunt
930 697 1025 727 nobis
1049 706 1184 727 venera-

174 749 252 780 bilis
273 750 374 780 frater
403 749 454 784 O.‚
478 748 691 778 Tusculanus
721 747 909 786 episcopus,
929 755 965 776 ac
986 746 1097 776 dilecti
1123 746 1183 776 lilii

176 803 280 834 nostri
301 803 363 841 (sic)
381 802 536 836 J.‚sancti
553 801 684 832 Nieolai
699 800 731 831 in
751 801 888 831 Cart-ere
906 800 1062 830 Tulliano
1077 800 1185 830 diaco-

175 865 238 886 nus
256 855 446 889 cardinalis,
465 855 552 893 quod
576 854 661 884 bone
680 854 838 883 memorie
857 853 909 887 P.‚
925 853 1030 883 sancti
1049 853 1185 891 Georgii

175 909 215 940 ad
230 909 351 939 Velnm
370 916 507 938 aureum
533 907 692 937 diaconus
721 906 913 941 cardinalis,
936 915 993 936 eos
1015 906 1067 946 sui
1085 907 1184 936 testa-

174 962 277 993 menti
303 962 494 991 executores
515 960 733 994 constituens,
752 959 914 990 nonnulla
930 959 969 989 de
992 959 1089 989 bonis
1114 959 1185 989 suis

174 1014 430 1054 quampluribus
448 1013 598 1044 ecclesiisv
611 1014 642 1043 et
657 1013 783 1043 familie
801 1021 860 1043 sue
881 1013 914 1042 in
934 1013 1049 1043 ultima
1066 1012 1184 1042 volun·

176 1069 239 1099 tate
256 1067 387 1106 legavit,
405 1067 564 1097 ordinans
582 1067 668 1106 quod
681 1067 720 1096 de
738 1066 894 1097 omnibus
909 1067 985 1096 aliis
1000 1066 1096 1096 bonis
1114 1066 1185 1095 suis

175 1121 356 1152 mobilibus
374 1129 513 1159 seseque
528 1120 752 1154 moventibus,
771 1120 925 1150 detractis
935 1128 975 1149 ex
985 1119 1108 1149 eisdem
1120 1128 1186 1149 om-

177 1175 276 1205 nibns
301 1174 421 1204 debitis
442 1175 472 1204 et
496 1173 613 1203 ceteris
639 1173 680 1202 ad
707 1181 848 1211 quorum
867 1173 1129 1202 satisfactionem
1147 1172 1185 1201 de

172 1229 246 1267 uiure
271 1227 520 1266 quomodolibet
548 1227 723 1261 teneretur,
755 1234 882 1256 necnon
907 1227 938 1256 et
955 1225 1124 1256 satisfacto
1146 1226 1185 1255 de

175 1279 998 1320 ipsisbonismobilibusillisquibusmobiliabona
1007 1279 1183 1317 legaverat,

178 1335 213 1365 in
229 1335 315 1364 certo
329 1334 399 1363 loco
408 1333 510 1364 Urbis
524 1332 800 1370 ficretliospitale,
815 1340 850 1361 ac
863 1332 901 1361 de
914 1331 1073 1370 predictis
1089 1331 1187 1361 bonis

178 1387 359 1418 mobilibus
374 1387 550 1416 dotaretur.
570 1385 665 1416 Unde
687 1385 752 1423 ipsi
768 1385 958 1414 executores
981 1384 1186 1414 attemlentes

177 1441 265 1479 quod
276 1439 389 1478 pietati
405 1439 570 1477 prestatur
582 1437 790 1475 obsequium,
806 1446 880 1466 cum
900 1437 1053 1467 voluntas
1069 1437 1187 1466 ultima

177 1493 408 1523 defunctorum
436 1491 605 1531 impletur,
630 1490 754 1519 dictum
771 1491 929 1528 ceperunt
955 1490 1075 1528 exequi
1092 1490 1187 1519 testa-

176 1546 335 1576 mentum.
357 1545 441 1574 Cum
463 1545 572 1574 antem
588 1543 621 1573 in
634 1552 763 1573 camera
779 1543 857 1572 dicti
874 1543 1041 1573 testatoris
1058 1543 1185 1572 nullam

176 1598 351 1637 pecuniam
366 1597 583 1631 invenissent,
601 1597 688 1626 circa
702 1597 902 1626 mercatores
916 1605 1018 1634 penes
1037 1605 1187 1634 (11105Ρο-

176 1651 274 1682 cunia
301 1650 379 1680 dicti
401 1650 547 1680 defuncti
576 1651 789 1685 remanserat,
807 1650 968 1688 exigendo
994 1649 1186 1689 hujusmodi

175 1704 352 1744 pecuniam
363 1704 403 1733 ab
418 1704 477 1738 eis,
490 1712 552 1733 non
571 1703 738 1733 modicum
749 1703 952 1737 laborarunt,
963 1703 1001 1733 de
1014 1712 1078 1742 qua
1091 1703 1186 1732 satis-

176 1757 511 1795 fecernnt,postqnam
529 1756 715 1786 habuerunt
730 1756 1051 1795 eamlein,legatariis
1065 1765 1187 1786 memo-

178 1811 257 1841 ratis
273 1811 304 1840 et
320 1809 490 1839 nonnullis
507 1809 582 1839 aliis
594 1810 650 1847 qui
664 1809 837 1840 ostendere
854 1809 1187 1848 potueruntperlegi-

177 1863 259 1894 tima
276 1864 472 1893 documenta
490 1863 677 1892 testatorem
695 1863 837 1892 eundem
865 1863 930 1893 sibi
956 1863 1059 1892 fuisse
1077 1863 1111 1893 in
1129 1863 1187 1892 ali-

179 1925 243 1956 quo
259 1917 451 1946 debitorem.
466 1917 609 1946 Demum
625 1925 702 1946 vero
723 1917 939 1955 procedentes
955 1917 995 1946 ad
1025 1917 1189 1947 executio-

180 1979 255 2000 nem
271 1970 396 2000 residui
407 1970 593 1999 testamenti
607 1969 745 2008 predicti
757 1978 814 2008 per
825 1970 962 1999 dilectos
974 1970 1061 1999 filios
1073 1970 1190 2008 magis-

180 2023 309 2058 trosP.‚
321 2023 444 2053 dictum
456 2023 675 2056 Boniornum,
692 2023 927 2052 cancellarium
950 2023 1192 2058 Turonensem,

180 2073 211 2102 et
227 2071 448 2106 Bel-nardum,
467 2070 730 2101 Ainbianensem
745 2071 954 2106 canonicum,
973 2071 1063 2101 viros
1079 2072 1193 2110 utique

182 2124 308 2160 fideles,
329 2123 511 2154 industrios
535 2125 565 2154 et
583 2124 755 2159 discretos,
772 2124 962 2162 capellanos
985 2133 1112 2160 eorum⁷
1140 2125 1195 2154 illa

183 2186 246 2217 que
273 2177 311 2207 de
338 2177 434 2207 bonis
459 2176 565 2215 ipsius
590 2177 757 2207 testatoris
786 2179 932 2216 tempore
953 2178 1005 2207 sui
1033 2177 1142 2207 obitus
1162 2178 1195 2207 111

185 2229 274 2261 Urbe
286 2229 326 2259 ad
341 2238 460 2259 manus
475 2238 589 2259 eorum
607 2238 672 2259 non
688 2229 812 2268 absque
824 2230 926 2260 multe
942 2231 1112 2269 diligentie
1130 2231 1194 2260 stu-

181 2278 235 2309 dio
251 2278 484 2317 pervenerunt,
502 2279 532 2307 et
553 2278 617 2307 alia
640 2287 702 2316 que
720 2278 928 2309 habebantur
943 2279 1104 2318 Anagnie,
1123 2279 1195 2309 dili-

182 2332 296 2370 genter
318 2331 417 2361 vendi
440 2331 602 2367 fecerunt,
629 2331 775 2370 exceptis
801 2332 916 2370 paucis
939 2341 979 2362 ex
1005 2332 1194 2362 rationabili

181 2393 282 2415 cansa
298 2384 446 2419 retentis,
468 2393 531 2423 que
552 2385 687 2415 vendita
710 2394 776 2415 non
801 2385 905 2421 fuere,
930 2395 965 2415 ac
992 2388 1065 2424 post
1084 2387 1194 2416 varios

182 2446 358 2477 processus
374 2446 433 2476 per
448 2438 663 2476 apostolicam
682 2439 794 2468 sedem
810 2439 850 2468 ad
870 2447 983 2469 eornm
1000 2439 1194 2469 instantiam

184 2491 327 2521 diversis
352 2491 557 2529 temporibus
580 2491 710 2522 habitos
730 2493 842 2522 contra
868 2492 943 2522 illos
961 2493 1017 2531 qni
1034 2493 1195 2523 nonnulla

186 2544 225 2574 de
243 2544 339 2574 bonis
356 2544 509 2583 prelibati
529 2545 675 2575 defuncti
690 2546 840 2583 nequiter
854 2547 1065 2584 occuparant,
1083 2546 1196 2585 aliqua

187 2599 475 2636 recuperaverunt,
493 2606 632 2636 quorum
647 2598 791 2636 quedam
807 2599 875 2637 jam
893 2601 969 2629 sunt
988 2599 1120 2629 vendita
1138 2607 1196 2638 per

187 2649 378 2688 capellanos
392 2651 536 2685 eosdem,
553 2650 695 2689 quedam
715 2660 792 2681 vero
815 2651 921 2681 adhuc
951 2652 1123 2682 vendenda
1141 2661 1194 2682 su-

187 2704 336 2741 persunt.
352 2702 420 2741 Ipsi
436 2711 566 2741 quoque
584 2703 618 2733 in
635 2704 797 2742 exigendo
814 2704 989 2743 pecuniam
1004 2713 1022 2734 a
1042 2705 1197 2735 debitori-

188 2755 250 2785 bus
266 2755 343 2785 dicti
361 2756 523 2786 testatoris
538 2757 598 2786 eta
611 2757 849 2787 mercatoribus
864 2757 1055 2793 nominatis,
1070 2766 1132 2797 qne
1149 2766 1195 2788 re-

190 2809 357 2838 manserat
375 2817 476 2847 pones
495 2817 563 2845 005,
589 2810 619 2839 01
644 2809 676 2839 111
701 2810 890 2849 recipiendo
906 2810 1134 2849 quampluries
1151 2820 1198 2841 ra-

190 2859 314 2890 tionem
329 2860 399 2890 sive
411 2862 602 2900 computum
611 2861 650 2891 ab
662 2862 799 2897 eisdem,
812 2863 843 2893 et
861 2871 936 2893 cum
951 2871 1066 2893 eorum
1080 2863 1197 2902 aliqui-

191 2912 255 2943 bus
270 2913 302 2943 et
316 2913 570 2952 quampluribus
586 2915 662 2945 aliis
678 2915 802 2946 dictum
818 2916 1011 2946 defunctum
1027 2916 1091 2946 sibi
1108 2917 1198 2947 debi-

1212 320 1213 331 ¹
1243 317 1349 346 torem
1366 325 1438 347 esse
1453 316 1691 352 asserentibus,
1709 317 1880 356 litigando,
1899 327 1964 348 non
1979 318 2128 349 modicos
2145 321 2256 358 pertu-

1244 369 1312 399 lere
1328 369 1470 405 labores,
1490 369 1647 400 facientes
1663 370 1755 404 olim,
1768 370 1965 410 priusquam
1981 371 2089 402 felicis
2106 373 2259 403 recorda-

1244 422 1345 452 tionis
1362 423 1550 453 Alexander
1565 432 1661 462 papa,
1678 424 1894 462 predecessor
1906 426 2029 461 noster,
2049 425 2167 455 ultima
2182 425 2255 456 vice

1212 494 1213 497 =
1244 475 1284 504 ad
1308 475 1429 505 dictam
1452 476 1659 514 pervenisset
1675 476 1803 511 urbem,
1825 478 1999 515 pecuniam
2016 478 2135 517 ipsam,
2155 487 2257 517 quam

1244 528 1284 558 de
1314 528 1471 566 predictis
1496 529 1593 559 bonis
1613 529 1758 559 venditis
1776 538 1835 568 per
1856 531 2046 569 capellanos
2068 531 2259 570 jamdictos,

1244 582 1275 612 et
1290 581 1390 611 aliam
1408 590 1507 620 quam
1525 582 1645 612 habere
1664 582 1705 612 ab
1721 582 1844 613 eisdem
1864 584 2106 615 mercatoribus
2123 587 2153 615 et
2166 585 2259 615 debi-

1212 640 1214 667 *3
1243 635 1371 665 toribus
1391 636 1581 673 potuerunt,
1598 644 1711 666 eorum
1727 636 1955 675 consignatam
1981 637 2102 676 sigillis
2127 639 2161 668 in
2179 647 2259 677 quo-

1244 687 1320 717 dam
1334 687 1470 721 scrinio,
1481 688 1576 727 cujus
1588 688 1699 718 claves
1712 697 1813 727 penes
1830 697 1865 718 se
1879 689 2032 725 retinent,
2044 690 2077 720 in
2092 691 2150 721 ede
2161 700 2255 721 sacra

1213 751 1214 768 ι
1244 740 1419 779 deponi,ut
1430 741 1692 779 deipsa,eisdem
1710 742 1744 771 in
1757 742 1846 773 Urbe
1861 743 2083 780 presentibus,
2094 744 2260 782 prefatum

1244 794 1358 832 posset
1373 793 1536 833 hospitale
1554 795 1701 825 construi
1717 795 1748 825 et
1769 795 1887 825 dotari.
1907 796 2045 831 Verum,
2063 796 2139 827 licet
2157 797 2259 828 iidem

1246 848 1437 877 executores
1462 848 1675 886 postmodum
1700 847 1735 878 in
1757 848 1873 878 eadem
1895 851 2063 879 morantes
2081 849 2175 885 urbe,
2191 851 2259 881 tam

1244 908 1304 938 per
1321 908 1355 929 se
1370 908 1470 938 quam
1482 910 1540 939 per
1552 901 1636 931 alios
1647 901 1840 940 diligentem
1852 901 1938 931 circa
1950 902 1982 932 id
1996 902 2258 933 sollicitudinem

1245 953 1403 983 adhibere
1436 954 1638 989 curaverint,
1669 955 1779 984 tamen
1808 956 1941 993 propter
1972 955 2170 986 seditionem
2195 964 2260 995 que

1245 1007 1322 1036 tunc
1332 1007 1525 1045 supervenit
1540 1007 1675 1043 ibidem,
1689 1007 1776 1046 qnod
1789 1008 2005 1038 intendebant
2023 1009 2194 1048 superhoc
2210 1010 2260 1040 ef-

1246 1059 1343 1089 ficere
1361 1060 1594 1098 nequiverunt,
1613 1061 1784 1098 presertim
1794 1061 1883 1099 quia,
1901 1070 1976 1091 cum
1988 1062 2051 1100 ipsi
2065 1063 2259 1093 executores

1246 1112 1331 1143 circa
1352 1113 1439 1143 idem
1468 1113 1636 1151 negotium
1657 1114 1807 1144 volentes
1831 1114 1879 1144 uti
1901 1115 2088 1146 ministerio
2118 1116 2259 1146 fratrum

1246 1165 1422 1204 hospitalis
1447 1166 1552 1196 saneti
1576 1167 1715 1197 Antonii
1737 1167 1954 1202 Viennensis,
1979 1177 2037 1206 per
2059 1177 2143 1207 quos
2170 1169 2258 1199 idem

1246 1220 1381 1249 testator
1396 1219 1551 1258 hospitali
1563 1220 1708 1258 predicto
1721 1221 1834 1250 statuit
1850 1221 2049 1257 des-ervire..
2061 1223 2260 1261 magistrum

1246 1272 1421 1311 hospitalis
1439 1273 1600 1311 ejusdem,
1617 1274 1652 1303 ut
1675 1273 1718 1302 ali
1733 1282 1805 1311 1110<
1824 1282 1863 1303 ex
1879 1274 2038 1304 fratribus
2056 1275 2127 1305 suis
2144 1275 2184 1305 ad
2203 1283 2255 1305 eo·

1247 1334 1320 1355 rum
1337 1326 1536 1364 presentiam
1553 1326 1744 1360 destinaret,
1763 1327 1889 1365 pluries
1909 1327 2065 1357 duxerint
2084 1328 2258 1366 requiren-

1246 1379 1335 1415 dum,
1358 1379 1429 1416 ipse
1454 1387 1510 1409 eos
1536 1379 1702 1409 destinare
1730 1380 1885 1417 neglexit.
1905 1380 2071 1415 Ceterum,
2090 1389 2166 1411 cum
2190 1381 2257 1420 ipsi

1245 1440 1305 1470 pro
1322 1432 1528 1470 expediendo
1540 1432 1648 1470 ipsius
1660 1432 1866 1462 executionis
1882 1433 2012 1471 negotio
2025 1442 2125 1463 sunm
2141 1434 2182 1464 ad
2197 1435 2258 1466 Ur-

1246 1484 1321 1514 bem
1340 1485 1482 1514 reditum
1498 1485 1713 1523 expectarint,
1734 1486 1866 1516 tandem
1881 1487 2087 1517 attendentes
2099 1487 2187 1525 quod
2202 1488 2261 1518 hu-

1242 1534 1392 1571 jusmodi
1422 1534 1547 1564 reditus
1570 1534 1605 1564 in
1635 1534 1729 1564 brevi
1746 1535 1784 1564 de
1803 1535 1893 1565 facili
1909 1536 2086 1574 provenire
2114 1545 2180 1567 non
2201 1545 2262 1576 po-

1246 1588 1322 1623 test,
1340 1588 1371 1618 et
1389 1588 1477 1626 quod
1495 1588 1603 1617 eidem
1629 1588 1760 1627 negotio
1784 1590 1897 1628 posset
1914 1589 2142 1628 multipliciter
2160 1590 2258 1629 depe-

1247 1641 1362 1677 rire,si
1377 1641 1564 1671 differretur
1584 1641 1655 1680 ejus
1672 1642 1821 1685 executio
1832 1642 1935 1672 donec
1952 1643 2126 1681 eontigerit
2141 1651 2258 1673 eorum

1248 1695 1332 1725 inibi
1356 1694 1559 1733 presentiam
1578 1694 1753 1729 interesse,
1773 1704 1900 1725 necnon
1920 1697 2100 1734 pensantes
2116 1695 2215 1734 quod,
2231 1695 2259 1725 si

1248 1749 1348 1779 etiam
1372 1749 1543 1787 presentes
1568 1749 1679 1778 essent
1699 1748 1834 1786 ibidem,
1857 1749 1966 1779 eidem
1989 1750 2118 1788 negotio
2143 1749 2260 1783 libere,

1248 1802 1334 1832 sicut
1356 1802 1580 1840 opportunum
1605 1801 1700 1836 foret,
1725 1810 1784 1840 per
1811 1810 1845 1832 se
1872 1810 1987 1832 vacare
2017 1811 2082 1832 non
2112 1804 2261 1841 possent,

1251 1855 1395 1884 maxime
1414 1863 1489 1884 enm
1507 1854 1639 1884 assidue
1655 1855 1741 1884 circa
1756 1855 1889 1885 diversa
1908 1856 1938 1885 et
1954 1856 2056 1885 ardua
2067 1856 2157 1886 sedis
2165 1864 2261 1895 apos-

1252 1908 1347 1937 tolice
1365 1908 1495 1945 negotia
1514 1908 1701 1937 necessario
1718 1908 1958 1942 distrahantur,
1981 1909 2079 1939 nobis
2096 1918 2171 1939 cum
2195 1909 2262 1939 ins-

1253 1960 1357 1990 tantia
1375 1960 1603 1999 supplicarunt
1623 1962 1739 1990 11tta1n
1758 1961 1806 1990 eis
1818 1969 1919 1999 quam
1934 1961 2021 1991 dicto
2039 1962 2169 2000 negotio
2192 1970 2266 2000 pro-

1255 2014 1367 2043 videre
1393 2013 1571 2042 salubriter
1599 2022 1805 2047 curaremus,
1830 2014 1919 2052 quod
1950 2013 1985 2043 in
2015 2015 2129 2044 eodem
2163 2015 2264 2045 restat

1255 2066 1419 2104 agendum
1437 2066 1579 2104 negotio,
1598 2067 1752 2105 personis
1777 2066 1906 2096 idoneis
1922 2067 2168 2101 committendo,
2198 2067 2269 2106 qui·

1256 2119 1319 2149 bus
1347 2127 1462 2149 eorum
1489 2119 1668 2148 consilinm
1691 2122 1721 2149 et
1747 2119 1910 2149 auxilium
1935 2120 1969 2149 in
1993 2120 2059 2150 hiis
2075 2129 2138 2159 que.
2157 2121 2197 2150 ad
2213 2129 2270 2151 ex·

1258 2172 1456 2211 pedItionein
1490 2173 1595 2211 ipsius
1624 2173 1765 2203 viderint
1790 2164 1964 2211 oportuna,
1981 2173 2175 2204 subtrahere
2202 2182 2270 2205 non

1258 2225 1443 2255 intendunt.
1460 2226 1530 2255 Nos
1555 2226 1664 2264 itaque
1690 2226 1839 2256 nolentes
1855 2228 1890 2256 ut
1914 2226 2060 2265 amplius
2092 2227 2200 2266 ipsius
2212 2236 2268 2257 ne-

1256 2279 1336 2317 gotii
1364 2279 1512 2309 executio
1546 2279 1726 2314 differatur,
1766 2279 1929 2309 dictorum
1952 2281 2166 2310 executornm
2189 2288 2267 2319 sup-

1256 2332 1492 2370 plicationibus
1506 2332 1667 2367 inclinati,
1685 2333 1724 2362 de
1744 2341 1859 2362 eorum
1875 2333 2015 2363 consilio
2040 2333 2087 2363 sic
2109 2333 2268 2364 duximus

1255 2385 1511 2424 providendum,
1536 2387 1570 2415 ut
1591 2387 1732 2424 quatuor
1751 2386 1903 2424 personis
1926 2386 2104 2425 fidedignis
2128 2387 2162 2417 in
2180 2386 2270 2418 Urbe

1256 2439 1540 2469 connnorantilnis
1573 2438 1761 2477 supradicta
1790 2447 1848 2478 per
1881 2447 1941 2469 vos
1980 2439 2067 2469 idem
2102 2440 2270 2479 negotium

1255 2492 1492 2527 committatur,
1510 2492 1654 2530 11111111οι1
1673 2493 1738 2521 tres
1757 2500 1796 2521 ex
1814 2492 1895 2531 ipsis
1914 2492 1947 2521 in
1962 2501 2000 2522 00
2017 2493 2193 2531 procedere
2209 2492 2270 2523 mi-

1258 2545 1345 2575 nime
1370 2545 1501 2575 valeant
1527 2545 1600 2575 sine
1616 2546 1744 2583 quarta.
1767 2545 1930 2580 Quocirca
1950 2546 2143 2576 discretioni
2159 2547 2268 2576 vestre

1257 2607 1314 2637 per
1342 2598 1523 2637 apostolica
1548 2598 1669 2637 scripta
1693 2598 1726 2628 in
1754 2598 1876 2628 virtute
1901 2598 2100 2629 obtedientie
2121 2599 2269 2630 districte

1257 2652 1469 2690 precipiendo
1487 2651 1687 2681 mandamus
1704 2652 1868 2690 qnatenus
1884 2660 1956 2687 vos,
1974 2652 2036 2681 filii
2054 2654 2208 2687 rectores.
2229 2652 2270 2682 de

1258 2705 1478 2735 discretorum
1507 2704 1703 2734 clericorum
1730 2713 1835 2734 unum
1861 2704 2030 2740 clericum,
2055 2714 2192 2744 vosque,
2210 2705 2272 2735 filii

1259 2758 1387 2796 priores
1402 2759 1433 2788 et
1448 2757 1642 2796 guardiane,
1661 2757 1787 2796 singuli
1803 2758 1951 2788 vestrum
1968 2758 2124 2788 videlicet
2139 2757 2178 2788 de
2196 2766 2273 2788 con-

1260 2812 1421 2841 ventuum
1451 2812 1639 2841 vestrorum
1664 2811 1804 2841 consilio
1831 2811 1982 2849 singulos
2002 2811 2121 2841 fratres
2149 2811 2273 2841 vestro-

1261 2873 1335 2894 rum
1351 2864 1518 2899 ordinum,
1538 2863 1630 2894 viros
1642 2863 1770 2898 fideles,
1788 2864 1949 2902 ydoneos,
1965 2863 2148 2894 industrios
2163 2864 2194 2894 et
2209 2863 2270 2893 cir·

1262 2917 1469 2956 cnmspectos
1493 2916 1579 2947 dicto
1604 2917 1735 2955 negotio
1761 2917 1978 2956 deputandos,
1998 2916 2085 2946 infra
2107 2916 2177 2946 octo
2197 2915 2272 2946 dies
