2547 3289
1144 258 1378 296 ]AEUXIEME
1402 259 1564 297 ANNFJE.
2344 267 2394 294 isi

300 338 461 378 pellendi,
481 346 518 367 ac
536 347 595 376 pro
620 337 748 367 eisdem
770 337 1059 376 predicationilms
1080 336 1193 369 ferias,
1217 338 1316 375 prout
1349 354 1350 357 =

302 391 462 429 expedire
480 391 619 427 videris,
639 390 824 426 indicendi,
844 390 1047 420 concedendi
1064 398 1196 428 quoque
1213 389 1316 419 omni-

301 443 366 474 bus
394 453 472 474 vere
502 443 732 483 penitentibus
759 444 791 473 et
819 443 998 478 confessis,
1029 443 1084 482 qui
1114 443 1154 472 ad
1182 443 1318 472 easdem

303 498 563 527 convocationes
595 498 626 527 et
659 496 909 535 predicationes
941 498 1071 526 vestras
1102 496 1318 529 accesserint,
1350 490 1351 497 ¹

303 551 438 580 centum
469 549 601 579 dierum
634 545 896 588 indulgentiam,
931 548 1066 587 plenam
1104 549 1320 578 concedimus

304 603 504 633 auctoritate
531 602 738 641 presentium
763 603 975 640 potestatem.
1002 602 1077 631 Non
1107 601 1321 631 obstantibus

307 655 337 684 si
354 674 402 685 ——.
423 655 552 686 Taliter
570 656 674 694 igitur
694 657 728 684 tu
748 657 779 684 et
801 655 871 687 alii,
893 654 1016 692 quilms
1034 654 1227 692 hujusmodi
1250 663 1322 692 pre-
1351 652 1352 657 ’

305 708 487 738 dicationis
501 708 651 737 officium
667 707 807 737 duxeris
822 707 1113 741 committendum,
1126 707 1321 736 mandatum

307 761 532 800 apostolicum
551 769 653 799 super
680 760 741 790 hoc
766 759 887 798 exequi
913 760 1113 798 procuretis,
1138 760 1226 798 quod
1255 759 1321 796 pal-

306 822 395 843 mam
420 814 539 852 glorie,
568 822 631 852 que
659 812 786 843 bellum
811 813 873 842 Dei
902 812 1098 850 gerentibus
1122 812 1154 841 111
1179 812 1319 842 retribu-

304 867 433 896 tionem
460 866 500 896 ab
526 867 600 904 ipso
622 865 842 904 impenditur,
863 866 975 894 vestra
1001 865 1134 894 devotio
1161 873 1221 894 con
1244 865 1320 902 equi

306 921 491 949 mereatur.
512 920 635 949 Datum
661 919 750 957 apud
779 917 1067 954 UrDemveterem,
1090 927 1135 946 vn
1160 918 1322 947 kalendas

305 972 398 1005 maii,
419 981 505 1002 anno
523 972 573 1001 11⁰.
595 982 610 1000 »

397 1163 471 1194 374

870 1160 994 1187 Orvieto.
1010 1162 1026 1186 t)
1040 1160 1154 1196 janvicr
1174 1161 1251 1187 1203.

341 1255 441 1281 Eidem
467 1255 581 1281 mandat
614 1257 644 1281 ut
673 1254 865 1281 centesimam
893 1254 1023 1280 omnium
1056 1254 1323 1281 ecclesiasticorum

305 1306 509 1339 proventuum.
532 1304 560 1330 in
586 1311 675 1337 regno
706 1302 843 1330 Franciae
868 1311 900 1330 ac
929 1302 1035 1330 diocesi
1054 1303 1267 1334 Cameracensi,
1289 1304 1326 1330 ad

304 1352 545 1387 quinquennium,
562 1360 612 1387 pro
629 1360 766 1379 succursu
782 1352 885 1378 Terram
905 1352 1026 1378 Sanctae
1046 1360 1226 1384 concessam,
1243 1351 1325 1378 colli-

306 1404 365 1437 gat.
387 1402 463 1435 (Rau.
481 1403 524 1428 20.
543 1409 609 1428 ann.
633 1401 668 1433 11,
687 1406 716 1427 11ο
731 1402 794 1433 2311,
812 1401 858 1427 sol.
882 1402 931 1428 125
948 1406 985 1427 10.
1008 1401 1089 1428 lSi-(jl
1102 1408 1115 1429 1.

350 1534 364 1548 κ
383 1520 508 1550 Eidem.
529 1519 703 1550 Clamante
718 1519 885 1549 instanter
899 1519 940 1549 ad
957 1528 1019 1549 nos
1036 1528 1097 1557 pro
1115 1518 1238 1548 festino
1254 1528 1328 1549 suc—

307 1583 411 1605 cursu
429 1574 533 1604 Terra
552 1574 684 1609 Sancta,
707 1572 832 1603 Christi
857 1581 1013 1610 respersa
1032 1572 1210 1610 sanguine,
1238 1572 1327 1610 ipsa-

309 1636 385 1667 que,
398 1636 472 1657 cum
491 1627 533 1656 sit
549 1627 582 1656 in
598 1626 766 1665 angustiis
780 1625 1038 1656 vehementibus
1049 1625 1172 1664 posita,
1186 1625 1327 1655 tribula-

306 1680 459 1711 tionibus
493 1679 618 1710 afflicta
648 1679 830 1712 continuis,
851 1680 883 1708 et
915 1678 999 1708 diris
1027 1679 1141 1708 attrita
1166 1678 1323 1717 flagellis,

308 1733 496 1763 secundum
508 1732 663 1762 dolorum
679 1740 819 1762 suorum
832 1731 1086 1761 multitudinem
1104 1739 1183 1761 suas
1198 1731 1325 1761 lamen-

307 1787 454 1817 tationes
479 1785 629 1816 amarius
655 1785 851 1824 replicante,
876 1793 937 1815 nos
967 1784 1182 1814 miserabiles
1212 1784 1324 1822 ipsius

306 1842 395 1870 terre
413 1848 512 1869 voces
530 1839 658 1878 patulis
676 1838 903 1877 suscipientes
925 1837 1065 1868 auribus
1086 1847 1121 1867 ac
1140 1837 1323 1867 dolendum

307 1893 404 1923 illius
418 1895 544 1922 statum
557 1900 671 1922 amara
681 1891 952 1921 consideratione
962 1892 1156 1930 pensantes,
1169 1893 1200 1920 et
1213 1891 1325 1920 volen-

305 1948 357 1976 tes
373 1946 483 1976 eidem
495 1945 534 1975 de
551 1946 716 1984 oportuno
729 1944 883 1974 subsidio
896 1944 1087 1982 providere,
1102 1944 1324 1974 centesimam

304 1999 457 2029 omnium
479 1998 791 2029 ecclesiastiCorum
814 1999 1042 2036 proventuum
1061 1997 1155 2036 regni
1179 1997 1323 2027 Francie

306 2061 343 2083 ac
361 2052 510 2082 civitatis
529 2053 559 2082 et
577 2051 683 2081 totius
703 2051 849 2081 diocesis
871 2050 1140 2086 Cameracensis,
1159 2059 1268 2089 usque
1284 2050 1326 2080 ad

306 2105 592 2146 quinquennium,
605 2105 715 2135 eidem
730 2107 818 2135 terre
836 2113 897 2143 pro
919 2104 992 2143 ejus
1010 2113 1188 2138 succursu,
1203 2104 1242 2134 de
1261 2104 1324 2134 fra-

307 2161 398 2190 trum
416 2161 611 2190 nostrorum
632 2157 788 2192 consilio,
811 2158 974 2188 duximus
993 2158 1252 2194 concedendam,
1271 2166 1325 2187 ve-

306 2212 452 2243 nerabili
473 2212 569 2242 fratri
591 2213 747 2247 nostro..,
768 2211 1023 2250 archiepiscopo
1041 2211 1324 2250 Rothomagensi,

307 2267 342 2296 et
360 2266 484 2296 dilecto
503 2265 572 2296 filio
593 2265 756 2303 magistro
775 2264 907 2296 Oddoni
930 2264 970 2295 de
990 2265 1143 2301 Loriaco,
1164 2264 1325 2294 canonico

306 2319 496 2358 Bajocensi,
511 2327 571 2357 per
589 2319 725 2348 nostras
748 2317 810 2348 sub
828 2319 919 2348 certa
933 2318 1042 2348 forma
1059 2318 1193 2348 litteras
1212 2317 1322 2356 injun-

307 2374 425 2411 gentes
448 2373 484 2402 ut
500 2371 694 2410 hujusmodi
713 2371 934 2402 centesimam
954 2371 1140 2405 annuatim,
1159 2379 1268 2409 usque
1285 2370 1327 2400 ad

307 2425 497 2464 predictum
522 2424 805 2463 quinquennium,
830 2433 890 2463 per
916 2433 951 2454 se
973 2424 1028 2455 vel
1054 2433 1114 2463 per
1138 2424 1244 2454 alium
1265 2433 1326 2454 seu

309 2478 396 2508 alios
415 2478 543 2516 integre
558 2477 769 2516 colligentes,
784 2477 947 2516 quicquid
966 2477 1194 2516 colligeretur,
1211 2477 1275 2507 tibi
1294 2479 1326 2507 et
1355 2484 1356 2491 ¹

1356 2532 1357 2543 1
1386 2517 1438 2546 ter
1456 2515 1626 2545 intimare.
1651 2514 1775 2544 Datum
1799 2513 1886 2551 apud
1913 2511 2202 2546 Urhemveterem,
2227 2520 2243 2539 v
2262 2510 2339 2540 idus
2353 2510 2400 2549 ja-

309 2531 433 2562 dilecto
458 2531 527 2560 filio
556 2530 664 2560 nobili
688 2531 760 2560 viro
785 2531 931 2560 Johanni
958 2531 998 2560 de
1024 2530 1242 2566 Valencenis,
1271 2531 1327 2560 do-

309 2583 402 2614 mino
421 2583 570 2622 Cayphe,
591 2583 779 2622 assignare,
801 2583 874 2613 sine
904 2583 1055 2622 qualibet
1086 2583 1325 2617 diminutione,

310 2638 479 2673 curarent,
504 2636 539 2666 in
559 2636 671 2675 ipsius
690 2638 778 2666 terre
795 2635 1000 2672 subsidium,
1021 2645 1097 2666 cum
1116 2636 1258 2666 consilio
1276 2645 1327 2666 ca-

309 2690 443 2720 rissimi
461 2690 495 2719 in
513 2689 648 2720 Christo
665 2689 727 2719 filii
747 2689 894 2724 nostri..,
913 2689 1061 2719 illustris
1076 2689 1166 2728 regis
1182 2690 1327 2720 Franco-

309 2752 399 2779 rum,
418 2751 478 2782 per
496 2751 556 2773 vos
575 2742 722 2773 fideliter
745 2742 1029 2777 convertendum,
1050 2742 1249 2781 rescripturi
1269 2751 1327 2772 110-
1357 2779 1358 2786 ἶ

309 2792 365 2822 bis
380 2792 462 2831 quid
476 2793 508 2821 et
526 2792 691 2830 quantum
704 2793 736 2821 01
750 2800 768 2821 a
782 2790 906 2829 quibus
923 2791 962 2821 de
974 2791 1125 2829 predicta
1143 2791 1329 2821 centesima

310 2845 437 2884 colligi,
451 2846 484 2875 et
496 2845 661 2884 quantum
675 2843 777 2874 etiam
789 2843 853 2874 tibi
865 2845 897 2874 et
910 2843 978 2883 ipsi
994 2843 1100 2874 nobili
1117 2844 1327 2883 contingeret
1357 2839 1359 2850 ‘

310 2907 493 2938 assignari.

351 2951 417 2982 Sed
434 2951 523 2981 idem
543 2949 818 2989 archiepiscopus
836 2958 935 2980 aures
961 2958 1041 2979 suas
1068 2949 1108 2979 ad
1133 2948 1328 2988 hujusmodi

1382 337 1491 375 ipsius
1519 339 1606 367 terr(¹
1631 336 1796 366 clamores
1820 336 1983 365 obturans
2003 335 2230 373 claudensque
2251 346 2261 374 1
2273 337 2395 372 cuitus,

1379 408 1417 411 —-
1443 390 1637 419 mandatum
1662 398 1762 427 sup-*r
1786 389 1845 418 hoc
1874 388 2096 427 apostolicum
2116 388 2237 426 exequi
2257 398 2316 427 pro
2336 398 2396 418 sua

1381 443 1552 473 voluntate
1588 442 1808 480 contempsit;
1838 442 1975 480 propter
2008 441 2096 479 quod
2126 442 2155 470 et
2186 441 2265 479 quia
2294 442 2395 471 etiam

1384 496 1520 533 quidam
1540 495 1660 534 prelati
1679 495 1757 524 dicti
1780 495 1884 531 regni,
1902 494 2094 532 hujusmodi
2112 494 2281 523 intellecto
2300 503 2396 533 nego-

1384 548 1441 581 tio,
1468 549 1507 577 ad
1532 548 1645 577 scdcm
1680 550 1815 586 propter
1842 547 1901 576 hoc
1927 547 2145 585 apostsdisani
2172 547 2397 585 appellarunt,

1384 601 1521 639 aliquod
1540 601 1647 630 cidcin
1671 603 1756 630 terre
1779 601 1992 630 commodum
2018 609 2057 629 ex
2080 600 2273 639 hujusmodi
2292 600 2400 638 gratia

1387 663 1447 683 non
1474 655 1637 692 provenit.
1659 654 1729 684 Nos
1748 654 1860 691 igitur,
1879 653 1934 691 qui
1955 653 2104 690 ejusdcm
2125 656 2210 683 terre
2226 653 2401 691 angustias

1385 709 1412 736 et
1432 716 1611 745 pressuras
1628 707 1757 736 oculata
1775 707 1836 736 tide
1855 707 2073 742 cognovimus
2091 709 2119 735 et
2136 707 2284 744 propriis
2301 706 2397 744 quasi

1386 759 1600 797 palpavimus
1631 759 1800 789 1111111111110.
1826 760 2000 797 cupicntcs
2029 759 2288 788 christianitatis
2323 759 2398 788 reli-

1385 812 1475 850 quiis
1501 822 1564 850 que
1592 814 1825 842 remanserunt
1845 812 1981 847 ibidem,
2001 814 2030 841 ct
2050 812 2113 850 ipsi
2132 813 2233 842 etiam
2252 816 2340 842 terre
2358 812 2398 841 de

1386 867 1551 903 oportuno
1583 865 1748 898 01111011110,
1779 865 1838 894 hoc
1874 865 2052 903 presertim
2084 867 2233 903 tempore
2261 874 2326 903 quo
2357 874 2398 894 cx

1385 918 1619 955 persecutione
1641 918 1812 947 Tartarica
1841 926 1998 955 magnum
2018 919 2067 947 eis
2085 917 2270 955 periculum
2292 918 2399 947 immi-
2428 944 2430 946 ,

1386 971 1452 1005 1101,
1474 971 1660 1008 apostolica
1678 971 1907 1000 sollicitudine
1928 970 2119 1000 subvenire.
2143 971 2222 1008 quia
2240 970 2398 999 nolumus

1387 1023 1475 1061 quod
1494 1023 1603 1053 eidem
1622 1026 1709 1053 terre
1728 1023 1902 1053 011115011111
1920 1023 1979 1052 hoc
1996 1023 2035 1052 ab
2055 1024 2128 1061 ipso
2147 1023 2398 1062 archiepiscopo

1340 1069 1342 1071 ’
1387 1076 1560 1114 diligentia
1593 1077 1635 1106 011
1663 1077 1859 1114 dampnosa,
1885 1078 1928 1106 te.
1955 1077 2051 1115 cujus
2081 1076 2342 1105 sollicitudinem
2367 1078 2397 1106 et

1387 1129 1597 1168 vigilantiam
1632 1139 1692 1168 pro
1729 1130 1837 1168 ipsius
1870 1131 1957 1159 terre
1998 1130 2129 1167 negotio
2167 1130 2399 1167 experimento

1387 1183 1619 1221 cognovimus,
1641 1183 1681 1212 ad
1709 1183 1933 1221 colligendum
1958 1183 2151 1221 hujusmodi
2180 1183 2399 1212 centesimam

1387 1236 1549 1266 duximus
1569 1237 1810 1275 deputandum.

1426 1289 1509 1319 Cum
1546 1290 1670 1328 itaque,
1700 1290 1928 1328 preda-hirnia
1963 1289 2092 1319 nuntiis
2124 1289 2330 1327 prelatorum
2365 1289 2398 1318 in

1388 1345 1503 1373 nostra
1528 1343 1699 1381 presentia
1729 1343 1935 1377 constitutis,
1960 1351 2020 1381 per
2052 1351 2112 1372 1105
2144 1342 2257 1376 suerit,
2284 1342 2400 1380 preha-

1386 1396 1456 1427 hita
1492 1396 1635 1426 fratrum
1669 1398 1861 1426 nostrorum
1904 1395 2160 1431 deliberatione,
2197 1404 2398 1434 responsum

1388 1450 1488 1489 quod,
1504 1459 1568 1479 non
1584 1449 1738 1479 obstante
1757 1449 1985 1488 appellatione
2001 1449 2210 1487 hujusmodi,
2229 1457 2329 1488 quam
2345 1449 2401 1478 fri-

1386 1503 1849 1542 110111(5ῐώ101111111111111115,111
1866 1503 1983 1532 00110111
2000 1502 2134 1540 procedi
2146 1502 2402 1540 negoci0,juxta

1388 1557 1532 1587 formam
1550 1556 1713 1594 predictis
1731 1555 1984 1594 archiepiscopo
2003 1557 2033 1585 et
2051 1555 2211 1584 canonico
2225 1564 2327 1593 super
2340 1555 2400 1585 hoc

1386 1610 1557 1644 traditam,
1587 1609 1786 1642 faceremus,
1810 1608 2014 1638 fraternitati
2043 1610 2097 1638 tue
2126 1617 2185 1646 per
2215 1608 2401 1646 apostolica

1387 1663 1513 1701 scripta
1537 1662 1690 1692 districte
1715 1661 1932 1700 precipiendo
1954 1662 2156 1691 mandamus
2175 1661 2334 1699 quatinus
2360 1661 2400 1690 ad

1386 1717 1572 1756 predictum
1596 1724 1736 1754 regnum
1762 1717 1792 1745 te
1817 1715 2042 1753 personaliter
2061 1714 2248 1749 conferens,
2271 1714 2399 1752 predic-

1387 1772 1456 1799 tam
1477 1769 1697 1799 centesimam
1723 1769 1757 1798 in
1777 1777 1890 1807 regno,
1913 1768 2049 1797 civitate
2071 1776 2106 1797 ac
2131 1767 2258 1797 diocesi
2282 1776 2399 1805 supra-

1355 1843 1356 1850 ,
1389 1823 1489 1852 dictis
1509 1831 1568 1861 per
1587 1824 1618 1852 te
1636 1822 1689 1852 vel
1716 1831 1775 1860 per
1796 1821 1900 1851 alium
1925 1829 1985 1850 sou
2003 1820 2089 1850 alios
2108 1821 2290 1850 et'licaciter
2307 1820 2400 1850 colli—

1386 1885 1463 1915 gere
1478 1876 1627 1909 studeas,
1642 1875 1741 1914 juxta
1756 1875 1984 1913 predictarum
2001 1874 2204 1903 directarum
2222 1882 2324 1912 super
2340 1873 2400 1903 hoc

1387 1930 1515 1960 eisdem
1535 1929 1788 1967 archiepiscopo
1808 1929 1840 1957 et
1863 1927 2022 1957 canonico
2048 1927 2289 1957 continentiam
2310 1927 2398 1957 litte-

1388 1992 1513 2012 rarum.
1539 1983 1783 2012 Verumtamen
1806 1981 1962 2011 volumus
1987 1982 2021 2010 ut
2039 1980 2201 2018 quicquid
2220 1989 2279 2019 per
2296 1982 2328 2009 te
2346 1980 2399 2010 vel

1386 2045 1447 2075 per
1463 2036 1568 2066 alium
1588 2044 1647 2065 seu
1666 2035 1752 2065 alios
1766 2035 1806 2064 de
1825 2034 2008 2064 centesima
2027 2034 2195 2072 premissa
2210 2033 2399 2072 collegeris,

1387 2089 1450 2119 sub
1482 2089 1728 2127 tidedignarum
1762 2096 1985 2126 personarum
2020 2087 2217 2117 testimonio
2251 2086 2400 2125 deponas

1387 2143 1533 2173 fideliter
1552 2142 1585 2171 in
1605 2141 1777 2180 aliquibus
1795 2141 1880 2170 tutis
1906 2141 2000 2176 locis,
2028 2140 2291 2169 convertendum
2310 2141 2404 2178 post-

1355 2213 1356 2216 =
1387 2196 1524 2226 modum
1540 2195 1580 2225 de
1594 2194 1755 2224 mandato
1768 2197 1893 2226 nostro,
1908 2202 1982 2223 cum
1999 2192 2141 2223 consilio
2155 2192 2297 2231 predicti
2313 2192 2401 2229 regis

1388 2251 1419 2279 01
1438 2249 1552 2279 dilecti
1571 2248 1633 2278 filii
1654 2247 1837 2283 willelmi,
1859 2246 1956 2276 electi
1975 2246 2254 2281 Jerosolimitani,
2282 2245 2314 2274 111
2339 2245 2402 2275 1111-

1387 2303 1519 2333 litatem
1536 2303 1567 2332 et
1585 2301 1777 2331 subsidium
1795 2300 1883 2330 dicte
1897 2302 1996 2330 terre.
2015 2299 2103 2334 Ouid
2119 2301 2231 2329 autem
2249 2301 2279 2328 et
2298 2307 2401 2337 quan-

1387 2357 1459 2386 tum
1478 2356 1518 2385 de
1536 2356 1720 2385 centesima
1741 2353 1813 2392 ipsa
1837 2353 2016 2383 collectum
2037 2352 2150 2382 fuerit.
2175 2353 2203 2381 et
2223 2351 2280 2381 ubi
2299 2353 2330 2381 et
2349 2360 2401 2381 co·

1356 2404 1357 2414 ¹
1388 2418 1460 2439 ram
1489 2408 1614 2447 quibus
1646 2407 1733 2437 illud
1763 2406 1976 2445 deposueris,
2010 2407 2042 2435 et
2072 2405 2265 2444 hujusmodi
2298 2404 2400 2434 etiam

1388 2461 1535 2501 depositi
1556 2461 1779 2500 quantitatem
1798 2459 1895 2489 nobis
1914 2459 1981 2488 tuis
1999 2459 2122 2489 litteris
2139 2458 2276 2487 studeas
2294 2457 2400 2487 fideli-

1388 2568 1511 2605 nuarii,
1531 2576 1617 2598 anno
1636 2567 1692 2597 11⁰.
1713 2579 1727 2594 »

1961 2764 2087 2798 Orvicto,
2109 2765 2139 2791 12.
2155 2773 2233 2791 mars
2251 2765 2328 2792 1203.

1477 2770 1550 2801 375

1425 2853 1524 2880 Eidem
1542 2852 1658 2879 mandat
1674 2853 1703 2878 ut
1721 2851 1748 2877 in
1761 2858 1850 2885 regno
1863 2849 2000 2877 Franciae
2017 2857 2127 2877 necnon
2142 2849 2170 2876 in
2186 2849 2399 2880 Cameracensi,

1389 2901 1527 2932 Tullensi,
1553 2899 1714 2931 Leodiensi,
1733 2898 1852 2926 Mctensi
1871 2900 1899 2925 ct
1925 2897 2094 2924 Virduncnsi
2114 2897 2286 2929 diocesibus,
2301 2904 2400 2923 execu-

1390 2951 1501 2979 toribus
1518 2950 1553 2977 ab
1570 2949 1728 2984 apostolica
1744 2949 1810 2975 sede
1828 2947 1972 2975 concessis
1989 2946 2116 2974 inhibeat
2131 2954 2164 2972 111·
2179 2947 2213 2973 ad
2229 2945 2400 2980 redemptio-
