<?xml version="1.0" encoding="UTF-8"?>
<!DOCTYPE html PUBLIC "-//W3C//DTD XHTML 1.0 Transitional//EN"
    "http://www.w3.org/TR/xhtml1/DTD/xhtml1-transitional.dtd">
<html xmlns="http://www.w3.org/1999/xhtml" xml:lang="en" lang="en">
 <head>
  <title>
</title>
<meta http-equiv="Content-Type" content="text/html;charset=utf-8" />
  <meta name='ocr-system' content='tesseract 3.04.00' />
  <meta name='ocr-capabilities' content='ocr_page ocr_carea ocr_par ocr_line ocrx_word'/>
</head>
<body>
  <div class='ocr_page' id='page_1' title='image "./lesregistresdurb12cath/lesregistresdurb12cath_0367.png"; bbox 0 0 2547 3289; ppageno 0'>
   <div class='ocr_carea' id='block_1_1' title="bbox 1086 251 1513 291">
    <p class='ocr_par' dir='ltr' id='par_1_1' title="bbox 1086 251 1513 291">
     <span class='ocr_line' id='line_1_1' title="bbox 1086 251 1513 291; baseline 0.009 -4"><span class='ocrx_word' id='word_1_1' title='bbox 1086 251 1325 289; x_wconf 74' lang='lat' dir='ltr'>DEUXIEME</span> <span class='ocrx_word' id='word_1_2' title='bbox 1349 253 1513 291; x_wconf 75' lang='lat' dir='ltr'>ANNEE.</span> 
     </span>
    </p>
   </div>
   <div class='ocr_carea' id='block_1_2' title="bbox 248 338 1302 3018">
    <p class='ocr_par' dir='ltr' id='par_1_2' title="bbox 248 338 1302 1485">
     <span class='ocr_line' id='line_1_2' title="bbox 256 338 1266 378; baseline -0.002 -8"><span class='ocrx_word' id='word_1_3' title='bbox 256 340 329 378; x_wconf 90' lang='lat' dir='ltr'>capi</span> <span class='ocrx_word' id='word_1_4' title='bbox 344 339 496 370; x_wconf 84' lang='lat' dir='ltr'>faciendo</span> <span class='ocrx_word' id='word_1_5' title='bbox 513 349 549 370; x_wconf 88' lang='lat' dir='ltr'>ac</span> <span class='ocrx_word' id='word_1_6' title='bbox 565 339 720 375; x_wconf 84' lang='lat' dir='ltr'>detineri,</span> <span class='ocrx_word' id='word_1_7' title='bbox 733 339 764 369; x_wconf 92' lang='lat' dir='ltr'>et</span> <span class='ocrx_word' id='word_1_8' title='bbox 780 338 951 369; x_wconf 79' lang='lat' dir='ltr'>nonnullis</span> <span class='ocrx_word' id='word_1_9' title='bbox 964 338 1114 377; x_wconf 85' lang='lat' dir='ltr'>ipsorum</span> <span class='ocrx_word' id='word_1_10' title='bbox 1130 339 1266 377; x_wconf 84' lang='lat' dir='ltr'>angaria</span> 
     </span>
     <span class='ocr_line' id='line_1_3' title="bbox 255 391 1267 432; baseline -0.002 -9"><span class='ocrx_word' id='word_1_11' title='bbox 255 393 288 423; x_wconf 89' lang='lat' dir='ltr'>et</span> <span class='ocrx_word' id='word_1_12' title='bbox 302 393 499 432; x_wconf 79' lang='lat' dir='ltr'>perangaria</span> <span class='ocrx_word' id='word_1_13' title='bbox 515 394 546 422; x_wconf 90' lang='lat' dir='ltr'>et</span> <span class='ocrx_word' id='word_1_14' title='bbox 561 393 627 422; x_wconf 89' lang='lat' dir='ltr'>alia</span> <span class='ocrx_word' id='word_1_15' title='bbox 657 400 757 422; x_wconf 86' lang='lat' dir='ltr'>onera</span> <span class='ocrx_word' id='word_1_16' title='bbox 773 391 975 430; x_wconf 90' lang='lat' dir='ltr'>imponendo</span> <span class='ocrx_word' id='word_1_17' title='bbox 994 393 1024 421; x_wconf 88' lang='lat' dir='ltr'>et</span> <span class='ocrx_word' id='word_1_18' title='bbox 1042 391 1082 421; x_wconf 90' lang='lat' dir='ltr'>ab</span> <span class='ocrx_word' id='word_1_19' title='bbox 1098 391 1145 421; x_wconf 90' lang='lat' dir='ltr'>eis</span> <span class='ocrx_word' id='word_1_20' title='bbox 1161 393 1267 422; x_wconf 80' lang='lat' dir='ltr'>extor-</span> 
     </span>
     <span class='ocr_line' id='line_1_4' title="bbox 255 444 1268 484; baseline 0 -9"><span class='ocrx_word' id='word_1_21' title='bbox 255 445 397 484; x_wconf 85' lang='lat' dir='ltr'>quendo,</span> <span class='ocrx_word' id='word_1_22' title='bbox 408 446 439 475; x_wconf 90' lang='lat' dir='ltr'>et</span> <span class='ocrx_word' id='word_1_23' title='bbox 454 445 669 483; x_wconf 80' lang='lat' dir='ltr'><strong>quamplures</strong></span> <span class='ocrx_word' id='word_1_24' title='bbox 684 444 865 475; x_wconf 90' lang='lat' dir='ltr'>eorundem</span> <span class='ocrx_word' id='word_1_25' title='bbox 881 445 1051 483; x_wconf 79' lang='lat' dir='ltr'>tamquam</span> <span class='ocrx_word' id='word_1_26' title='bbox 1067 453 1182 475; x_wconf 82' lang='lat' dir='ltr'>servos</span> <span class='ocrx_word' id='word_1_27' title='bbox 1196 454 1268 484; x_wconf 85' lang='lat' dir='ltr'>pro-</span> 
     </span>
     <span class='ocr_line' id='line_1_5' title="bbox 255 497 1267 536; baseline 0 -8"><span class='ocrx_word' id='word_1_28' title='bbox 255 498 347 536; x_wconf 89' lang='lat' dir='ltr'>prios</span> <span class='ocrx_word' id='word_1_29' title='bbox 368 498 523 536; x_wconf 86' lang='lat' dir='ltr'>subjugo</span> <span class='ocrx_word' id='word_1_30' title='bbox 541 497 714 527; x_wconf 88' lang='lat' dir='ltr'>servitutis</span> <span class='ocrx_word' id='word_1_31' title='bbox 737 497 966 535; x_wconf 55' lang='lat' dir='ltr'>opprimendm</span> <span class='ocrx_word' id='word_1_32' title='bbox 983 498 1014 527; x_wconf 90' lang='lat' dir='ltr'>et</span> <span class='ocrx_word' id='word_1_33' title='bbox 1036 497 1209 528; x_wconf 74' lang='lat' dir='ltr'>vendendo</span> <span class='ocrx_word' id='word_1_34' title='bbox 1230 506 1267 528; x_wconf 86' lang='lat' dir='ltr'>ac</span> 
     </span>
     <span class='ocr_line' id='line_1_6' title="bbox 255 550 1267 585; baseline 0.001 -5"><span class='ocrx_word' id='word_1_35' title='bbox 255 550 395 581; x_wconf 88' lang='lat' dir='ltr'>locando</span> <span class='ocrx_word' id='word_1_36' title='bbox 422 559 482 580; x_wconf 89' lang='lat' dir='ltr'>seu</span> <span class='ocrx_word' id='word_1_37' title='bbox 515 550 615 580; x_wconf 85' lang='lat' dir='ltr'>etiam</span> <span class='ocrx_word' id='word_1_38' title='bbox 646 550 764 580; x_wconf 82' lang='lat' dir='ltr'>redimi</span> <span class='ocrx_word' id='word_1_39' title='bbox 794 550 957 585; x_wconf 88' lang='lat' dir='ltr'>faciendo,</span> <span class='ocrx_word' id='word_1_40' title='bbox 984 558 1021 580; x_wconf 97' lang='grc'>30</span> <span class='ocrx_word' id='word_1_41' title='bbox 1048 550 1163 580; x_wconf 91' lang='lat' dir='ltr'>multis</span> <span class='ocrx_word' id='word_1_42' title='bbox 1189 550 1267 581; x_wconf 87' lang='lat' dir='ltr'>aliis</span> 
     </span>
     <span class='ocr_line' id='line_1_7' title="bbox 256 603 1266 642; baseline 0.001 -10"><span class='ocrx_word' id='word_1_43' title='bbox 256 603 491 633; x_wconf 82' lang='lat' dir='ltr'>vexationibus</span> <span class='ocrx_word' id='word_1_44' title='bbox 514 604 545 633; x_wconf 89' lang='lat' dir='ltr'>et</span> <span class='ocrx_word' id='word_1_45' title='bbox 562 603 815 641; x_wconf 85' lang='lat' dir='ltr'>gravaminibus</span> <span class='ocrx_word' id='word_1_46' title='bbox 839 603 974 633; x_wconf 87' lang='lat' dir='ltr'>eosdem</span> <span class='ocrx_word' id='word_1_47' title='bbox 992 603 1131 633; x_wconf 84' lang='lat' dir='ltr'>clericos</span> <span class='ocrx_word' id='word_1_48' title='bbox 1147 604 1178 633; x_wconf 90' lang='lat' dir='ltr'>et</span> <span class='ocrx_word' id='word_1_49' title='bbox 1193 612 1266 642; x_wconf 88' lang='lat' dir='ltr'>per·</span> 
     </span>
     <span class='ocr_line' id='line_1_8' title="bbox 253 655 1299 695; baseline 0 -9"><span class='ocrx_word' id='word_1_50' title='bbox 253 664 354 686; x_wconf 85' lang='lat' dir='ltr'>sonas</span> <span class='ocrx_word' id='word_1_51' title='bbox 381 655 624 686; x_wconf 86' lang='lat' dir='ltr'>ecclesiasticas</span> <span class='ocrx_word' id='word_1_52' title='bbox 655 656 846 694; x_wconf 81' lang='lat' dir='ltr'>affligendo,</span> <span class='ocrx_word' id='word_1_53' title='bbox 874 656 1030 694; x_wconf 76' lang='lat' dir='ltr'>quamvis</span> <span class='ocrx_word' id='word_1_54' title='bbox 1058 656 1187 686; x_wconf 90' lang='lat' dir='ltr'>nullum</span> <span class='ocrx_word' id='word_1_55' title='bbox 1210 657 1266 695; x_wconf 78' lang='lat' dir='ltr'>Jus</span> <span class='ocrx_word' id='word_1_56' title='bbox 1298 665 1299 670; x_wconf 58' lang='lat'>¹</span> 
     </span>
     <span class='ocr_line' id='line_1_9' title="bbox 253 708 1266 747; baseline 0.001 -9"><span class='ocrx_word' id='word_1_57' title='bbox 253 708 394 738; x_wconf 78' lang='lat' dir='ltr'><strong>habeant</strong></span> <span class='ocrx_word' id='word_1_58' title='bbox 408 709 488 739; x_wconf 85' lang='lat' dir='ltr'>talia</span> <span class='ocrx_word' id='word_1_59' title='bbox 504 708 661 739; x_wconf 84' lang='lat' dir='ltr'>faciendi.</span> <span class='ocrx_word' id='word_1_60' title='bbox 681 709 790 744; x_wconf 82' lang='lat' dir='ltr'>Quare</span> <span class='ocrx_word' id='word_1_61' title='bbox 805 709 886 747; x_wconf 89' lang='lat' dir='ltr'>petit</span> <span class='ocrx_word' id='word_1_62' title='bbox 903 709 1145 739; x_wconf 68' lang='lat' dir='ltr'>sententialiter</span> <span class='ocrx_word' id='word_1_63' title='bbox 1159 709 1266 739; x_wconf 86' lang='lat' dir='ltr'>decla-</span> 
     </span>
     <span class='ocr_line' id='line_1_10' title="bbox 253 761 1265 798; baseline 0.001 -7"><span class='ocrx_word' id='word_1_64' title='bbox 253 761 319 791; x_wconf 90' lang='lat' dir='ltr'>rari</span> <span class='ocrx_word' id='word_1_65' title='bbox 336 762 441 792; x_wconf 70' lang='lat' dir='ltr'>dictos</span> <span class='ocrx_word' id='word_1_66' title='bbox 460 762 591 798; x_wconf 90' lang='lat' dir='ltr'>ducem,</span> <span class='ocrx_word' id='word_1_67' title='bbox 611 762 789 792; x_wconf 89' lang='lat' dir='ltr'>consilium</span> <span class='ocrx_word' id='word_1_68' title='bbox 811 763 842 792; x_wconf 85' lang='lat' dir='ltr'>et</span> <span class='ocrx_word' id='word_1_69' title='bbox 858 769 1033 792; x_wconf 88' lang='lat' dir='ltr'>commune</span> <span class='ocrx_word' id='word_1_70' title='bbox 1059 770 1125 791; x_wconf 90' lang='lat' dir='ltr'>non</span> <span class='ocrx_word' id='word_1_71' title='bbox 1143 761 1265 792; x_wconf 90' lang='lat' dir='ltr'>habere</span> 
     </span>
     <span class='ocr_line' id='line_1_11' title="bbox 248 813 1264 853; baseline -0.001 -9"><span class='ocrx_word' id='word_1_72' title='bbox 248 813 306 852; x_wconf 86' lang='lat' dir='ltr'>jus</span> <span class='ocrx_word' id='word_1_73' title='bbox 326 814 476 853; x_wconf 81' lang='lat' dir='ltr'>predicta</span> <span class='ocrx_word' id='word_1_74' title='bbox 493 814 638 845; x_wconf 84' lang='lat' dir='ltr'>faelendi</span> <span class='ocrx_word' id='word_1_75' title='bbox 656 814 709 844; x_wconf 85' lang='lat' dir='ltr'>vel</span> <span class='ocrx_word' id='word_1_76' title='bbox 726 814 851 844; x_wconf 78' lang='lat' dir='ltr'>similia</span> <span class='ocrx_word' id='word_1_77' title='bbox 869 814 903 843; x_wconf 87' lang='lat' dir='ltr'>in</span> <span class='ocrx_word' id='word_1_78' title='bbox 921 814 1075 852; x_wconf 87' lang='lat' dir='ltr'>personis</span> <span class='ocrx_word' id='word_1_79' title='bbox 1092 814 1264 851; x_wconf 75' lang='lat' dir='ltr'>predictis,</span> 
     </span>
     <span class='ocr_line' id='line_1_12' title="bbox 251 865 1264 905; baseline -0.001 -9"><span class='ocrx_word' id='word_1_80' title='bbox 251 875 289 896; x_wconf 89' lang='lat' dir='ltr'>ac</span> <span class='ocrx_word' id='word_1_81' title='bbox 305 867 440 897; x_wconf 87' lang='lat' dir='ltr'>eosdem</span> <span class='ocrx_word' id='word_1_82' title='bbox 459 866 703 897; x_wconf 80' lang='lat' dir='ltr'>sententialiter</span> <span class='ocrx_word' id='word_1_83' title='bbox 721 866 973 905; x_wconf 88' lang='lat' dir='ltr'>condempnari,</span> <span class='ocrx_word' id='word_1_84' title='bbox 993 867 1029 895; x_wconf 90' lang='lat' dir='ltr'>ut</span> <span class='ocrx_word' id='word_1_85' title='bbox 1045 865 1152 896; x_wconf 88' lang='lat' dir='ltr'>dictos</span> <span class='ocrx_word' id='word_1_86' title='bbox 1171 866 1264 896; x_wconf 87' lang='lat' dir='ltr'>cleri-</span> 
     </span>
     <span class='ocr_line' id='line_1_13' title="bbox 251 913 1301 958; baseline -0.002 -8"><span class='ocrx_word' id='word_1_87' title='bbox 251 928 308 950; x_wconf 88' lang='lat' dir='ltr'>cos</span> <span class='ocrx_word' id='word_1_88' title='bbox 320 921 351 950; x_wconf 89' lang='lat' dir='ltr'>et</span> <span class='ocrx_word' id='word_1_89' title='bbox 362 920 604 950; x_wconf 80' lang='lat' dir='ltr'>ecclesiast-icas</span> <span class='ocrx_word' id='word_1_90' title='bbox 617 928 778 958; x_wconf 77' lang='lat' dir='ltr'>personas</span> <span class='ocrx_word' id='word_1_91' title='bbox 791 918 983 957; x_wconf 76' lang='lat' dir='ltr'>permittant</span> <span class='ocrx_word' id='word_1_92' title='bbox 997 918 1102 948; x_wconf 90' lang='lat' dir='ltr'>libere</span> <span class='ocrx_word' id='word_1_93' title='bbox 1114 920 1144 948; x_wconf 89' lang='lat' dir='ltr'>et</span> <span class='ocrx_word' id='word_1_94' title='bbox 1157 918 1266 957; x_wconf 89' lang='lat' dir='ltr'>quiete</span> <span class='ocrx_word' id='word_1_95' title='bbox 1300 913 1301 922; x_wconf 58' lang='lat'>¹</span> 
     </span>
     <span class='ocr_line' id='line_1_14' title="bbox 251 970 1264 1010; baseline -0.002 -8"><span class='ocrx_word' id='word_1_96' title='bbox 251 972 397 1010; x_wconf 88' lang='lat' dir='ltr'>predicto</span> <span class='ocrx_word' id='word_1_97' title='bbox 418 972 667 1010; x_wconf 81' lang='lat' dir='ltr'>archiepiscopo</span> <span class='ocrx_word' id='word_1_98' title='bbox 692 973 861 1009; x_wconf 78' lang='lat' dir='ltr'>tamquam</span> <span class='ocrx_word' id='word_1_99' title='bbox 884 980 944 1000; x_wconf 86' lang='lat' dir='ltr'>suo</span> <span class='ocrx_word' id='word_1_100' title='bbox 967 970 1094 1009; x_wconf 85' lang='lat' dir='ltr'>prelato</span> <span class='ocrx_word' id='word_1_101' title='bbox 1118 971 1264 1006; x_wconf 89' lang='lat' dir='ltr'>obedire,</span> 
     </span>
     <span class='ocr_line' id='line_1_15' title="bbox 252 1023 1301 1062; baseline -0.001 -8"><span class='ocrx_word' id='word_1_102' title='bbox 252 1025 434 1058; x_wconf 85' lang='lat' dir='ltr'>intendere,</span> <span class='ocrx_word' id='word_1_103' title='bbox 445 1033 481 1054; x_wconf 88' lang='lat' dir='ltr'>ac</span> <span class='ocrx_word' id='word_1_104' title='bbox 492 1025 531 1054; x_wconf 85' lang='lat' dir='ltr'>de</span> <span class='ocrx_word' id='word_1_105' title='bbox 543 1024 678 1062; x_wconf 87' lang='lat' dir='ltr'>juribus</span> <span class='ocrx_word' id='word_1_106' title='bbox 694 1023 1037 1062; x_wconf 85' lang='lat' dir='ltr'>archiepiscopalibus</span> <span class='ocrx_word' id='word_1_107' title='bbox 1053 1025 1083 1053; x_wconf 90' lang='lat' dir='ltr'>et</span> <span class='ocrx_word' id='word_1_108' title='bbox 1099 1024 1267 1062; x_wconf 82' lang='lat' dir='ltr'>episcopa·</span> <span class='ocrx_word' id='word_1_109' title='bbox 1300 1033 1301 1043; x_wconf 60' lang='lat'>¹</span> 
     </span>
     <span class='ocr_line' id='line_1_16' title="bbox 252 1075 1266 1114; baseline -0.002 -8"><span class='ocrx_word' id='word_1_110' title='bbox 252 1075 342 1106; x_wconf 88' lang='lat' dir='ltr'>libus</span> <span class='ocrx_word' id='word_1_111' title='bbox 353 1076 461 1106; x_wconf 83' lang='lat' dir='ltr'>eidem</span> <span class='ocrx_word' id='word_1_112' title='bbox 474 1075 686 1114; x_wconf 78' lang='lat' dir='ltr'>respondere,</span> <span class='ocrx_word' id='word_1_113' title='bbox 696 1076 725 1105; x_wconf 92' lang='lat' dir='ltr'>et</span> <span class='ocrx_word' id='word_1_114' title='bbox 737 1084 802 1113; x_wconf 82' lang='lat' dir='ltr'>quo</span> <span class='ocrx_word' id='word_1_115' title='bbox 815 1075 873 1105; x_wconf 84' lang='lat' dir='ltr'>lab</span> <span class='ocrx_word' id='word_1_116' title='bbox 885 1075 1077 1114; x_wconf 86' lang='lat' dir='ltr'>hujusmodi</span> <span class='ocrx_word' id='word_1_117' title='bbox 1090 1075 1266 1111; x_wconf 71' lang='lat' dir='ltr'>molestiis,</span> 
     </span>
     <span class='ocr_line' id='line_1_17' title="bbox 251 1127 1266 1167; baseline 0 -9"><span class='ocrx_word' id='word_1_118' title='bbox 251 1128 506 1167; x_wconf 86' lang='lat' dir='ltr'>gravaminibus</span> <span class='ocrx_word' id='word_1_119' title='bbox 528 1129 559 1158; x_wconf 83' lang='lat' dir='ltr'>et</span> <span class='ocrx_word' id='word_1_120' title='bbox 581 1128 740 1158; x_wconf 89' lang='lat' dir='ltr'>oneribus</span> <span class='ocrx_word' id='word_1_121' title='bbox 761 1127 923 1158; x_wconf 77' lang='lat' dir='ltr'>desistant</span> <span class='ocrx_word' id='word_1_122' title='bbox 941 1129 971 1158; x_wconf 91' lang='lat' dir='ltr'>et</span> <span class='ocrx_word' id='word_1_123' title='bbox 996 1128 1190 1166; x_wconf 82' lang='lat' dir='ltr'>permittant</span> <span class='ocrx_word' id='word_1_124' title='bbox 1209 1136 1266 1158; x_wconf 89' lang='lat' dir='ltr'>eos</span> 
     </span>
     <span class='ocr_line' id='line_1_18' title="bbox 251 1180 1299 1219; baseline -0.001 -8"><span class='ocrx_word' id='word_1_125' title='bbox 251 1180 478 1211; x_wconf 81' lang='lat' dir='ltr'>ecclesiastica</span> <span class='ocrx_word' id='word_1_126' title='bbox 500 1182 531 1211; x_wconf 90' lang='lat' dir='ltr'>et</span> <span class='ocrx_word' id='word_1_127' title='bbox 551 1181 696 1211; x_wconf 86' lang='lat' dir='ltr'>clericali</span> <span class='ocrx_word' id='word_1_128' title='bbox 720 1181 870 1210; x_wconf 89' lang='lat' dir='ltr'>libertate</span> <span class='ocrx_word' id='word_1_129' title='bbox 895 1181 1038 1219; x_wconf 81' lang='lat' dir='ltr'>gaudere</span> <span class='ocrx_word' id='word_1_130' title='bbox 1057 1182 1087 1211; x_wconf 91' lang='lat' dir='ltr'>et</span> <span class='ocrx_word' id='word_1_131' title='bbox 1107 1181 1266 1210; x_wconf 89' lang='lat' dir='ltr'>immuni·</span> <span class='ocrx_word' id='word_1_132' title='bbox 1298 1189 1299 1194; x_wconf 58' lang='lat'>¹</span> 
     </span>
     <span class='ocr_line' id='line_1_19' title="bbox 254 1234 1266 1272; baseline -0.001 -8"><span class='ocrx_word' id='word_1_133' title='bbox 254 1235 330 1269; x_wconf 88' lang='lat' dir='ltr'>tate,</span> <span class='ocrx_word' id='word_1_134' title='bbox 347 1235 379 1264; x_wconf 90' lang='grc'>01</span> <span class='ocrx_word' id='word_1_135' title='bbox 396 1242 497 1272; x_wconf 83' lang='lat' dir='ltr'>super</span> <span class='ocrx_word' id='word_1_136' title='bbox 512 1234 573 1264; x_wconf 89' lang='grc'><strong>1100</strong></span> <span class='ocrx_word' id='word_1_137' title='bbox 587 1234 813 1264; x_wconf 77' lang='lat' dir='ltr'>sufficientem</span> <span class='ocrx_word' id='word_1_138' title='bbox 829 1234 1017 1263; x_wconf 85' lang='lat' dir='ltr'>cautionem</span> <span class='ocrx_word' id='word_1_139' title='bbox 1033 1235 1211 1272; x_wconf 78' lang='lat' dir='ltr'>exponant,</span> <span class='ocrx_word' id='word_1_140' title='bbox 1230 1242 1266 1263; x_wconf 92' lang='lat' dir='ltr'>ac</span> 
     </span>
     <span class='ocr_line' id='line_1_20' title="bbox 255 1286 1268 1325; baseline 0 -9"><span class='ocrx_word' id='word_1_141' title='bbox 255 1287 295 1317; x_wconf 88' lang='lat' dir='ltr'>de</span> <span class='ocrx_word' id='word_1_142' title='bbox 306 1286 456 1325; x_wconf 79' lang='lat' dir='ltr'>injuriis,</span> <span class='ocrx_word' id='word_1_143' title='bbox 471 1287 638 1325; x_wconf 83' lang='lat' dir='ltr'>dampnis,</span> <span class='ocrx_word' id='word_1_144' title='bbox 655 1287 812 1325; x_wconf 80' lang='lat' dir='ltr'>expensis</span> <span class='ocrx_word' id='word_1_145' title='bbox 828 1288 858 1317; x_wconf 86' lang='lat' dir='ltr'>et</span> <span class='ocrx_word' id='word_1_146' title='bbox 872 1287 1033 1316; x_wconf 86' lang='lat' dir='ltr'>interesse</span> <span class='ocrx_word' id='word_1_147' title='bbox 1048 1295 1111 1325; x_wconf 81' lang='lat' dir='ltr'>que</span> <span class='ocrx_word' id='word_1_148' title='bbox 1128 1287 1268 1317; x_wconf 70' lang='lat' dir='ltr'>extimat</span> 
     </span>
     <span class='ocr_line' id='line_1_21' title="bbox 253 1339 1302 1378; baseline 0 -8"><span class='ocrx_word' id='word_1_149' title='bbox 253 1339 412 1370; x_wconf 87' lang='lat' dir='ltr'>ducentas</span> <span class='ocrx_word' id='word_1_150' title='bbox 426 1348 555 1370; x_wconf 87' lang='lat' dir='ltr'>marcas</span> <span class='ocrx_word' id='word_1_151' title='bbox 572 1340 711 1378; x_wconf 80' lang='lat' dir='ltr'>argenti,</span> <span class='ocrx_word' id='word_1_152' title='bbox 729 1340 837 1370; x_wconf 89' lang='lat' dir='ltr'>eidem</span> <span class='ocrx_word' id='word_1_153' title='bbox 854 1339 1071 1375; x_wconf 74' lang='lat' dir='ltr'>satisfaciant,</span> <span class='ocrx_word' id='word_1_154' title='bbox 1092 1341 1123 1370; x_wconf 90' lang='lat' dir='ltr'>et</span> <span class='ocrx_word' id='word_1_155' title='bbox 1144 1342 1266 1377; x_wconf 84' lang='lat' dir='ltr'>protes·</span> <span class='ocrx_word' id='word_1_156' title='bbox 1301 1341 1302 1346; x_wconf 78' lang='grc'>’</span> 
     </span>
     <span class='ocr_line' id='line_1_22' title="bbox 250 1393 1266 1432; baseline -0.001 -9"><span class='ocrx_word' id='word_1_157' title='bbox 250 1394 340 1423; x_wconf 89' lang='lat' dir='ltr'>tatur</span> <span class='ocrx_word' id='word_1_158' title='bbox 355 1393 394 1423; x_wconf 91' lang='grc'>(10</span> <span class='ocrx_word' id='word_1_159' title='bbox 412 1393 574 1423; x_wconf 80' lang='lat' dir='ltr'>faciendis</span> <span class='ocrx_word' id='word_1_160' title='bbox 591 1393 760 1432; x_wconf 75' lang='lat' dir='ltr'>expensis,</span> <span class='ocrx_word' id='word_1_161' title='bbox 777 1402 860 1431; x_wconf 85' lang='lat' dir='ltr'>quas</span> <span class='ocrx_word' id='word_1_162' title='bbox 879 1402 937 1423; x_wconf 90' lang='lat' dir='ltr'>suo</span> <span class='ocrx_word' id='word_1_163' title='bbox 959 1394 1104 1431; x_wconf 87' lang='lat' dir='ltr'>tempore</span> <span class='ocrx_word' id='word_1_164' title='bbox 1122 1393 1266 1423; x_wconf 87' lang='lat' dir='ltr'>declara-</span> 
     </span>
     <span class='ocr_line' id='line_1_23' title="bbox 253 1445 597 1485; baseline -0.003 -10"><span class='ocrx_word' id='word_1_165' title='bbox 253 1445 312 1476; x_wconf 87' lang='lat' dir='ltr'>bit.</span> <span class='ocrx_word' id='word_1_166' title='bbox 330 1446 431 1477; x_wconf 88' lang='lat' dir='ltr'>Salvo</span> <span class='ocrx_word' id='word_1_167' title='bbox 444 1446 520 1485; x_wconf 90' lang='lat' dir='ltr'>jure</span> <span class='ocrx_word' id='word_1_168' title='bbox 537 1447 597 1476; x_wconf 91' lang='lat' dir='ltr'>etc.</span> 
     </span>
    </p>

    <p class='ocr_par' dir='ltr' id='par_1_3' title="bbox 250 1498 1299 2861">
     <span class='ocr_line' id='line_1_24' title="bbox 294 1498 1266 1537; baseline 0.002 -11"><span class='ocrx_word' id='word_1_169' title='bbox 294 1499 401 1528; x_wconf 89' lang='lat' dir='ltr'>«Item</span> <span class='ocrx_word' id='word_1_170' title='bbox 414 1499 567 1537; x_wconf 87' lang='lat' dir='ltr'>proponit</span> <span class='ocrx_word' id='word_1_171' title='bbox 581 1498 765 1537; x_wconf 87' lang='lat' dir='ltr'>quod,cum</span> <span class='ocrx_word' id='word_1_172' title='bbox 782 1498 1131 1534; x_wconf 86' lang='lat' dir='ltr'>ordinatio‚institutio</span> <span class='ocrx_word' id='word_1_173' title='bbox 1148 1500 1179 1528; x_wconf 93' lang='lat' dir='ltr'>et</span> <span class='ocrx_word' id='word_1_174' title='bbox 1193 1498 1266 1528; x_wconf 87' lang='lat' dir='ltr'>des-</span> 
     </span>
     <span class='ocr_line' id='line_1_25' title="bbox 253 1551 1268 1585; baseline 0 -3"><span class='ocrx_word' id='word_1_175' title='bbox 253 1552 363 1582; x_wconf 88' lang='lat' dir='ltr'>titutio</span> <span class='ocrx_word' id='word_1_176' title='bbox 394 1551 589 1582; x_wconf 86' lang='lat' dir='ltr'>monasterii</span> <span class='ocrx_word' id='word_1_177' title='bbox 604 1551 696 1585; x_wconf 88' lang='lat' dir='ltr'>Pale,</span> <span class='ocrx_word' id='word_1_178' title='bbox 718 1551 910 1582; x_wconf 86' lang='lat' dir='ltr'>monasterii</span> <span class='ocrx_word' id='word_1_179' title='bbox 927 1552 1047 1585; x_wconf 80' lang='lat' dir='ltr'>Faske,</span> <span class='ocrx_word' id='word_1_180' title='bbox 1067 1552 1097 1581; x_wconf 85' lang='lat' dir='ltr'>et</span> <span class='ocrx_word' id='word_1_181' title='bbox 1133 1561 1268 1582; x_wconf 63' lang='lat' dir='ltr'>monasn</span> 
     </span>
     <span class='ocr_line' id='line_1_26' title="bbox 252 1603 1267 1643; baseline -0.001 -8"><span class='ocrx_word' id='word_1_182' title='bbox 252 1605 327 1635; x_wconf 88' lang='lat' dir='ltr'>terii</span> <span class='ocrx_word' id='word_1_183' title='bbox 355 1604 591 1639; x_wconf 85' lang='lat' dir='ltr'>C1·emosi11‚et</span> <span class='ocrx_word' id='word_1_184' title='bbox 617 1605 811 1634; x_wconf 84' lang='lat' dir='ltr'>monasterii</span> <span class='ocrx_word' id='word_1_185' title='bbox 842 1603 1000 1643; x_wconf 81' lang='lat' dir='ltr'>Panagie,</span> <span class='ocrx_word' id='word_1_186' title='bbox 1019 1605 1050 1634; x_wconf 89' lang='lat' dir='ltr'>et</span> <span class='ocrx_word' id='word_1_187' title='bbox 1073 1605 1267 1635; x_wconf 86' lang='lat' dir='ltr'>monasterii</span> 
     </span>
     <span class='ocr_line' id='line_1_27' title="bbox 252 1657 1266 1696; baseline -0.001 -7"><span class='ocrx_word' id='word_1_188' title='bbox 252 1658 402 1690; x_wconf 86' lang='lat' dir='ltr'>Standie.</span> <span class='ocrx_word' id='word_1_189' title='bbox 422 1657 657 1687; x_wconf 81' lang='lat' dir='ltr'>etmonasterii</span> <span class='ocrx_word' id='word_1_190' title='bbox 675 1657 817 1696; x_wconf 69' lang='lat' dir='ltr'>Sylami,</span> <span class='ocrx_word' id='word_1_191' title='bbox 841 1666 904 1696; x_wconf 73' lang='lat' dir='ltr'>que</span> <span class='ocrx_word' id='word_1_192' title='bbox 921 1658 998 1687; x_wconf 90' lang='lat' dir='ltr'>sunt</span> <span class='ocrx_word' id='word_1_193' title='bbox 1016 1657 1127 1687; x_wconf 88' lang='grc'><strong>81111111</strong></span> <span class='ocrx_word' id='word_1_194' title='bbox 1145 1658 1266 1688; x_wconf 71' lang='lat' dir='ltr'>archie-</span> 
     </span>
     <span class='ocr_line' id='line_1_28' title="bbox 251 1710 1265 1749; baseline 0.001 -10"><span class='ocrx_word' id='word_1_195' title='bbox 251 1710 427 1749; x_wconf 89' lang='lat' dir='ltr'>piscopatu</span> <span class='ocrx_word' id='word_1_196' title='bbox 455 1712 485 1740; x_wconf 90' lang='lat' dir='ltr'>et</span> <span class='ocrx_word' id='word_1_197' title='bbox 512 1710 705 1749; x_wconf 85' lang='lat' dir='ltr'>episcopatu</span> <span class='ocrx_word' id='word_1_198' title='bbox 721 1710 879 1749; x_wconf 84' lang='lat' dir='ltr'>predictis</span> <span class='ocrx_word' id='word_1_199' title='bbox 896 1712 925 1740; x_wconf 92' lang='lat' dir='ltr'>et</span> <span class='ocrx_word' id='word_1_200' title='bbox 950 1710 1058 1740; x_wconf 89' lang='lat' dir='ltr'>eidem</span> <span class='ocrx_word' id='word_1_201' title='bbox 1087 1710 1265 1749; x_wconf 87' lang='lat' dir='ltr'>archiepis-</span> 
     </span>
     <span class='ocr_line' id='line_1_29' title="bbox 252 1763 1267 1803; baseline 0.001 -10"><span class='ocrx_word' id='word_1_202' title='bbox 252 1772 333 1802; x_wconf 89' lang='lat' dir='ltr'>copo</span> <span class='ocrx_word' id='word_1_203' title='bbox 361 1763 520 1802; x_wconf 86' lang='lat' dir='ltr'>subjecta,</span> <span class='ocrx_word' id='word_1_204' title='bbox 545 1764 585 1794; x_wconf 87' lang='lat' dir='ltr'>ad</span> <span class='ocrx_word' id='word_1_205' title='bbox 602 1763 713 1802; x_wconf 90' lang='lat' dir='ltr'>ipsum</span> <span class='ocrx_word' id='word_1_206' title='bbox 736 1763 1023 1802; x_wconf 82' lang='lat' dir='ltr'>archiepiscopum</span> <span class='ocrx_word' id='word_1_207' title='bbox 1047 1764 1085 1793; x_wconf 90' lang='lat' dir='ltr'>de</span> <span class='ocrx_word' id='word_1_208' title='bbox 1099 1763 1174 1802; x_wconf 85' lang='lat' dir='ltr'>jure</span> <span class='ocrx_word' id='word_1_209' title='bbox 1197 1773 1267 1803; x_wconf 88' lang='lat' dir='ltr'>per-</span> 
     </span>
     <span class='ocr_line' id='line_1_30' title="bbox 252 1815 1265 1855; baseline 0.001 -10"><span class='ocrx_word' id='word_1_210' title='bbox 252 1816 390 1851; x_wconf 86' lang='lat' dir='ltr'>tineant,</span> <span class='ocrx_word' id='word_1_211' title='bbox 419 1816 499 1846; x_wconf 74' lang='lat' dir='ltr'>dicti</span> <span class='ocrx_word' id='word_1_212' title='bbox 536 1815 657 1846; x_wconf 81' lang='lat' dir='ltr'>Veneti</span> <span class='ocrx_word' id='word_1_213' title='bbox 688 1816 801 1855; x_wconf 87' lang='lat' dir='ltr'>ipsum</span> <span class='ocrx_word' id='word_1_214' title='bbox 831 1815 1121 1854; x_wconf 78' lang='lat' dir='ltr'>archiepiscopum</span> <span class='ocrx_word' id='word_1_215' title='bbox 1163 1816 1265 1855; x_wconf 90' lang='lat' dir='ltr'>impe-</span> 
     </span>
     <span class='ocr_line' id='line_1_31' title="bbox 252 1869 1265 1908; baseline 0.002 -10"><span class='ocrx_word' id='word_1_216' title='bbox 252 1869 348 1899; x_wconf 86' lang='lat' dir='ltr'>diunt</span> <span class='ocrx_word' id='word_1_217' title='bbox 366 1878 422 1907; x_wconf 87' lang='lat' dir='ltr'>per</span> <span class='ocrx_word' id='word_1_218' title='bbox 438 1878 472 1899; x_wconf 85' lang='lat' dir='ltr'>se</span> <span class='ocrx_word' id='word_1_219' title='bbox 493 1870 544 1899; x_wconf 71' lang='lat' dir='ltr'>vel</span> <span class='ocrx_word' id='word_1_220' title='bbox 561 1878 620 1908; x_wconf 89' lang='lat' dir='ltr'>per</span> <span class='ocrx_word' id='word_1_221' title='bbox 635 1869 719 1899; x_wconf 88' lang='lat' dir='ltr'>alios</span> <span class='ocrx_word' id='word_1_222' title='bbox 735 1869 916 1907; x_wconf 78' lang='lat' dir='ltr'>quominus</span> <span class='ocrx_word' id='word_1_223' title='bbox 932 1877 969 1900; x_wconf 87' lang='lat' dir='ltr'>ea</span> <span class='ocrx_word' id='word_1_224' title='bbox 988 1869 1117 1899; x_wconf 87' lang='lat' dir='ltr'>ordinet</span> <span class='ocrx_word' id='word_1_225' title='bbox 1134 1870 1173 1899; x_wconf 88' lang='lat' dir='ltr'>de</span> <span class='ocrx_word' id='word_1_226' title='bbox 1191 1878 1265 1908; x_wconf 86' lang='lat' dir='ltr'>per-</span> 
     </span>
     <span class='ocr_line' id='line_1_32' title="bbox 253 1922 1266 1960; baseline 0.001 -9"><span class='ocrx_word' id='word_1_227' title='bbox 253 1922 346 1952; x_wconf 90' lang='lat' dir='ltr'>sonis</span> <span class='ocrx_word' id='word_1_228' title='bbox 383 1922 533 1960; x_wconf 73' lang='lat' dir='ltr'>ydoneis,</span> <span class='ocrx_word' id='word_1_229' title='bbox 572 1924 603 1952; x_wconf 87' lang='lat' dir='ltr'>et</span> <span class='ocrx_word' id='word_1_230' title='bbox 636 1922 715 1952; x_wconf 89' lang='lat' dir='ltr'>dicti</span> <span class='ocrx_word' id='word_1_231' title='bbox 740 1922 858 1952; x_wconf 81' lang='lat' dir='ltr'>Veneti</span> <span class='ocrx_word' id='word_1_232' title='bbox 884 1930 943 1960; x_wconf 90' lang='lat' dir='ltr'>per</span> <span class='ocrx_word' id='word_1_233' title='bbox 971 1930 1006 1952; x_wconf 86' lang='lat' dir='ltr'>se</span> <span class='ocrx_word' id='word_1_234' title='bbox 1031 1922 1085 1952; x_wconf 75' lang='lat' dir='ltr'>vel</span> <span class='ocrx_word' id='word_1_235' title='bbox 1116 1923 1200 1952; x_wconf 87' lang='lat' dir='ltr'>alios</span> <span class='ocrx_word' id='word_1_236' title='bbox 1231 1922 1266 1952; x_wconf 91' lang='lat' dir='ltr'>in</span> 
     </span>
     <span class='ocr_line' id='line_1_33' title="bbox 253 1975 1265 2006; baseline 0.003 -3"><span class='ocrx_word' id='word_1_237' title='bbox 253 1975 454 2005; x_wconf 85' lang='lat' dir='ltr'>monasterio</span> <span class='ocrx_word' id='word_1_238' title='bbox 476 1975 556 2005; x_wconf 85' lang='lat' dir='ltr'>Pale</span> <span class='ocrx_word' id='word_1_239' title='bbox 581 1976 613 2005; x_wconf 91' lang='lat' dir='ltr'>et</span> <span class='ocrx_word' id='word_1_240' title='bbox 636 1975 838 2005; x_wconf 64' lang='lat' dir='ltr'>monasterio</span> <span class='ocrx_word' id='word_1_241' title='bbox 862 1975 981 2005; x_wconf 79' lang='lat' dir='ltr'>Faske.</span> <span class='ocrx_word' id='word_1_242' title='bbox 1006 1976 1036 2004; x_wconf 89' lang='lat' dir='ltr'>et</span> <span class='ocrx_word' id='word_1_243' title='bbox 1062 1976 1265 2006; x_wconf 88' lang='lat' dir='ltr'>monasterio</span> 
     </span>
     <span class='ocr_line' id='line_1_34' title="bbox 253 2027 1264 2066; baseline 0.001 -9"><span class='ocrx_word' id='word_1_244' title='bbox 253 2027 429 2057; x_wconf 85' lang='lat' dir='ltr'>Cremosin</span> <span class='ocrx_word' id='word_1_245' title='bbox 461 2027 596 2057; x_wconf 82' lang='lat' dir='ltr'>abbates</span> <span class='ocrx_word' id='word_1_246' title='bbox 625 2029 657 2057; x_wconf 86' lang='lat' dir='ltr'>et</span> <span class='ocrx_word' id='word_1_247' title='bbox 685 2027 768 2057; x_wconf 88' lang='lat' dir='ltr'>alias</span> <span class='ocrx_word' id='word_1_248' title='bbox 797 2036 958 2066; x_wconf 87' lang='lat' dir='ltr'>personas</span> <span class='ocrx_word' id='word_1_249' title='bbox 986 2027 1194 2058; x_wconf 90' lang='lat' dir='ltr'>intruserunt</span> <span class='ocrx_word' id='word_1_250' title='bbox 1220 2030 1264 2064; x_wconf 86' lang='lat' dir='ltr'>et,</span> 
     </span>
     <span class='ocr_line' id='line_1_35' title="bbox 252 2080 1265 2119; baseline 0.001 -9"><span class='ocrx_word' id='word_1_251' title='bbox 252 2081 340 2119; x_wconf 86' lang='lat' dir='ltr'>quod</span> <span class='ocrx_word' id='word_1_252' title='bbox 372 2080 518 2110; x_wconf 90' lang='lat' dir='ltr'>deterius</span> <span class='ocrx_word' id='word_1_253' title='bbox 549 2081 609 2114; x_wconf 86' lang='lat' dir='ltr'>est,</span> <span class='ocrx_word' id='word_1_254' title='bbox 641 2082 749 2110; x_wconf 87' lang='lat' dir='ltr'>cetera</span> <span class='ocrx_word' id='word_1_255' title='bbox 787 2081 1019 2119; x_wconf 75' lang='lat' dir='ltr'>prenominata</span> <span class='ocrx_word' id='word_1_256' title='bbox 1049 2081 1265 2118; x_wconf 86' lang='lat' dir='ltr'>monasteria,</span> 
     </span>
     <span class='ocr_line' id='line_1_36' title="bbox 253 2133 1264 2172; baseline 0.002 -9"><span class='ocrx_word' id='word_1_257' title='bbox 253 2134 363 2172; x_wconf 87' lang='lat' dir='ltr'>utpote</span> <span class='ocrx_word' id='word_1_258' title='bbox 382 2133 621 2163; x_wconf 88' lang='lat' dir='ltr'>monasterium</span> <span class='ocrx_word' id='word_1_259' title='bbox 639 2133 798 2172; x_wconf 78' lang='lat' dir='ltr'>Panagie,</span> <span class='ocrx_word' id='word_1_260' title='bbox 815 2135 846 2163; x_wconf 89' lang='lat' dir='ltr'>et</span> <span class='ocrx_word' id='word_1_261' title='bbox 859 2133 1101 2164; x_wconf 87' lang='lat' dir='ltr'>monasterium</span> <span class='ocrx_word' id='word_1_262' title='bbox 1115 2134 1264 2170; x_wconf 87' lang='lat' dir='ltr'>Standie,</span> 
     </span>
     <span class='ocr_line' id='line_1_37' title="bbox 253 2186 1267 2225; baseline 0.001 -9"><span class='ocrx_word' id='word_1_263' title='bbox 253 2187 284 2216; x_wconf 87' lang='lat' dir='ltr'>et</span> <span class='ocrx_word' id='word_1_264' title='bbox 307 2187 547 2216; x_wconf 87' lang='lat' dir='ltr'>monasterium</span> <span class='ocrx_word' id='word_1_265' title='bbox 570 2186 698 2225; x_wconf 75' lang='lat' dir='ltr'>Sylami</span> <span class='ocrx_word' id='word_1_266' title='bbox 719 2188 750 2216; x_wconf 89' lang='lat' dir='ltr'>et</span> <span class='ocrx_word' id='word_1_267' title='bbox 766 2195 882 2216; x_wconf 88' lang='lat' dir='ltr'>eorum</span> <span class='ocrx_word' id='word_1_268' title='bbox 899 2195 963 2222; x_wconf 88' lang='lat' dir='ltr'>res,</span> <span class='ocrx_word' id='word_1_269' title='bbox 984 2187 1217 2225; x_wconf 89' lang='lat' dir='ltr'>possessiones</span> <span class='ocrx_word' id='word_1_270' title='bbox 1236 2189 1267 2218; x_wconf 87' lang='lat' dir='ltr'>et</span> 
     </span>
     <span class='ocr_line' id='line_1_38' title="bbox 253 2239 1295 2278; baseline 0.001 -9"><span class='ocrx_word' id='word_1_271' title='bbox 253 2239 340 2269; x_wconf 85' lang='lat' dir='ltr'>bona</span> <span class='ocrx_word' id='word_1_272' title='bbox 354 2239 499 2269; x_wconf 87' lang='lat' dir='ltr'>totaliter</span> <span class='ocrx_word' id='word_1_273' title='bbox 517 2240 722 2278; x_wconf 88' lang='lat' dir='ltr'>occuparunt</span> <span class='ocrx_word' id='word_1_274' title='bbox 740 2241 770 2269; x_wconf 88' lang='lat' dir='ltr'>et</span> <span class='ocrx_word' id='word_1_275' title='bbox 785 2241 944 2278; x_wconf 87' lang='lat' dir='ltr'>occupata</span> <span class='ocrx_word' id='word_1_276' title='bbox 961 2240 1108 2270; x_wconf 87' lang='lat' dir='ltr'>detinent</span> <span class='ocrx_word' id='word_1_277' title='bbox 1128 2240 1164 2270; x_wconf 92' lang='lat' dir='ltr'>in</span> <span class='ocrx_word' id='word_1_278' title='bbox 1180 2241 1264 2277; x_wconf 88' lang='lat' dir='ltr'>ejus-</span> <span class='ocrx_word' id='word_1_279' title='bbox 1294 2254 1295 2257; x_wconf 44' lang='lat'>¹</span> 
     </span>
     <span class='ocr_line' id='line_1_39' title="bbox 252 2292 1264 2331; baseline 0.001 -9"><span class='ocrx_word' id='word_1_280' title='bbox 252 2292 328 2322; x_wconf 90' lang='lat' dir='ltr'>dem</span> <span class='ocrx_word' id='word_1_281' title='bbox 355 2292 598 2331; x_wconf 87' lang='lat' dir='ltr'>archiepiscopi</span> <span class='ocrx_word' id='word_1_282' title='bbox 625 2292 851 2331; x_wconf 85' lang='lat' dir='ltr'>prejudicium</span> <span class='ocrx_word' id='word_1_283' title='bbox 877 2294 907 2322; x_wconf 93' lang='lat' dir='ltr'>et</span> <span class='ocrx_word' id='word_1_284' title='bbox 933 2302 1124 2331; x_wconf 77' lang='lat' dir='ltr'>gravamen.</span> <span class='ocrx_word' id='word_1_285' title='bbox 1155 2293 1264 2328; x_wconf 82' lang='lat' dir='ltr'>Quare</span> 
     </span>
     <span class='ocr_line' id='line_1_40' title="bbox 251 2344 1266 2384; baseline 0.002 -10"><span class='ocrx_word' id='word_1_286' title='bbox 251 2344 333 2383; x_wconf 89' lang='lat' dir='ltr'>petit</span> <span class='ocrx_word' id='word_1_287' title='bbox 350 2345 483 2375; x_wconf 83' lang='lat' dir='ltr'>eosdem</span> <span class='ocrx_word' id='word_1_288' title='bbox 496 2345 738 2375; x_wconf 75' lang='lat' dir='ltr'>sententialIter</span> <span class='ocrx_word' id='word_1_289' title='bbox 754 2345 1004 2384; x_wconf 87' lang='lat' dir='ltr'>condempnari,</span> <span class='ocrx_word' id='word_1_290' title='bbox 1023 2347 1057 2375; x_wconf 92' lang='lat' dir='ltr'>ut</span> <span class='ocrx_word' id='word_1_291' title='bbox 1073 2346 1266 2384; x_wconf 83' lang='lat' dir='ltr'>permittant</span> 
     </span>
     <span class='ocr_line' id='line_1_41' title="bbox 253 2398 1265 2437; baseline 0.002 -10"><span class='ocrx_word' id='word_1_292' title='bbox 253 2399 474 2428; x_wconf 86' lang='lat' dir='ltr'>memoratum</span> <span class='ocrx_word' id='word_1_293' title='bbox 491 2398 780 2437; x_wconf 87' lang='lat' dir='ltr'>archiepiscopum</span> <span class='ocrx_word' id='word_1_294' title='bbox 803 2398 908 2428; x_wconf 86' lang='lat' dir='ltr'>libere</span> <span class='ocrx_word' id='word_1_295' title='bbox 927 2400 957 2429; x_wconf 80' lang='lat' dir='ltr'>ct</span> <span class='ocrx_word' id='word_1_296' title='bbox 976 2399 1086 2437; x_wconf 89' lang='lat' dir='ltr'>quiete</span> <span class='ocrx_word' id='word_1_297' title='bbox 1110 2399 1265 2429; x_wconf 82' lang='lat' dir='ltr'>ordinare</span> 
     </span>
     <span class='ocr_line' id='line_1_42' title="bbox 251 2451 1265 2491; baseline 0.002 -11"><span class='ocrx_word' id='word_1_298' title='bbox 251 2451 454 2481; x_wconf 87' lang='lat' dir='ltr'>monasteria</span> <span class='ocrx_word' id='word_1_299' title='bbox 471 2453 503 2481; x_wconf 88' lang='lat' dir='ltr'>et</span> <span class='ocrx_word' id='word_1_300' title='bbox 520 2452 678 2482; x_wconf 84' lang='lat' dir='ltr'>ecclesias</span> <span class='ocrx_word' id='word_1_301' title='bbox 696 2451 872 2491; x_wconf 85' lang='lat' dir='ltr'>predictas,</span> <span class='ocrx_word' id='word_1_302' title='bbox 889 2453 920 2482; x_wconf 92' lang='lat' dir='ltr'>et</span> <span class='ocrx_word' id='word_1_303' title='bbox 939 2452 974 2482; x_wconf 91' lang='lat' dir='ltr'>in</span> <span class='ocrx_word' id='word_1_304' title='bbox 992 2452 1076 2491; x_wconf 84' lang='lat' dir='ltr'>ipsis</span> <span class='ocrx_word' id='word_1_305' title='bbox 1091 2452 1169 2491; x_wconf 83' lang='lat' dir='ltr'>jura</span> <span class='ocrx_word' id='word_1_306' title='bbox 1186 2454 1265 2482; x_wconf 70' lang='lat' dir='ltr'>tcm-</span> 
     </span>
     <span class='ocr_line' id='line_1_43' title="bbox 250 2504 1295 2542; baseline 0.003 -9"><span class='ocrx_word' id='word_1_307' title='bbox 250 2504 380 2542; x_wconf 73' lang='lat' dir='ltr'>poralia</span> <span class='ocrx_word' id='word_1_308' title='bbox 398 2505 429 2533; x_wconf 87' lang='lat' dir='ltr'>et</span> <span class='ocrx_word' id='word_1_309' title='bbox 446 2504 635 2542; x_wconf 82' lang='lat' dir='ltr'>spiritualia</span> <span class='ocrx_word' id='word_1_310' title='bbox 652 2505 756 2535; x_wconf 88' lang='lat' dir='ltr'>libere</span> <span class='ocrx_word' id='word_1_311' title='bbox 774 2513 939 2539; x_wconf 77' lang='lat' dir='ltr'>exercere,</span> <span class='ocrx_word' id='word_1_312' title='bbox 958 2514 994 2535; x_wconf 87' lang='grc'>30</span> <span class='ocrx_word' id='word_1_313' title='bbox 1012 2505 1216 2536; x_wconf 83' lang='lat' dir='ltr'>intrusiones</span> <span class='ocrx_word' id='word_1_314' title='bbox 1234 2508 1265 2537; x_wconf 88' lang='lat' dir='ltr'>et</span> <span class='ocrx_word' id='word_1_315' title='bbox 1294 2509 1295 2530; x_wconf 63' lang='grc'>1</span> 
     </span>
     <span class='ocr_line' id='line_1_44' title="bbox 252 2538 1296 2597; baseline 0.003 -11"><span class='ocrx_word' id='word_1_316' title='bbox 252 2556 475 2586; x_wconf 78' lang='lat' dir='ltr'>alienationes</span> <span class='ocrx_word' id='word_1_317' title='bbox 489 2558 520 2586; x_wconf 91' lang='lat' dir='ltr'>et</span> <span class='ocrx_word' id='word_1_318' title='bbox 533 2557 729 2587; x_wconf 78' lang='lat' dir='ltr'>donationes</span> <span class='ocrx_word' id='word_1_319' title='bbox 740 2557 782 2588; x_wconf 89' lang='lat' dir='ltr'>ab</span> <span class='ocrx_word' id='word_1_320' title='bbox 795 2558 878 2597; x_wconf 88' lang='lat' dir='ltr'>ipsis</span> <span class='ocrx_word' id='word_1_321' title='bbox 892 2558 1031 2588; x_wconf 90' lang='lat' dir='ltr'>Venetis</span> <span class='ocrx_word' id='word_1_322' title='bbox 1044 2558 1150 2589; x_wconf 84' lang='lat' dir='ltr'>factas</span> <span class='ocrx_word' id='word_1_323' title='bbox 1162 2559 1268 2589; x_wconf 84' lang='lat' dir='ltr'>decla·</span> <span class='ocrx_word' id='word_1_324' title='bbox 1294 2538 1296 2584; x_wconf 47' lang='grc'>1</span> 
     </span>
     <span class='ocr_line' id='line_1_45' title="bbox 250 2609 1269 2649; baseline 0.001 -9"><span class='ocrx_word' id='word_1_325' title='bbox 250 2609 315 2640; x_wconf 88' lang='lat' dir='ltr'>rari</span> <span class='ocrx_word' id='word_1_326' title='bbox 333 2609 443 2639; x_wconf 84' lang='lat' dir='ltr'>nullas</span> <span class='ocrx_word' id='word_1_327' title='bbox 459 2618 532 2639; x_wconf 89' lang='lat' dir='ltr'>esse</span> <span class='ocrx_word' id='word_1_328' title='bbox 548 2611 580 2640; x_wconf 92' lang='lat' dir='ltr'>et</span> <span class='ocrx_word' id='word_1_329' title='bbox 600 2609 716 2646; x_wconf 89' lang='lat' dir='ltr'>fuisse,</span> <span class='ocrx_word' id='word_1_330' title='bbox 735 2619 773 2640; x_wconf 89' lang='grc'>30</span> <span class='ocrx_word' id='word_1_331' title='bbox 797 2611 931 2641; x_wconf 89' lang='lat' dir='ltr'>eosdem</span> <span class='ocrx_word' id='word_1_332' title='bbox 948 2611 1103 2649; x_wconf 87' lang='lat' dir='ltr'>compelli</span> <span class='ocrx_word' id='word_1_333' title='bbox 1119 2612 1159 2641; x_wconf 90' lang='lat' dir='ltr'>ad</span> <span class='ocrx_word' id='word_1_334' title='bbox 1176 2612 1269 2642; x_wconf 89' lang='lat' dir='ltr'>resti-</span> 
     </span>
     <span class='ocr_line' id='line_1_46' title="bbox 251 2661 1269 2702; baseline 0.001 -10"><span class='ocrx_word' id='word_1_335' title='bbox 251 2661 416 2692; x_wconf 86' lang='lat' dir='ltr'>tutionem</span> <span class='ocrx_word' id='word_1_336' title='bbox 438 2662 717 2692; x_wconf 86' lang='lat' dir='ltr'>monasteriorum</span> <span class='ocrx_word' id='word_1_337' title='bbox 737 2664 770 2693; x_wconf 89' lang='lat' dir='ltr'>et</span> <span class='ocrx_word' id='word_1_338' title='bbox 791 2663 1009 2694; x_wconf 86' lang='lat' dir='ltr'>ecclesiarum</span> <span class='ocrx_word' id='word_1_339' title='bbox 1031 2665 1269 2702; x_wconf 90' lang='lat' dir='ltr'>occupatorum</span> 
     </span>
     <span class='ocr_line' id='line_1_47' title="bbox 251 2715 1299 2753; baseline 0.001 -8"><span class='ocrx_word' id='word_1_340' title='bbox 251 2715 283 2745; x_wconf 91' lang='lat' dir='ltr'>et</span> <span class='ocrx_word' id='word_1_341' title='bbox 309 2722 421 2744; x_wconf 89' lang='lat' dir='ltr'>rerum</span> <span class='ocrx_word' id='word_1_342' title='bbox 454 2716 485 2744; x_wconf 88' lang='lat' dir='ltr'>et</span> <span class='ocrx_word' id='word_1_343' title='bbox 510 2716 761 2753; x_wconf 86' lang='lat' dir='ltr'>possessionum</span> <span class='ocrx_word' id='word_1_344' title='bbox 790 2716 973 2746; x_wconf 91' lang='lat' dir='ltr'>eorundem</span> <span class='ocrx_word' id='word_1_345' title='bbox 1002 2724 1078 2745; x_wconf 89' lang='lat' dir='ltr'>cum</span> <span class='ocrx_word' id='word_1_346' title='bbox 1106 2716 1270 2746; x_wconf 82' lang='lat' dir='ltr'>fructibus</span> <span class='ocrx_word' id='word_1_347' title='bbox 1298 2720 1299 2723; x_wconf 79' lang='grc'>’</span> 
     </span>
     <span class='ocr_line' id='line_1_48' title="bbox 258 2768 1273 2809; baseline 0.003 -11"><span class='ocrx_word' id='word_1_348' title='bbox 258 2768 367 2799; x_wconf 89' lang='lat' dir='ltr'>medio</span> <span class='ocrx_word' id='word_1_349' title='bbox 395 2769 543 2806; x_wconf 84' lang='lat' dir='ltr'>tempore</span> <span class='ocrx_word' id='word_1_350' title='bbox 566 2769 732 2807; x_wconf 86' lang='lat' dir='ltr'>perceptis</span> <span class='ocrx_word' id='word_1_351' title='bbox 756 2770 787 2799; x_wconf 90' lang='lat' dir='ltr'>et</span> <span class='ocrx_word' id='word_1_352' title='bbox 811 2769 902 2800; x_wconf 90' lang='lat' dir='ltr'>omni</span> <span class='ocrx_word' id='word_1_353' title='bbox 926 2778 1110 2809; x_wconf 82' lang='lat' dir='ltr'>causa,que</span> <span class='ocrx_word' id='word_1_354' title='bbox 1135 2771 1273 2801; x_wconf 84' lang='lat' dir='ltr'>extimat</span> 
     </span>
     <span class='ocr_line' id='line_1_49' title="bbox 251 2821 1156 2861; baseline 0.002 -10"><span class='ocrx_word' id='word_1_355' title='bbox 251 2821 342 2852; x_wconf 91' lang='lat' dir='ltr'>mille</span> <span class='ocrx_word' id='word_1_356' title='bbox 366 2830 495 2851; x_wconf 86' lang='lat' dir='ltr'>marcas</span> <span class='ocrx_word' id='word_1_357' title='bbox 526 2821 664 2861; x_wconf 85' lang='lat' dir='ltr'>argenti.</span> <span class='ocrx_word' id='word_1_358' title='bbox 692 2822 776 2852; x_wconf 89' lang='lat' dir='ltr'>Item</span> <span class='ocrx_word' id='word_1_359' title='bbox 803 2821 883 2861; x_wconf 91' lang='lat' dir='ltr'>petit</span> <span class='ocrx_word' id='word_1_360' title='bbox 907 2831 1071 2861; x_wconf 78' lang='lat' dir='ltr'>expensas</span> <span class='ocrx_word' id='word_1_361' title='bbox 1095 2824 1156 2853; x_wconf 89' lang='grc'><strong>010.</strong></span> 
     </span>
    </p>

    <p class='ocr_par' dir='ltr' id='par_1_4' title="bbox 252 2854 1301 2967">
     <span class='ocr_line' id='line_1_50' title="bbox 293 2854 1301 2914; baseline 0.003 -11"><span class='ocrx_word' id='word_1_362' title='bbox 293 2885 307 2902; x_wconf 79' lang='grc'>1(</span> <span class='ocrx_word' id='word_1_363' title='bbox 325 2874 408 2904; x_wconf 86' lang='lat' dir='ltr'>Item</span> <span class='ocrx_word' id='word_1_364' title='bbox 426 2874 592 2913; x_wconf 89' lang='lat' dir='ltr'>proponit,</span> <span class='ocrx_word' id='word_1_365' title='bbox 603 2874 774 2913; x_wconf 86' lang='lat' dir='ltr'>quodcum</span> <span class='ocrx_word' id='word_1_366' title='bbox 799 2874 907 2904; x_wconf 88' lang='lat' dir='ltr'>dictus</span> <span class='ocrx_word' id='word_1_367' title='bbox 933 2874 1204 2914; x_wconf 85' lang='lat' dir='ltr'>archiepiscopus</span> <span class='ocrx_word' id='word_1_368' title='bbox 1220 2875 1274 2906; x_wconf 84' lang='lat' dir='ltr'>ha·</span> <span class='ocrx_word' id='word_1_369' title='bbox 1299 2854 1301 2889; x_wconf 46' lang='lat'><strong>¹</strong></span> 
     </span>
     <span class='ocr_line' id='line_1_51' title="bbox 252 2897 1301 2967; baseline 0.001 -9"><span class='ocrx_word' id='word_1_370' title='bbox 252 2927 328 2958; x_wconf 89' lang='lat' dir='ltr'>beat</span> <span class='ocrx_word' id='word_1_371' title='bbox 342 2927 375 2957; x_wconf 91' lang='grc'>111</span> <span class='ocrx_word' id='word_1_372' title='bbox 382 2927 542 2966; x_wconf 85' lang='lat' dir='ltr'>predictis</span> <span class='ocrx_word' id='word_1_373' title='bbox 560 2926 846 2966; x_wconf 77' lang='lat' dir='ltr'>archiepiscopatu</span> <span class='ocrx_word' id='word_1_374' title='bbox 860 2928 892 2957; x_wconf 90' lang='lat' dir='ltr'>et</span> <span class='ocrx_word' id='word_1_375' title='bbox 907 2927 1099 2967; x_wconf 86' lang='lat' dir='ltr'>episcopatu</span> <span class='ocrx_word' id='word_1_376' title='bbox 1111 2929 1144 2959; x_wconf 89' lang='lat' dir='ltr'>et</span> <span class='ocrx_word' id='word_1_377' title='bbox 1158 2936 1274 2959; x_wconf 88' lang='lat' dir='ltr'>eorum</span> <span class='ocrx_word' id='word_1_378' title='bbox 1300 2897 1301 2952; x_wconf 51' lang='grc'>1</span> 
     </span>
    </p>

    <p class='ocr_par' dir='ltr' id='par_1_5' title="bbox 400 2984 868 3018">
     <span class='ocr_line' id='line_1_52' title="bbox 400 2984 868 3018; baseline -0.002 -6"><span class='ocrx_word' id='word_1_379' title='bbox 400 2984 706 3017; x_wconf 59' lang='lat' dir='ltr'>UauA1s1v,t.11.</span> <span class='ocrx_word' id='word_1_380' title='bbox 727 2986 789 3018; x_wconf 74' lang='lat' dir='ltr'>ltey.</span> <span class='ocrx_word' id='word_1_381' title='bbox 807 2984 868 3011; x_wconf 88' lang='lat' dir='ltr'>ord.</span> 
     </span>
    </p>
   </div>
   <div class='ocr_carea' id='block_1_3' title="bbox 1298 478 1304 2347">
    <p class='ocr_par' dir='ltr' id='par_1_6' title="bbox 1298 478 1304 2347">
     <span class='ocr_line' id='line_1_53' title="bbox 1298 478 1304 2347; baseline 0 0"><span class='ocrx_word' id='word_1_382' title='bbox 1298 478 1304 2347; x_wconf 95' lang='lat' dir='ltr'> </span> 
     </span>
    </p>
   </div>
   <div class='ocr_carea' id='block_1_4' title="bbox 1299 2958 1301 2969">
    <p class='ocr_par' dir='ltr' id='par_1_7' title="bbox 1299 2958 1301 2969">
     <span class='ocr_line' id='line_1_54' title="bbox 1299 2958 1301 2969; baseline 0 0"><span class='ocrx_word' id='word_1_383' title='bbox 1299 2958 1301 2969; x_wconf 76' lang='grc'>1</span> 
     </span>
    </p>
   </div>
   <div class='ocr_carea' id='block_1_5' title="bbox 2278 266 2333 296">
    <p class='ocr_par' dir='ltr' id='par_1_8' title="bbox 2278 266 2333 296">
     <span class='ocr_line' id='line_1_55' title="bbox 2278 266 2333 296; baseline 0.036 -2"><span class='ocrx_word' id='word_1_384' title='bbox 2278 266 2333 296; x_wconf 77' lang='grc'>105</span> 
     </span>
    </p>
   </div>
   <div class='ocr_carea' id='block_1_6' title="bbox 1327 341 2332 382">
    <p class='ocr_par' dir='ltr' id='par_1_9' title="bbox 1327 341 2332 382">
     <span class='ocr_line' id='line_1_56' title="bbox 1327 341 2332 382; baseline 0.005 -11"><span class='ocrx_word' id='word_1_385' title='bbox 1327 341 1516 372; x_wconf 89' lang='lat' dir='ltr'>diocesibus</span> <span class='ocrx_word' id='word_1_386' title='bbox 1536 343 1650 378; x_wconf 87' lang='lat' dir='ltr'>terras,</span> <span class='ocrx_word' id='word_1_387' title='bbox 1669 343 1899 382; x_wconf 88' lang='lat' dir='ltr'>possessiones</span> <span class='ocrx_word' id='word_1_388' title='bbox 1919 345 2110 379; x_wconf 75' lang='lat' dir='ltr'>decimales,</span> <span class='ocrx_word' id='word_1_389' title='bbox 2132 345 2211 376; x_wconf 84' lang='grc'><strong>(11011</strong></span> <span class='ocrx_word' id='word_1_390' title='bbox 2225 347 2332 376; x_wconf 90' lang='lat' dir='ltr'>tamen</span> 
     </span>
    </p>
   </div>
   <div class='ocr_carea' id='block_1_7' title="bbox 1298 394 2336 542">
    <p class='ocr_par' dir='ltr' id='par_1_10' title="bbox 1298 394 2336 542">
     <span class='ocr_line' id='line_1_57' title="bbox 1300 394 2336 437; baseline 0.006 -14"><span class='ocrx_word' id='word_1_391' title='bbox 1300 427 1301 437; x_wconf 17' lang='grc' dir='ltr'>η</span> <span class='ocrx_word' id='word_1_392' title='bbox 1329 394 1446 425; x_wconf 76' lang='lat' dir='ltr'>Veneti</span> <span class='ocrx_word' id='word_1_393' title='bbox 1472 395 1663 433; x_wconf 81' lang='lat' dir='ltr'>hujusmodi</span> <span class='ocrx_word' id='word_1_394' title='bbox 1689 398 1793 426; x_wconf 85' lang='lat' dir='ltr'>terras</span> <span class='ocrx_word' id='word_1_395' title='bbox 1820 399 1852 427; x_wconf 91' lang='lat' dir='ltr'>et</span> <span class='ocrx_word' id='word_1_396' title='bbox 1883 398 2113 436; x_wconf 85' lang='lat' dir='ltr'>possessiones</span> <span class='ocrx_word' id='word_1_397' title='bbox 2131 399 2198 429; x_wconf 89' lang='lat' dir='ltr'>illis</span> <span class='ocrx_word' id='word_1_398' title='bbox 2227 407 2336 437; x_wconf 84' lang='lat' dir='ltr'>perso-</span> 
     </span>
     <span class='ocr_line' id='line_1_58' title="bbox 1300 447 2334 488; baseline 0.006 -12"><span class='ocrx_word' id='word_1_399' title='bbox 1300 456 1301 465; x_wconf 61' lang='lat'><em>*</em></span> <span class='ocrx_word' id='word_1_400' title='bbox 1326 447 1378 476; x_wconf 89' lang='lat' dir='ltr'>nis</span> <span class='ocrx_word' id='word_1_401' title='bbox 1393 447 1543 478; x_wconf 87' lang='lat' dir='ltr'>tribuunt</span> <span class='ocrx_word' id='word_1_402' title='bbox 1560 449 1768 483; x_wconf 73' lang='lat' dir='ltr'>excolendas,</span> <span class='ocrx_word' id='word_1_403' title='bbox 1780 458 1842 488; x_wconf 88' lang='lat' dir='ltr'>que</span> <span class='ocrx_word' id='word_1_404' title='bbox 1861 451 2043 480; x_wconf 87' lang='lat' dir='ltr'>secundum</span> <span class='ocrx_word' id='word_1_405' title='bbox 2058 460 2137 481; x_wconf 88' lang='lat' dir='ltr'>suos</span> <span class='ocrx_word' id='word_1_406' title='bbox 2152 452 2235 482; x_wconf 85' lang='lat' dir='ltr'>ritus</span> <span class='ocrx_word' id='word_1_407' title='bbox 2250 452 2334 482; x_wconf 85' lang='lat' dir='ltr'>deci-</span> 
     </span>
     <span class='ocr_line' id='line_1_59' title="bbox 1298 499 2334 542; baseline 0.007 -14"><span class='ocrx_word' id='word_1_408' title='bbox 1298 517 1299 542; x_wconf 67' lang='lat'>3</span> <span class='ocrx_word' id='word_1_409' title='bbox 1326 507 1397 529; x_wconf 87' lang='lat' dir='ltr'>mas</span> <span class='ocrx_word' id='word_1_410' title='bbox 1409 499 1448 530; x_wconf 87' lang='lat' dir='ltr'>de</span> <span class='ocrx_word' id='word_1_411' title='bbox 1466 509 1556 531; x_wconf 88' lang='lat' dir='ltr'>more</span> <span class='ocrx_word' id='word_1_412' title='bbox 1574 510 1638 531; x_wconf 78' lang='lat' dir='ltr'>non</span> <span class='ocrx_word' id='word_1_413' title='bbox 1653 501 1799 536; x_wconf 75' lang='lat' dir='ltr'>solvunt,</span> <span class='ocrx_word' id='word_1_414' title='bbox 1815 503 1971 541; x_wconf 76' lang='lat' dir='ltr'>quamvls</span> <span class='ocrx_word' id='word_1_415' title='bbox 1986 505 2184 534; x_wconf 79' lang='lat' dir='ltr'>censeantur</span> <span class='ocrx_word' id='word_1_416' title='bbox 2199 505 2334 535; x_wconf 86' lang='lat' dir='ltr'>nomine</span> 
     </span>
    </p>
   </div>
   <div class='ocr_carea' id='block_1_8' title="bbox 1324 551 2336 1120">
    <p class='ocr_par' dir='ltr' id='par_1_11' title="bbox 1324 551 2336 1120">
     <span class='ocr_line' id='line_1_60' title="bbox 1327 551 2334 593; baseline 0.006 -11"><span class='ocrx_word' id='word_1_417' title='bbox 1327 551 1527 589; x_wconf 79' lang='lat' dir='ltr'>Christiano,</span> <span class='ocrx_word' id='word_1_418' title='bbox 1548 555 1578 584; x_wconf 89' lang='lat' dir='ltr'>et</span> <span class='ocrx_word' id='word_1_419' title='bbox 1596 554 1643 584; x_wconf 90' lang='lat' dir='ltr'>sic</span> <span class='ocrx_word' id='word_1_420' title='bbox 1663 555 1772 593; x_wconf 88' lang='lat' dir='ltr'>ipsum</span> <span class='ocrx_word' id='word_1_421' title='bbox 1792 556 1822 584; x_wconf 89' lang='lat' dir='ltr'>et</span> <span class='ocrx_word' id='word_1_422' title='bbox 1839 556 1942 585; x_wconf 85' lang='lat' dir='ltr'>dictas</span> <span class='ocrx_word' id='word_1_423' title='bbox 1961 556 2120 586; x_wconf 68' lang='lat' dir='ltr'>ecclesias</span> <span class='ocrx_word' id='word_1_424' title='bbox 2137 557 2334 588; x_wconf 68' lang='lat' dir='ltr'>defraudant</span> 
     </span>
     <span class='ocr_line' id='line_1_61' title="bbox 1325 605 2334 649; baseline 0.006 -15"><span class='ocrx_word' id='word_1_425' title='bbox 1325 605 1464 635; x_wconf 82' lang='lat' dir='ltr'>decimis</span> <span class='ocrx_word' id='word_1_426' title='bbox 1482 607 1684 643; x_wconf 84' lang='lat' dir='ltr'>memoratis,</span> <span class='ocrx_word' id='word_1_427' title='bbox 1704 616 1741 636; x_wconf 87' lang='lat' dir='ltr'>ac</span> <span class='ocrx_word' id='word_1_428' title='bbox 1765 608 1864 638; x_wconf 88' lang='lat' dir='ltr'>etiam</span> <span class='ocrx_word' id='word_1_429' title='bbox 1883 618 1957 638; x_wconf 89' lang='lat' dir='ltr'>cum</span> <span class='ocrx_word' id='word_1_430' title='bbox 1976 609 2045 639; x_wconf 89' lang='lat' dir='ltr'>illis</span> <span class='ocrx_word' id='word_1_431' title='bbox 2061 612 2091 639; x_wconf 90' lang='lat' dir='ltr'>et</span> <span class='ocrx_word' id='word_1_432' title='bbox 2114 610 2190 640; x_wconf 87' lang='lat' dir='ltr'>aliis</span> <span class='ocrx_word' id='word_1_433' title='bbox 2213 610 2334 649; x_wconf 79' lang='lat' dir='ltr'>quibus</span> 
     </span>
     <span class='ocr_line' id='line_1_62' title="bbox 1325 657 2332 699; baseline 0.005 -13"><span class='ocrx_word' id='word_1_434' title='bbox 1325 657 1515 696; x_wconf 88' lang='lat' dir='ltr'>hujusmodi</span> <span class='ocrx_word' id='word_1_435' title='bbox 1528 661 1632 689; x_wconf 84' lang='lat' dir='ltr'>terras</span> <span class='ocrx_word' id='word_1_436' title='bbox 1650 661 1681 689; x_wconf 79' lang='lat' dir='ltr'>ct</span> <span class='ocrx_word' id='word_1_437' title='bbox 1697 661 1928 698; x_wconf 73' lang='lat' dir='ltr'>possessiones</span> <span class='ocrx_word' id='word_1_438' title='bbox 1948 662 2098 693; x_wconf 88' lang='lat' dir='ltr'>tribuunt</span> <span class='ocrx_word' id='word_1_439' title='bbox 2121 663 2332 699; x_wconf 73' lang='lat' dir='ltr'>excolendas,</span> 
     </span>
     <span class='ocr_line' id='line_1_63' title="bbox 1324 710 2333 754; baseline 0.007 -15"><span class='ocrx_word' id='word_1_440' title='bbox 1324 711 1419 747; x_wconf 84' lang='lat' dir='ltr'>pacta</span> <span class='ocrx_word' id='word_1_441' title='bbox 1440 710 1566 745; x_wconf 88' lang='lat' dir='ltr'>ineunt,</span> <span class='ocrx_word' id='word_1_442' title='bbox 1585 712 1638 742; x_wconf 78' lang='lat' dir='ltr'>vel</span> <span class='ocrx_word' id='word_1_443' title='bbox 1661 713 1812 743; x_wconf 80' lang='lat' dir='ltr'>inhibent</span> <span class='ocrx_word' id='word_1_444' title='bbox 1829 723 1868 743; x_wconf 88' lang='lat' dir='ltr'>ne</span> <span class='ocrx_word' id='word_1_445' title='bbox 1894 715 2122 752; x_wconf 84' lang='lat' dir='ltr'>prenominato</span> <span class='ocrx_word' id='word_1_446' title='bbox 2154 715 2333 754; x_wconf 87' lang='lat' dir='ltr'>archiepis-</span> 
     </span>
     <span class='ocr_line' id='line_1_64' title="bbox 1324 763 2333 804; baseline 0.008 -13"><span class='ocrx_word' id='word_1_447' title='bbox 1324 771 1406 800; x_wconf 85' lang='lat' dir='ltr'>copo</span> <span class='ocrx_word' id='word_1_448' title='bbox 1422 763 1552 802; x_wconf 79' lang='lat' dir='ltr'>aliquas</span> <span class='ocrx_word' id='word_1_449' title='bbox 1565 765 1711 795; x_wconf 76' lang='lat' dir='ltr'>decimas</span> <span class='ocrx_word' id='word_1_450' title='bbox 1726 766 1764 795; x_wconf 90' lang='lat' dir='ltr'>de</span> <span class='ocrx_word' id='word_1_451' title='bbox 1783 765 1864 804; x_wconf 85' lang='lat' dir='ltr'>ipsis</span> <span class='ocrx_word' id='word_1_452' title='bbox 1878 767 2044 802; x_wconf 75' lang='lat' dir='ltr'>exolvunt,</span> <span class='ocrx_word' id='word_1_453' title='bbox 2055 770 2085 798; x_wconf 90' lang='lat' dir='ltr'>et</span> <span class='ocrx_word' id='word_1_454' title='bbox 2097 769 2333 799; x_wconf 83' lang='lat' dir='ltr'>nichilominus</span> 
     </span>
     <span class='ocr_line' id='line_1_65' title="bbox 1325 815 2331 855; baseline 0.008 -11"><span class='ocrx_word' id='word_1_455' title='bbox 1325 815 1402 844; x_wconf 90' lang='lat' dir='ltr'>dicti</span> <span class='ocrx_word' id='word_1_456' title='bbox 1428 815 1546 846; x_wconf 84' lang='lat' dir='ltr'>Veneti</span> <span class='ocrx_word' id='word_1_457' title='bbox 1575 817 1613 846; x_wconf 80' lang='lat' dir='ltr'>de</span> <span class='ocrx_word' id='word_1_458' title='bbox 1642 819 1732 855; x_wconf 86' lang='lat' dir='ltr'>parte</span> <span class='ocrx_word' id='word_1_459' title='bbox 1758 818 1924 848; x_wconf 81' lang='lat' dir='ltr'>fructuum</span> <span class='ocrx_word' id='word_1_460' title='bbox 1952 822 1982 850; x_wconf 89' lang='lat' dir='ltr'>et</span> <span class='ocrx_word' id='word_1_461' title='bbox 2011 829 2171 850; x_wconf 80' lang='lat' dir='ltr'>censuum</span> <span class='ocrx_word' id='word_1_462' title='bbox 2197 821 2331 852; x_wconf 85' lang='lat' dir='ltr'>illarum</span> 
     </span>
     <span class='ocr_line' id='line_1_66' title="bbox 1326 867 2334 911; baseline 0.008 -15"><span class='ocrx_word' id='word_1_463' title='bbox 1326 867 1416 905; x_wconf 84' lang='lat' dir='ltr'>ipsos</span> <span class='ocrx_word' id='word_1_464' title='bbox 1445 869 1666 907; x_wconf 82' lang='lat' dir='ltr'>contingente,</span> <span class='ocrx_word' id='word_1_465' title='bbox 1682 870 1828 900; x_wconf 87' lang='lat' dir='ltr'>decimas</span> <span class='ocrx_word' id='word_1_466' title='bbox 1856 872 1986 902; x_wconf 76' lang='lat' dir='ltr'>solvere</span> <span class='ocrx_word' id='word_1_467' title='bbox 2016 874 2180 911; x_wconf 73' lang='lat' dir='ltr'>denegant</span> <span class='ocrx_word' id='word_1_468' title='bbox 2208 874 2334 904; x_wconf 87' lang='lat' dir='ltr'>archie-</span> 
     </span>
     <span class='ocr_line' id='line_1_67' title="bbox 1324 920 2334 961; baseline 0.008 -12"><span class='ocrx_word' id='word_1_469' title='bbox 1324 920 1460 958; x_wconf 86' lang='lat' dir='ltr'>piscopo</span> <span class='ocrx_word' id='word_1_470' title='bbox 1479 924 1672 952; x_wconf 82' lang='lat' dir='ltr'>memorato.</span> <span class='ocrx_word' id='word_1_471' title='bbox 1692 923 1800 957; x_wconf 82' lang='lat' dir='ltr'>Quare</span> <span class='ocrx_word' id='word_1_472' title='bbox 1827 924 1907 961; x_wconf 58' lang='lat' dir='ltr'>petit</span> <span class='ocrx_word' id='word_1_473' title='bbox 1924 933 1980 954; x_wconf 88' lang='lat' dir='ltr'>eos</span> <span class='ocrx_word' id='word_1_474' title='bbox 1997 926 2239 956; x_wconf 82' lang='lat' dir='ltr'>sententialiter</span> <span class='ocrx_word' id='word_1_475' title='bbox 2261 936 2334 957; x_wconf 89' lang='lat' dir='ltr'>con-</span> 
     </span>
     <span class='ocr_line' id='line_1_68' title="bbox 1326 972 2335 1016; baseline 0.008 -15"><span class='ocrx_word' id='word_1_476' title='bbox 1326 972 1499 1011; x_wconf 83' lang='lat' dir='ltr'>dempnari</span> <span class='ocrx_word' id='word_1_477' title='bbox 1518 975 1553 1004; x_wconf 90' lang='lat' dir='ltr'>ut</span> <span class='ocrx_word' id='word_1_478' title='bbox 1575 976 1681 1004; x_wconf 80' lang='lat' dir='ltr'>terras</span> <span class='ocrx_word' id='word_1_479' title='bbox 1699 976 1729 1005; x_wconf 90' lang='lat' dir='ltr'>et</span> <span class='ocrx_word' id='word_1_480' title='bbox 1751 977 1982 1014; x_wconf 73' lang='lat' dir='ltr'>possessiones</span> <span class='ocrx_word' id='word_1_481' title='bbox 2000 977 2191 1016; x_wconf 71' lang='lat' dir='ltr'>hujusmodi</span> <span class='ocrx_word' id='word_1_482' title='bbox 2211 979 2335 1009; x_wconf 76' lang='lat' dir='ltr'>talIbus</span> 
     </span>
     <span class='ocr_line' id='line_1_69' title="bbox 1328 1025 2336 1069; baseline 0.007 -15"><span class='ocrx_word' id='word_1_483' title='bbox 1328 1025 1479 1062; x_wconf 74' lang='lat' dir='ltr'>personis</span> <span class='ocrx_word' id='word_1_484' title='bbox 1495 1027 1525 1056; x_wconf 92' lang='lat' dir='ltr'>et</span> <span class='ocrx_word' id='word_1_485' title='bbox 1542 1027 1652 1056; x_wconf 86' lang='lat' dir='ltr'>taliter</span> <span class='ocrx_word' id='word_1_486' title='bbox 1668 1028 1813 1058; x_wconf 84' lang='lat' dir='ltr'>tribuant</span> <span class='ocrx_word' id='word_1_487' title='bbox 1829 1029 2027 1059; x_wconf 81' lang='lat' dir='ltr'>excolendas</span> <span class='ocrx_word' id='word_1_488' title='bbox 2043 1039 2105 1068; x_wconf 79' lang='lat' dir='ltr'>que</span> <span class='ocrx_word' id='word_1_489' title='bbox 2122 1031 2247 1069; x_wconf 65' lang='lat' dir='ltr'>absque</span> <span class='ocrx_word' id='word_1_490' title='bbox 2263 1040 2336 1062; x_wconf 88' lang='lat' dir='ltr'>con-</span> 
     </span>
     <span class='ocr_line' id='line_1_70' title="bbox 1326 1078 2335 1120; baseline 0.008 -13"><span class='ocrx_word' id='word_1_491' title='bbox 1326 1078 1522 1109; x_wconf 84' lang='lat' dir='ltr'>tradictione</span> <span class='ocrx_word' id='word_1_492' title='bbox 1540 1079 1606 1109; x_wconf 83' lang='lat' dir='ltr'>sibi</span> <span class='ocrx_word' id='word_1_493' title='bbox 1620 1081 1649 1110; x_wconf 89' lang='lat' dir='ltr'>et</span> <span class='ocrx_word' id='word_1_494' title='bbox 1666 1081 1817 1110; x_wconf 71' lang='lat' dir='ltr'>ecclesiis</span> <span class='ocrx_word' id='word_1_495' title='bbox 1834 1082 1993 1120; x_wconf 79' lang='lat' dir='ltr'>predictis</span> <span class='ocrx_word' id='word_1_496' title='bbox 2007 1083 2151 1112; x_wconf 71' lang='lat' dir='ltr'>decimas</span> <span class='ocrx_word' id='word_1_497' title='bbox 2166 1093 2241 1113; x_wconf 84' lang='lat' dir='ltr'>cum</span> <span class='ocrx_word' id='word_1_498' title='bbox 2259 1084 2335 1114; x_wconf 91' lang='lat' dir='ltr'>inte-</span> 
     </span>
    </p>
   </div>
   <div class='ocr_carea' id='block_1_9' title="bbox 1300 1131 2338 1175">
    <p class='ocr_par' dir='ltr' id='par_1_12' title="bbox 1300 1131 2338 1175">
     <span class='ocr_line' id='line_1_71' title="bbox 1300 1131 2338 1175; baseline 0.008 -15"><span class='ocrx_word' id='word_1_499' title='bbox 1300 1142 1301 1151; x_wconf 58' lang='lat'><em>*</em></span> <span class='ocrx_word' id='word_1_500' title='bbox 1326 1131 1443 1169; x_wconf 81' lang='lat' dir='ltr'>gritate</span> <span class='ocrx_word' id='word_1_501' title='bbox 1468 1133 1673 1170; x_wconf 78' lang='lat' dir='ltr'>persolvant,</span> <span class='ocrx_word' id='word_1_502' title='bbox 1700 1135 1742 1169; x_wconf 85' lang='lat' dir='ltr'>et,</span> <span class='ocrx_word' id='word_1_503' title='bbox 1767 1142 1807 1164; x_wconf 91' lang='lat' dir='ltr'>ne</span> <span class='ocrx_word' id='word_1_504' title='bbox 1833 1135 1872 1164; x_wconf 89' lang='lat' dir='ltr'>de</span> <span class='ocrx_word' id='word_1_505' title='bbox 1897 1137 2003 1165; x_wconf 84' lang='lat' dir='ltr'>cetero</span> <span class='ocrx_word' id='word_1_506' title='bbox 2029 1136 2220 1174; x_wconf 70' lang='lat' dir='ltr'>hujusmodi</span> <span class='ocrx_word' id='word_1_507' title='bbox 2244 1139 2338 1175; x_wconf 80' lang='lat' dir='ltr'>pacta</span> 
     </span>
    </p>
   </div>
   <div class='ocr_carea' id='block_1_10' title="bbox 1327 1183 2335 1224">
    <p class='ocr_par' dir='ltr' id='par_1_13' title="bbox 1327 1183 2335 1224">
     <span class='ocr_line' id='line_1_72' title="bbox 1327 1183 2335 1224; baseline 0.007 -12"><span class='ocrx_word' id='word_1_508' title='bbox 1327 1191 1402 1212; x_wconf 85' lang='grc'><strong>00111</strong></span> <span class='ocrx_word' id='word_1_509' title='bbox 1416 1183 1585 1222; x_wconf 74' lang='lat' dir='ltr'>aliquibus</span> <span class='ocrx_word' id='word_1_510' title='bbox 1598 1186 1750 1223; x_wconf 86' lang='lat' dir='ltr'>personis</span> <span class='ocrx_word' id='word_1_511' title='bbox 1764 1186 1875 1216; x_wconf 86' lang='lat' dir='ltr'>ineant</span> <span class='ocrx_word' id='word_1_512' title='bbox 1891 1187 1940 1217; x_wconf 73' lang='lat' dir='ltr'>vel</span> <span class='ocrx_word' id='word_1_513' title='bbox 1954 1187 2124 1218; x_wconf 84' lang='lat' dir='ltr'>inhibeant</span> <span class='ocrx_word' id='word_1_514' title='bbox 2137 1189 2189 1218; x_wconf 74' lang='lat' dir='ltr'>vel</span> <span class='ocrx_word' id='word_1_515' title='bbox 2201 1189 2335 1224; x_wconf 84' lang='lat' dir='ltr'>faciant,</span> 
     </span>
    </p>
   </div>
   <div class='ocr_carea' id='block_1_11' title="bbox 1300 1236 2338 1333">
    <p class='ocr_par' dir='ltr' id='par_1_14' title="bbox 1300 1236 2338 1333">
     <span class='ocr_line' id='line_1_73' title="bbox 1301 1236 2336 1273; baseline 0.007 -8"><span class='ocrx_word' id='word_1_516' title='bbox 1301 1251 1302 1256; x_wconf 67' lang='lat'>=</span> <span class='ocrx_word' id='word_1_517' title='bbox 1327 1237 1357 1265; x_wconf 79' lang='lat' dir='ltr'>et</span> <span class='ocrx_word' id='word_1_518' title='bbox 1383 1236 1470 1266; x_wconf 81' lang='lat' dir='ltr'>facta</span> <span class='ocrx_word' id='word_1_519' title='bbox 1491 1238 1628 1267; x_wconf 87' lang='lat' dir='ltr'>cassetis</span> <span class='ocrx_word' id='word_1_520' title='bbox 1658 1240 1689 1268; x_wconf 90' lang='lat' dir='ltr'>et</span> <span class='ocrx_word' id='word_1_521' title='bbox 1713 1238 1852 1269; x_wconf 83' lang='lat' dir='ltr'>irritetis</span> <span class='ocrx_word' id='word_1_522' title='bbox 1874 1241 1905 1269; x_wconf 91' lang='lat' dir='ltr'>et</span> <span class='ocrx_word' id='word_1_523' title='bbox 1930 1240 2055 1269; x_wconf 84' lang='lat' dir='ltr'>nullius</span> <span class='ocrx_word' id='word_1_524' title='bbox 2079 1241 2239 1271; x_wconf 85' lang='lat' dir='ltr'>momenti</span> <span class='ocrx_word' id='word_1_525' title='bbox 2265 1250 2336 1273; x_wconf 86' lang='lat' dir='ltr'>esse</span> 
     </span>
     <span class='ocr_line' id='line_1_74' title="bbox 1300 1289 2338 1333; baseline 0.006 -15"><span class='ocrx_word' id='word_1_526' title='bbox 1300 1319 1302 1330; x_wconf 54' lang='grc' dir='ltr'>Ι</span> <span class='ocrx_word' id='word_1_527' title='bbox 1327 1289 1522 1319; x_wconf 83' lang='lat' dir='ltr'>decernatis.</span> <span class='ocrx_word' id='word_1_528' title='bbox 1543 1290 1625 1320; x_wconf 88' lang='lat' dir='ltr'>Item</span> <span class='ocrx_word' id='word_1_529' title='bbox 1642 1291 1723 1329; x_wconf 88' lang='lat' dir='ltr'>petit</span> <span class='ocrx_word' id='word_1_530' title='bbox 1752 1292 1885 1321; x_wconf 88' lang='lat' dir='ltr'>eosdem</span> <span class='ocrx_word' id='word_1_531' title='bbox 1905 1293 2145 1323; x_wconf 77' lang='lat' dir='ltr'>sententialiter</span> <span class='ocrx_word' id='word_1_532' title='bbox 2161 1295 2338 1333; x_wconf 78' lang='lat' dir='ltr'>condemp-</span> 
     </span>
    </p>
   </div>
   <div class='ocr_carea' id='block_1_12' title="bbox 1326 1342 2335 1383">
    <p class='ocr_par' dir='ltr' id='par_1_15' title="bbox 1326 1342 2335 1383">
     <span class='ocr_line' id='line_1_75' title="bbox 1326 1342 2335 1383; baseline 0.006 -11"><span class='ocrx_word' id='word_1_533' title='bbox 1326 1342 1399 1372; x_wconf 82' lang='lat' dir='ltr'>nari</span> <span class='ocrx_word' id='word_1_534' title='bbox 1418 1344 1453 1373; x_wconf 90' lang='lat' dir='ltr'>ut</span> <span class='ocrx_word' id='word_1_535' title='bbox 1474 1344 1513 1373; x_wconf 90' lang='lat' dir='ltr'>de</span> <span class='ocrx_word' id='word_1_536' title='bbox 1530 1346 1621 1382; x_wconf 85' lang='lat' dir='ltr'>parte</span> <span class='ocrx_word' id='word_1_537' title='bbox 1639 1346 1805 1374; x_wconf 79' lang='lat' dir='ltr'>fructuum</span> <span class='ocrx_word' id='word_1_538' title='bbox 1825 1345 2017 1383; x_wconf 83' lang='lat' dir='ltr'>hujusmodi</span> <span class='ocrx_word' id='word_1_539' title='bbox 2038 1347 2200 1376; x_wconf 83' lang='lat' dir='ltr'>terrarum</span> <span class='ocrx_word' id='word_1_540' title='bbox 2217 1349 2247 1377; x_wconf 87' lang='grc'>01</span> <span class='ocrx_word' id='word_1_541' title='bbox 2265 1357 2335 1378; x_wconf 79' lang='grc'><strong>(011-</strong></span> 
     </span>
    </p>
   </div>
   <div class='ocr_carea' id='block_1_13' title="bbox 1301 1397 2335 1436">
    <p class='ocr_par' dir='ltr' id='par_1_16' title="bbox 1301 1397 2335 1436">
     <span class='ocr_line' id='line_1_76' title="bbox 1301 1397 2335 1436; baseline 0.006 -12"><span class='ocrx_word' id='word_1_542' title='bbox 1301 1404 1302 1415; x_wconf 69' lang='lat'>2</span> <span class='ocrx_word' id='word_1_543' title='bbox 1326 1404 1425 1425; x_wconf 89' lang='lat' dir='ltr'>suum</span> <span class='ocrx_word' id='word_1_544' title='bbox 1447 1397 1478 1425; x_wconf 91' lang='lat' dir='ltr'>et</span> <span class='ocrx_word' id='word_1_545' title='bbox 1500 1397 1755 1435; x_wconf 78' lang='lat' dir='ltr'>possessionum</span> <span class='ocrx_word' id='word_1_546' title='bbox 1772 1406 1827 1427; x_wconf 89' lang='lat' dir='ltr'>eos</span> <span class='ocrx_word' id='word_1_547' title='bbox 1850 1398 2072 1436; x_wconf 81' lang='lat' dir='ltr'>contingente,</span> <span class='ocrx_word' id='word_1_548' title='bbox 2097 1399 2243 1430; x_wconf 82' lang='lat' dir='ltr'>decimas</span> <span class='ocrx_word' id='word_1_549' title='bbox 2260 1409 2335 1430; x_wconf 83' lang='lat' dir='ltr'>cum</span> 
     </span>
    </p>
   </div>
   <div class='ocr_carea' id='block_1_14' title="bbox 1319 1447 2342 2923">
    <p class='ocr_par' dir='ltr' id='par_1_17' title="bbox 1326 1447 2336 1595">
     <span class='ocr_line' id='line_1_77' title="bbox 1326 1447 2336 1492; baseline 0.007 -15"><span class='ocrx_word' id='word_1_550' title='bbox 1326 1447 1513 1487; x_wconf 83' lang='lat' dir='ltr'>integritate</span> <span class='ocrx_word' id='word_1_551' title='bbox 1529 1450 1721 1487; x_wconf 68' lang='lat' dir='ltr'>persolvant</span> <span class='ocrx_word' id='word_1_552' title='bbox 1739 1452 1769 1480; x_wconf 89' lang='lat' dir='ltr'>et</span> <span class='ocrx_word' id='word_1_553' title='bbox 1785 1451 1824 1480; x_wconf 88' lang='lat' dir='ltr'>de</span> <span class='ocrx_word' id='word_1_554' title='bbox 1842 1451 2019 1481; x_wconf 83' lang='lat' dir='ltr'>subtractis</span> <span class='ocrx_word' id='word_1_555' title='bbox 2035 1451 2254 1487; x_wconf 79' lang='lat' dir='ltr'>satisfaciant,</span> <span class='ocrx_word' id='word_1_556' title='bbox 2273 1462 2336 1492; x_wconf 87' lang='lat' dir='ltr'>que</span> 
     </span>
     <span class='ocr_line' id='line_1_78' title="bbox 1327 1501 2335 1544; baseline 0.005 -13"><span class='ocrx_word' id='word_1_557' title='bbox 1327 1501 1463 1532; x_wconf 78' lang='lat' dir='ltr'>extimat</span> <span class='ocrx_word' id='word_1_558' title='bbox 1485 1503 1547 1532; x_wconf 87' lang='lat' dir='ltr'>tria</span> <span class='ocrx_word' id='word_1_559' title='bbox 1562 1503 1655 1532; x_wconf 88' lang='lat' dir='ltr'>milia</span> <span class='ocrx_word' id='word_1_560' title='bbox 1674 1512 1862 1533; x_wconf 85' lang='lat' dir='ltr'>marcarum</span> <span class='ocrx_word' id='word_1_561' title='bbox 1878 1504 2126 1543; x_wconf 72' lang='lat' dir='ltr'>sterlingorum.</span> <span class='ocrx_word' id='word_1_562' title='bbox 2143 1506 2237 1540; x_wconf 89' lang='lat' dir='ltr'>Item,</span> <span class='ocrx_word' id='word_1_563' title='bbox 2254 1507 2335 1544; x_wconf 89' lang='lat' dir='ltr'>petit</span> 
     </span>
     <span class='ocr_line' id='line_1_79' title="bbox 1326 1556 1854 1595; baseline 0.002 -10"><span class='ocrx_word' id='word_1_564' title='bbox 1326 1563 1490 1594; x_wconf 75' lang='lat' dir='ltr'>expensas</span> <span class='ocrx_word' id='word_1_565' title='bbox 1508 1557 1568 1586; x_wconf 89' lang='lat' dir='ltr'>etc.</span> <span class='ocrx_word' id='word_1_566' title='bbox 1588 1556 1681 1586; x_wconf 79' lang='lat' dir='ltr'>salvo</span> <span class='ocrx_word' id='word_1_567' title='bbox 1699 1556 1774 1595; x_wconf 89' lang='lat' dir='ltr'>jure</span> <span class='ocrx_word' id='word_1_568' title='bbox 1793 1558 1854 1587; x_wconf 88' lang='lat' dir='ltr'>etc.</span> 
     </span>
    </p>

    <p class='ocr_par' dir='ltr' id='par_1_18' title="bbox 1319 1609 2339 2550">
     <span class='ocr_line' id='line_1_80' title="bbox 1367 1609 2335 1648; baseline 0.005 -11"><span class='ocrx_word' id='word_1_569' title='bbox 1367 1620 1380 1633; x_wconf 69' lang='grc' dir='ltr'><strong><em>κ</em></strong></span> <span class='ocrx_word' id='word_1_570' title='bbox 1400 1609 1482 1638; x_wconf 89' lang='lat' dir='ltr'>Item</span> <span class='ocrx_word' id='word_1_571' title='bbox 1501 1609 1654 1647; x_wconf 88' lang='lat' dir='ltr'>proponit</span> <span class='ocrx_word' id='word_1_572' title='bbox 1680 1610 1779 1647; x_wconf 82' lang='lat' dir='ltr'>quod,</span> <span class='ocrx_word' id='word_1_573' title='bbox 1803 1619 1877 1639; x_wconf 87' lang='lat' dir='ltr'>cum</span> <span class='ocrx_word' id='word_1_574' title='bbox 1894 1610 2035 1648; x_wconf 77' lang='lat' dir='ltr'>quedam</span> <span class='ocrx_word' id='word_1_575' title='bbox 2061 1611 2185 1641; x_wconf 78' lang='lat' dir='ltr'>casalia</span> <span class='ocrx_word' id='word_1_576' title='bbox 2208 1613 2335 1642; x_wconf 87' lang='lat' dir='ltr'>consis-</span> 
     </span>
     <span class='ocr_line' id='line_1_81' title="bbox 1324 1661 2334 1701; baseline 0.005 -10"><span class='ocrx_word' id='word_1_577' title='bbox 1324 1662 1428 1692; x_wconf 86' lang='lat' dir='ltr'>tentia</span> <span class='ocrx_word' id='word_1_578' title='bbox 1450 1661 1484 1691; x_wconf 88' lang='lat' dir='ltr'>iu</span> <span class='ocrx_word' id='word_1_579' title='bbox 1500 1662 1599 1700; x_wconf 90' lang='lat' dir='ltr'>plano</span> <span class='ocrx_word' id='word_1_580' title='bbox 1615 1662 1820 1693; x_wconf 84' lang='lat' dir='ltr'>Paracandie</span> <span class='ocrx_word' id='word_1_581' title='bbox 1837 1672 1980 1701; x_wconf 84' lang='lat' dir='ltr'>quorum</span> <span class='ocrx_word' id='word_1_582' title='bbox 1998 1664 2061 1693; x_wconf 82' lang='lat' dir='ltr'>ista</span> <span class='ocrx_word' id='word_1_583' title='bbox 2078 1666 2154 1694; x_wconf 89' lang='lat' dir='ltr'>sunt</span> <span class='ocrx_word' id='word_1_584' title='bbox 2173 1666 2310 1695; x_wconf 86' lang='lat' dir='ltr'>nomina</span> <span class='ocrx_word' id='word_1_585' title='bbox 2329 1676 2334 1695; x_wconf 81' lang='lat' dir='ltr'>z</span> 
     </span>
     <span class='ocr_line' id='line_1_82' title="bbox 1325 1715 2334 1755; baseline 0.005 -11"><span class='ocrx_word' id='word_1_586' title='bbox 1325 1715 1432 1745; x_wconf 86' lang='lat' dir='ltr'>casale</span> <span class='ocrx_word' id='word_1_587' title='bbox 1460 1715 1671 1750; x_wconf 61' lang='lat' dir='ltr'>Maersxticho,</span> <span class='ocrx_word' id='word_1_588' title='bbox 1708 1716 1837 1750; x_wconf 80' lang='lat' dir='ltr'>Gaiat&#39;a,</span> <span class='ocrx_word' id='word_1_589' title='bbox 1871 1716 2150 1755; x_wconf 65' lang='lat' dir='ltr'>sylaino,Agyos</span> <span class='ocrx_word' id='word_1_590' title='bbox 2182 1718 2334 1749; x_wconf 85' lang='lat' dir='ltr'>Pantale-</span> 
     </span>
     <span class='ocr_line' id='line_1_83' title="bbox 1325 1768 2334 1807; baseline 0.005 -10"><span class='ocrx_word' id='word_1_591' title='bbox 1325 1776 1415 1802; x_wconf 92' lang='lat' dir='ltr'>mon,</span> <span class='ocrx_word' id='word_1_592' title='bbox 1444 1768 1690 1806; x_wconf 87' lang='lat' dir='ltr'>Papadiotissa‚</span> <span class='ocrx_word' id='word_1_593' title='bbox 1717 1769 1830 1807; x_wconf 78' lang='lat' dir='ltr'>Agyos</span> <span class='ocrx_word' id='word_1_594' title='bbox 1860 1769 1996 1805; x_wconf 84' lang='lat' dir='ltr'>Paulos,</span> <span class='ocrx_word' id='word_1_595' title='bbox 2012 1771 2042 1799; x_wconf 92' lang='lat' dir='ltr'>et</span> <span class='ocrx_word' id='word_1_596' title='bbox 2070 1770 2234 1805; x_wconf 53' lang='lat' dir='ltr'>Maizitici,</span> <span class='ocrx_word' id='word_1_597' title='bbox 2266 1772 2334 1802; x_wconf 86' lang='lat' dir='ltr'>fue-</span> 
     </span>
     <span class='ocr_line' id='line_1_84' title="bbox 1325 1820 2338 1864; baseline 0.004 -14"><span class='ocrx_word' id='word_1_598' title='bbox 1325 1820 1391 1851; x_wconf 89' lang='lat' dir='ltr'>rint</span> <span class='ocrx_word' id='word_1_599' title='bbox 1404 1829 1423 1851; x_wconf 90' lang='lat' dir='ltr'>a</span> <span class='ocrx_word' id='word_1_600' title='bbox 1433 1821 1726 1860; x_wconf 86' lang='lat' dir='ltr'>predecessoribus</span> <span class='ocrx_word' id='word_1_601' title='bbox 1739 1822 1809 1852; x_wconf 90' lang='lat' dir='ltr'>suis</span> <span class='ocrx_word' id='word_1_602' title='bbox 1822 1831 1978 1860; x_wconf 87' lang='lat' dir='ltr'>possessa</span> <span class='ocrx_word' id='word_1_603' title='bbox 1996 1823 2130 1853; x_wconf 89' lang='lat' dir='ltr'>nomine</span> <span class='ocrx_word' id='word_1_604' title='bbox 2159 1824 2338 1864; x_wconf 85' lang='lat' dir='ltr'>archiepis-</span> 
     </span>
     <span class='ocr_line' id='line_1_85' title="bbox 1325 1875 2336 1914; baseline 0.004 -10"><span class='ocrx_word' id='word_1_605' title='bbox 1325 1875 1462 1912; x_wconf 86' lang='lat' dir='ltr'>copatus</span> <span class='ocrx_word' id='word_1_606' title='bbox 1487 1876 1517 1904; x_wconf 92' lang='lat' dir='ltr'>et</span> <span class='ocrx_word' id='word_1_607' title='bbox 1543 1875 1753 1913; x_wconf 88' lang='lat' dir='ltr'>episcopatus</span> <span class='ocrx_word' id='word_1_608' title='bbox 1779 1876 2003 1913; x_wconf 78' lang='lat' dir='ltr'>predictorum</span> <span class='ocrx_word' id='word_1_609' title='bbox 2019 1878 2049 1906; x_wconf 92' lang='lat' dir='ltr'>et</span> <span class='ocrx_word' id='word_1_610' title='bbox 2065 1877 2212 1914; x_wconf 79' lang='lat' dir='ltr'>predicte</span> <span class='ocrx_word' id='word_1_611' title='bbox 2235 1878 2336 1908; x_wconf 87' lang='lat' dir='ltr'>eccle-</span> 
     </span>
     <span class='ocr_line' id='line_1_86' title="bbox 1325 1927 2338 1967; baseline 0.004 -10"><span class='ocrx_word' id='word_1_612' title='bbox 1325 1927 1373 1958; x_wconf 89' lang='lat' dir='ltr'>sie</span> <span class='ocrx_word' id='word_1_613' title='bbox 1396 1928 1427 1957; x_wconf 89' lang='lat' dir='ltr'>et</span> <span class='ocrx_word' id='word_1_614' title='bbox 1451 1927 1692 1966; x_wconf 86' lang='lat' dir='ltr'>archiepiscopi</span> <span class='ocrx_word' id='word_1_615' title='bbox 1718 1928 1774 1966; x_wconf 83' lang='lat' dir='ltr'>qui</span> <span class='ocrx_word' id='word_1_616' title='bbox 1797 1937 1855 1966; x_wconf 88' lang='lat' dir='ltr'>pro</span> <span class='ocrx_word' id='word_1_617' title='bbox 1881 1930 2025 1967; x_wconf 82' lang='lat' dir='ltr'>tempore</span> <span class='ocrx_word' id='word_1_618' title='bbox 2059 1930 2205 1964; x_wconf 74' lang='lat' dir='ltr'>fuerunt,</span> <span class='ocrx_word' id='word_1_619' title='bbox 2226 1933 2338 1961; x_wconf 77' lang='lat' dir='ltr'>tenue·</span> 
     </span>
     <span class='ocr_line' id='line_1_87' title="bbox 1324 1980 2337 2021; baseline 0.004 -11"><span class='ocrx_word' id='word_1_620' title='bbox 1324 1981 1391 2010; x_wconf 87' lang='lat' dir='ltr'>rint</span> <span class='ocrx_word' id='word_1_621' title='bbox 1415 1981 1445 2010; x_wconf 90' lang='lat' dir='ltr'>et</span> <span class='ocrx_word' id='word_1_622' title='bbox 1472 1980 1682 2019; x_wconf 87' lang='lat' dir='ltr'>possederint</span> <span class='ocrx_word' id='word_1_623' title='bbox 1708 1981 1795 2011; x_wconf 87' lang='lat' dir='ltr'>dicta</span> <span class='ocrx_word' id='word_1_624' title='bbox 1834 1981 1969 2016; x_wconf 85' lang='lat' dir='ltr'>casalia,</span> <span class='ocrx_word' id='word_1_625' title='bbox 2005 1984 2036 2011; x_wconf 87' lang='lat' dir='ltr'>et</span> <span class='ocrx_word' id='word_1_626' title='bbox 2061 1983 2095 2012; x_wconf 90' lang='lat' dir='ltr'>in</span> <span class='ocrx_word' id='word_1_627' title='bbox 2126 1984 2337 2021; x_wconf 76' lang='lat' dir='ltr'>possessione</span> 
     </span>
     <span class='ocr_line' id='line_1_88' title="bbox 1325 2033 2335 2072; baseline 0.005 -10"><span class='ocrx_word' id='word_1_628' title='bbox 1325 2034 1478 2071; x_wconf 85' lang='lat' dir='ltr'>ipsorum</span> <span class='ocrx_word' id='word_1_629' title='bbox 1508 2033 1644 2069; x_wconf 83' lang='lat' dir='ltr'>fuerint,</span> <span class='ocrx_word' id='word_1_630' title='bbox 1671 2034 1810 2072; x_wconf 89' lang='lat' dir='ltr'>predicti</span> <span class='ocrx_word' id='word_1_631' title='bbox 1840 2036 1947 2064; x_wconf 87' lang='lat' dir='ltr'>tamen</span> <span class='ocrx_word' id='word_1_632' title='bbox 1978 2036 2098 2065; x_wconf 71' lang='lat' dir='ltr'>Yeneti</span> <span class='ocrx_word' id='word_1_633' title='bbox 2127 2037 2250 2066; x_wconf 77' lang='lat' dir='ltr'>casalia</span> <span class='ocrx_word' id='word_1_634' title='bbox 2279 2037 2335 2067; x_wconf 89' lang='lat' dir='ltr'>hu-</span> 
     </span>
     <span class='ocr_line' id='line_1_89' title="bbox 1319 2087 2339 2129; baseline 0.003 -13"><span class='ocrx_word' id='word_1_635' title='bbox 1319 2087 1469 2126; x_wconf 84' lang='lat' dir='ltr'>jusmodi</span> <span class='ocrx_word' id='word_1_636' title='bbox 1483 2088 1687 2125; x_wconf 85' lang='lat' dir='ltr'>occuparunt</span> <span class='ocrx_word' id='word_1_637' title='bbox 1713 2089 1743 2117; x_wconf 88' lang='lat' dir='ltr'>et</span> <span class='ocrx_word' id='word_1_638' title='bbox 1767 2089 1904 2126; x_wconf 85' lang='lat' dir='ltr'>occupat</span> <span class='ocrx_word' id='word_1_639' title='bbox 1956 2088 2102 2118; x_wconf 84' lang='lat' dir='ltr'>detinere</span> <span class='ocrx_word' id='word_1_640' title='bbox 2132 2098 2339 2129; x_wconf 77' lang='lat' dir='ltr'>presumpse-</span> 
     </span>
     <span class='ocr_line' id='line_1_90' title="bbox 1325 2139 2338 2180; baseline 0.003 -11"><span class='ocrx_word' id='word_1_641' title='bbox 1325 2140 1441 2169; x_wconf 79' lang='lat' dir='ltr'>runtet</span> <span class='ocrx_word' id='word_1_642' title='bbox 1450 2148 1537 2169; x_wconf 90' lang='lat' dir='ltr'>nunc</span> <span class='ocrx_word' id='word_1_643' title='bbox 1549 2139 1697 2169; x_wconf 86' lang='lat' dir='ltr'>detinent</span> <span class='ocrx_word' id='word_1_644' title='bbox 1711 2141 1868 2178; x_wconf 83' lang='lat' dir='ltr'>occupata</span> <span class='ocrx_word' id='word_1_645' title='bbox 1892 2141 2104 2179; x_wconf 69' lang='lat' dir='ltr'>possessione</span> <span class='ocrx_word' id='word_1_646' title='bbox 2114 2143 2338 2180; x_wconf 85' lang='lat' dir='ltr'>predictorum</span> 
     </span>
     <span class='ocr_line' id='line_1_91' title="bbox 1324 2192 2338 2233; baseline 0.001 -10"><span class='ocrx_word' id='word_1_647' title='bbox 1324 2192 1487 2223; x_wconf 85' lang='lat' dir='ltr'>casalium</span> <span class='ocrx_word' id='word_1_648' title='bbox 1515 2192 1682 2231; x_wconf 85' lang='lat' dir='ltr'>predictas</span> <span class='ocrx_word' id='word_1_649' title='bbox 1716 2193 1874 2223; x_wconf 87' lang='lat' dir='ltr'>ecclesias</span> <span class='ocrx_word' id='word_1_650' title='bbox 1902 2196 1933 2223; x_wconf 89' lang='lat' dir='ltr'>et</span> <span class='ocrx_word' id='word_1_651' title='bbox 1963 2194 2249 2233; x_wconf 77' lang='lat' dir='ltr'>archiepiscopum</span> <span class='ocrx_word' id='word_1_652' title='bbox 2271 2204 2338 2224; x_wconf 89' lang='lat' dir='ltr'>me—</span> 
     </span>
     <span class='ocr_line' id='line_1_92' title="bbox 1324 2245 2339 2285; baseline 0.003 -10"><span class='ocrx_word' id='word_1_653' title='bbox 1324 2247 1489 2276; x_wconf 88' lang='lat' dir='ltr'>moratum</span> <span class='ocrx_word' id='word_1_654' title='bbox 1522 2245 1708 2284; x_wconf 85' lang='lat' dir='ltr'>spoliando.</span> <span class='ocrx_word' id='word_1_655' title='bbox 1737 2248 1845 2281; x_wconf 78' lang='lat' dir='ltr'>Quare</span> <span class='ocrx_word' id='word_1_656' title='bbox 1880 2247 1964 2285; x_wconf 86' lang='lat' dir='ltr'>petit</span> <span class='ocrx_word' id='word_1_657' title='bbox 1998 2247 2165 2285; x_wconf 71' lang='lat' dir='ltr'>predictcs</span> <span class='ocrx_word' id='word_1_658' title='bbox 2193 2249 2339 2278; x_wconf 58' lang='lat' dir='ltr'>Venetos</span> 
     </span>
     <span class='ocr_line' id='line_1_93' title="bbox 1324 2298 2338 2340; baseline 0.001 -10"><span class='ocrx_word' id='word_1_659' title='bbox 1324 2298 1566 2329; x_wconf 88' lang='lat' dir='ltr'>sententialiter</span> <span class='ocrx_word' id='word_1_660' title='bbox 1599 2299 1836 2337; x_wconf 85' lang='lat' dir='ltr'>condempnari</span> <span class='ocrx_word' id='word_1_661' title='bbox 1863 2300 1904 2329; x_wconf 88' lang='lat' dir='ltr'>ad</span> <span class='ocrx_word' id='word_1_662' title='bbox 1938 2299 2182 2330; x_wconf 86' lang='lat' dir='ltr'>restitutionem</span> <span class='ocrx_word' id='word_1_663' title='bbox 2206 2310 2338 2340; x_wconf 76' lang='lat' dir='ltr'>posses-</span> 
     </span>
     <span class='ocr_line' id='line_1_94' title="bbox 1325 2352 2335 2390; baseline 0.001 -8"><span class='ocrx_word' id='word_1_664' title='bbox 1325 2352 1432 2383; x_wconf 84' lang='lat' dir='ltr'>sionis</span> <span class='ocrx_word' id='word_1_665' title='bbox 1457 2352 1681 2390; x_wconf 85' lang='lat' dir='ltr'>predictorum</span> <span class='ocrx_word' id='word_1_666' title='bbox 1720 2352 1883 2382; x_wconf 90' lang='lat' dir='ltr'>casalium</span> <span class='ocrx_word' id='word_1_667' title='bbox 1921 2352 1960 2382; x_wconf 88' lang='lat' dir='ltr'>de</span> <span class='ocrx_word' id='word_1_668' title='bbox 1987 2352 2151 2383; x_wconf 79' lang='lat' dir='ltr'>fructibus</span> <span class='ocrx_word' id='word_1_669' title='bbox 2174 2362 2335 2384; x_wconf 89' lang='lat' dir='ltr'>censuum</span> 
     </span>
     <span class='ocr_line' id='line_1_95' title="bbox 1324 2404 2335 2443; baseline 0.001 -8"><span class='ocrx_word' id='word_1_670' title='bbox 1324 2408 1355 2435; x_wconf 91' lang='lat' dir='ltr'>et</span> <span class='ocrx_word' id='word_1_671' title='bbox 1373 2405 1464 2435; x_wconf 86' lang='lat' dir='ltr'>omni</span> <span class='ocrx_word' id='word_1_672' title='bbox 1481 2413 1582 2434; x_wconf 86' lang='lat' dir='ltr'>causa</span> <span class='ocrx_word' id='word_1_673' title='bbox 1599 2404 1710 2434; x_wconf 89' lang='lat' dir='ltr'>medio</span> <span class='ocrx_word' id='word_1_674' title='bbox 1736 2405 1882 2443; x_wconf 88' lang='lat' dir='ltr'>tempore</span> <span class='ocrx_word' id='word_1_675' title='bbox 1900 2405 2065 2443; x_wconf 82' lang='lat' dir='ltr'>perceptis</span> <span class='ocrx_word' id='word_1_676' title='bbox 2086 2406 2117 2434; x_wconf 84' lang='lat' dir='ltr'>ct</span> <span class='ocrx_word' id='word_1_677' title='bbox 2146 2405 2335 2442; x_wconf 87' lang='lat' dir='ltr'>subtractis,</span> 
     </span>
     <span class='ocr_line' id='line_1_96' title="bbox 1325 2458 2338 2497; baseline -0.002 -8"><span class='ocrx_word' id='word_1_678' title='bbox 1325 2467 1388 2497; x_wconf 81' lang='lat' dir='ltr'>que</span> <span class='ocrx_word' id='word_1_679' title='bbox 1416 2459 1552 2488; x_wconf 78' lang='lat' dir='ltr'>extimat</span> <span class='ocrx_word' id='word_1_680' title='bbox 1591 2458 1790 2496; x_wconf 85' lang='lat' dir='ltr'>quingentas</span> <span class='ocrx_word' id='word_1_681' title='bbox 1825 2466 1954 2488; x_wconf 86' lang='lat' dir='ltr'>marcas</span> <span class='ocrx_word' id='word_1_682' title='bbox 1993 2458 2240 2496; x_wconf 74' lang='lat' dir='ltr'>sterlingorum,</span> <span class='ocrx_word' id='word_1_683' title='bbox 2274 2458 2338 2490; x_wconf 86' lang='lat' dir='ltr'>sibi</span> 
     </span>
     <span class='ocr_line' id='line_1_97' title="bbox 1325 2511 2333 2550; baseline 0.001 -8"><span class='ocrx_word' id='word_1_684' title='bbox 1325 2511 1493 2542; x_wconf 86' lang='lat' dir='ltr'>satisfieri.</span> <span class='ocrx_word' id='word_1_685' title='bbox 1510 2512 1592 2541; x_wconf 88' lang='lat' dir='ltr'>Item</span> <span class='ocrx_word' id='word_1_686' title='bbox 1608 2511 1688 2549; x_wconf 90' lang='lat' dir='ltr'>petit</span> <span class='ocrx_word' id='word_1_687' title='bbox 1699 2519 1863 2549; x_wconf 78' lang='lat' dir='ltr'>expensas</span> <span class='ocrx_word' id='word_1_688' title='bbox 1876 2511 1979 2540; x_wconf 80' lang='lat' dir='ltr'>factas</span> <span class='ocrx_word' id='word_1_689' title='bbox 1995 2511 2170 2545; x_wconf 76' lang='lat' dir='ltr'>etc.‚salv0</span> <span class='ocrx_word' id='word_1_690' title='bbox 2182 2512 2257 2550; x_wconf 88' lang='lat' dir='ltr'>jure</span> <span class='ocrx_word' id='word_1_691' title='bbox 2269 2514 2333 2543; x_wconf 89' lang='lat' dir='ltr'>etc.</span> 
     </span>
    </p>

    <p class='ocr_par' dir='ltr' id='par_1_19' title="bbox 1325 2564 2342 2923">
     <span class='ocr_line' id='line_1_98' title="bbox 1369 2564 2339 2604; baseline 0.001 -9"><span class='ocrx_word' id='word_1_692' title='bbox 1369 2565 1483 2595; x_wconf 87' lang='lat' dir='ltr'>«Item</span> <span class='ocrx_word' id='word_1_693' title='bbox 1513 2565 1594 2595; x_wconf 88' lang='lat' dir='ltr'>dicit</span> <span class='ocrx_word' id='word_1_694' title='bbox 1634 2566 1749 2595; x_wconf 85' lang='lat' dir='ltr'>contra</span> <span class='ocrx_word' id='word_1_695' title='bbox 1777 2564 1922 2599; x_wconf 90' lang='lat' dir='ltr'>eosdem,</span> <span class='ocrx_word' id='word_1_696' title='bbox 1951 2565 2085 2595; x_wconf 89' lang='lat' dir='ltr'>nomine</span> <span class='ocrx_word' id='word_1_697' title='bbox 2114 2565 2339 2604; x_wconf 87' lang='lat' dir='ltr'>predictarum</span> 
     </span>
     <span class='ocr_line' id='line_1_99' title="bbox 1327 2618 2339 2656; baseline 0.002 -7"><span class='ocrx_word' id='word_1_698' title='bbox 1327 2618 1554 2652; x_wconf 86' lang='lat' dir='ltr'>ecclesiarum,</span> <span class='ocrx_word' id='word_1_699' title='bbox 1585 2618 1685 2656; x_wconf 65' lang='lat' dir='ltr'>quod,</span> <span class='ocrx_word' id='word_1_700' title='bbox 1712 2626 1787 2647; x_wconf 87' lang='lat' dir='ltr'>cum</span> <span class='ocrx_word' id='word_1_701' title='bbox 1814 2618 1960 2656; x_wconf 86' lang='lat' dir='ltr'>predicte</span> <span class='ocrx_word' id='word_1_702' title='bbox 1989 2618 2128 2648; x_wconf 80' lang='lat' dir='ltr'>ecclesie</span> <span class='ocrx_word' id='word_1_703' title='bbox 2154 2618 2278 2650; x_wconf 86' lang='lat' dir='ltr'>fuerint</span> <span class='ocrx_word' id='word_1_704' title='bbox 2305 2619 2339 2651; x_wconf 90' lang='lat' dir='ltr'>in</span> 
     </span>
     <span class='ocr_line' id='line_1_100' title="bbox 1325 2671 2338 2711; baseline 0.001 -9"><span class='ocrx_word' id='word_1_705' title='bbox 1325 2672 1540 2711; x_wconf 84' lang='lat' dir='ltr'>possessione</span> <span class='ocrx_word' id='word_1_706' title='bbox 1557 2671 1708 2701; x_wconf 90' lang='lat' dir='ltr'>omnium</span> <span class='ocrx_word' id='word_1_707' title='bbox 1726 2671 1978 2709; x_wconf 81' lang='lat' dir='ltr'>possessionum</span> <span class='ocrx_word' id='word_1_708' title='bbox 2001 2672 2031 2701; x_wconf 88' lang='lat' dir='ltr'>et</span> <span class='ocrx_word' id='word_1_709' title='bbox 2049 2680 2160 2701; x_wconf 81' lang='lat' dir='ltr'>rerum</span> <span class='ocrx_word' id='word_1_710' title='bbox 2184 2671 2338 2703; x_wconf 89' lang='lat' dir='ltr'>immobi-</span> 
     </span>
     <span class='ocr_line' id='line_1_101' title="bbox 1329 2723 2340 2762; baseline 0.002 -8"><span class='ocrx_word' id='word_1_711' title='bbox 1329 2724 1411 2754; x_wconf 91' lang='lat' dir='ltr'>lium</span> <span class='ocrx_word' id='word_1_712' title='bbox 1427 2732 1510 2762; x_wconf 88' lang='lat' dir='ltr'>quas</span> <span class='ocrx_word' id='word_1_713' title='bbox 1526 2723 1665 2761; x_wconf 87' lang='lat' dir='ltr'>predicti</span> <span class='ocrx_word' id='word_1_714' title='bbox 1683 2723 1829 2754; x_wconf 89' lang='lat' dir='ltr'>detinent</span> <span class='ocrx_word' id='word_1_715' title='bbox 1847 2732 1905 2761; x_wconf 86' lang='lat' dir='ltr'>per</span> <span class='ocrx_word' id='word_1_716' title='bbox 1921 2731 1955 2753; x_wconf 85' lang='lat' dir='ltr'>se</span> <span class='ocrx_word' id='word_1_717' title='bbox 1972 2723 2025 2754; x_wconf 92' lang='lat' dir='ltr'>vel</span> <span class='ocrx_word' id='word_1_718' title='bbox 2041 2732 2100 2762; x_wconf 88' lang='lat' dir='ltr'>per</span> <span class='ocrx_word' id='word_1_719' title='bbox 2117 2724 2201 2754; x_wconf 86' lang='lat' dir='ltr'>alios</span> <span class='ocrx_word' id='word_1_720' title='bbox 2218 2725 2252 2755; x_wconf 89' lang='lat' dir='ltr'>in</span> <span class='ocrx_word' id='word_1_721' title='bbox 2269 2725 2340 2756; x_wconf 88' lang='lat' dir='ltr'>dio-</span> 
     </span>
     <span class='ocr_line' id='line_1_102' title="bbox 1329 2776 2342 2816; baseline 0.001 -8"><span class='ocrx_word' id='word_1_722' title='bbox 1329 2777 1396 2808; x_wconf 85' lang='lat' dir='ltr'>cesi</span> <span class='ocrx_word' id='word_1_723' title='bbox 1417 2777 1586 2808; x_wconf 87' lang='lat' dir='ltr'>Cretensis</span> <span class='ocrx_word' id='word_1_724' title='bbox 1606 2776 1913 2814; x_wconf 86' lang='lat' dir='ltr'>archiepiscopatus</span> <span class='ocrx_word' id='word_1_725' title='bbox 1935 2778 1965 2806; x_wconf 90' lang='lat' dir='ltr'>et</span> <span class='ocrx_word' id='word_1_726' title='bbox 1986 2777 2092 2807; x_wconf 86' lang='lat' dir='ltr'>sancti</span> <span class='ocrx_word' id='word_1_727' title='bbox 2113 2777 2189 2807; x_wconf 86' lang='lat' dir='ltr'>Miri</span> <span class='ocrx_word' id='word_1_728' title='bbox 2215 2778 2342 2816; x_wconf 89' lang='lat' dir='ltr'>episco-</span> 
     </span>
     <span class='ocr_line' id='line_1_103' title="bbox 1329 2829 2342 2870; baseline 0.001 -10"><span class='ocrx_word' id='word_1_729' title='bbox 1329 2832 1438 2870; x_wconf 88' lang='lat' dir='ltr'>patus,</span> <span class='ocrx_word' id='word_1_730' title='bbox 1457 2830 1535 2860; x_wconf 83' lang='lat' dir='ltr'>dicti</span> <span class='ocrx_word' id='word_1_731' title='bbox 1552 2830 1621 2860; x_wconf 78' lang='lat' dir='ltr'>dux</span> <span class='ocrx_word' id='word_1_732' title='bbox 1637 2830 1669 2860; x_wconf 91' lang='lat' dir='ltr'>et</span> <span class='ocrx_word' id='word_1_733' title='bbox 1685 2838 1858 2860; x_wconf 86' lang='lat' dir='ltr'>commuue</span> <span class='ocrx_word' id='word_1_734' title='bbox 1876 2829 2041 2868; x_wconf 86' lang='lat' dir='ltr'>predictas</span> <span class='ocrx_word' id='word_1_735' title='bbox 2060 2830 2293 2868; x_wconf 84' lang='lat' dir='ltr'>possessiones</span> <span class='ocrx_word' id='word_1_736' title='bbox 2310 2832 2342 2861; x_wconf 88' lang='lat' dir='ltr'>et</span> 
     </span>
     <span class='ocr_line' id='line_1_104' title="bbox 1331 2883 2339 2923; baseline 0.001 -9"><span class='ocrx_word' id='word_1_737' title='bbox 1331 2883 1456 2914; x_wconf 85' lang='lat' dir='ltr'>casalia</span> <span class='ocrx_word' id='word_1_738' title='bbox 1478 2884 1510 2914; x_wconf 90' lang='lat' dir='ltr'>et</span> <span class='ocrx_word' id='word_1_739' title='bbox 1535 2883 1723 2913; x_wconf 88' lang='lat' dir='ltr'>immobilia</span> <span class='ocrx_word' id='word_1_740' title='bbox 1749 2883 1954 2921; x_wconf 82' lang='lat' dir='ltr'>occuparunt</span> <span class='ocrx_word' id='word_1_741' title='bbox 1979 2884 2011 2913; x_wconf 91' lang='lat' dir='ltr'>et</span> <span class='ocrx_word' id='word_1_742' title='bbox 2038 2884 2151 2915; x_wconf 89' lang='lat' dir='ltr'>contra</span> <span class='ocrx_word' id='word_1_743' title='bbox 2173 2885 2339 2923; x_wconf 77' lang='lat' dir='ltr'>Justitiam</span> 
     </span>
    </p>
   </div>
   <div class='ocr_carea' id='block_1_15' title="bbox 1331 2935 2339 3011">
    <p class='ocr_par' dir='ltr' id='par_1_20' title="bbox 1331 2935 2339 3011">
     <span class='ocr_line' id='line_1_105' title="bbox 1331 2935 2339 2976; baseline 0 -8"><span class='ocrx_word' id='word_1_744' title='bbox 1331 2937 1481 2968; x_wconf 88' lang='lat' dir='ltr'>detinent</span> <span class='ocrx_word' id='word_1_745' title='bbox 1507 2937 1674 2975; x_wconf 82' lang='lat' dir='ltr'>occupata.</span> <span class='ocrx_word' id='word_1_746' title='bbox 1702 2935 1797 2966; x_wconf 92' lang='lat' dir='ltr'>Unde</span> <span class='ocrx_word' id='word_1_747' title='bbox 1826 2936 1919 2975; x_wconf 88' lang='lat' dir='ltr'>petit,</span> <span class='ocrx_word' id='word_1_748' title='bbox 1951 2936 2087 2967; x_wconf 89' lang='lat' dir='ltr'>nomine</span> <span class='ocrx_word' id='word_1_749' title='bbox 2115 2937 2339 2976; x_wconf 78' lang='lat' dir='ltr'>predictarum</span> 
     </span>
     <span class='ocr_line' id='line_1_106' title="bbox 2167 2986 2198 3011; baseline 0.032 -1"><span class='ocrx_word' id='word_1_750' title='bbox 2167 2986 2198 3011; x_wconf 65' lang='lat'>¹4</span> 
     </span>
    </p>
   </div>
  </div>
 </body>
</html>
