2547 3289
253 263 312 293 320

341 345 413 376 668
840 339 964 369 Ort-icto,
982 339 1016 365 20
1029 337 1092 373 juin
1111 338 1187 364 1261.

286 429 364 459 Quod
380 426 475 453 clerici
495 434 559 452 cum
577 426 676 451 codem
699 423 803 450 comite
825 423 1046 449 transfretantes
1066 430 1123 448 non
1141 425 1259 448 tencan-

250 480 296 503 tur
311 477 345 502 ad
365 475 568 510 praestandum
582 473 691 507 aliquas
711 471 913 498 subventiones
934 471 1086 505 impositas
1107 471 1149 497 vel
1171 471 1260 505 impo-

249 527 356 551 nendas
384 522 511 550 ecclesiis
538 523 579 548 vel
612 521 723 548 clericis
750 530 801 555 pro
828 521 932 547 'l‘crrae
960 521 1078 547 Sanctae
1111 528 1257 546 succursu.

249 574 328 603 «leisc.
350 574 393 599 28.
410 572 458 598 sol.
477 572 511 597 09
529 575 566 602 νο,
585 578 650 597 anu.
667 569 714 603 ΙΙΙ,
731 574 761 596 n0
776 569 852 604 270.)

290 689 303 703 «
326 675 444 706 Eidem.
473 675 621 714 Dignum
645 676 707 710 est,
737 676 812 709 etc„
832 692 880 703 -—.
906 674 1030 703 Datum
1047 674 1213 710 utsupra.
1243 681 1257 700 ))

336 842 408 872 669
843 838 968 870 Orvieto,
982 839 1015 865 20
1027 837 1090 873 juin
1108 838 1156 864 120
1164 837 1184 865 2.

283 925 381 951 Eidem
399 923 529 950 concedit
541 922 706 950 Facultatum
719 922 891 957 quingentas
904 921 991 948 libras
1008 923 1063 948 tur.
1081 920 1258 955 expendendi

247 973 275 1000 in
297 972 456 999 subsidium
484 972 586 998 'l’errae
607 972 736 998 Sanctae.
760 970 838 1006 (Rnc.
860 972 905 1001 28,
925 970 971 997 sol.
997 971 1030 997 ct)
1057 975 1094 1001 νῦ,
1120 978 1187 996 ann.
1211 969 1257 1001 111,

248 1027 280 1048 n⁰
295 1023 328 1048 27
351 1022 370 1055 .)

287 1129 303 1149 ((
322 1119 444 1149 Eidem.
464 1119 513 1148 Ex
529 1120 623 1157 parte
643 1119 698 1147 tua
718 1117 781 1147 suit
799 1117 1011 1156 propositum
1028 1125 1139 1147 coram
1160 1117 1258 1147 nobis

247 1173 336 1212 quod
356 1172 525 1211 quondam
544 1170 776 1210 progenitores
799 1170 848 1200 tui
867 1172 898 1200 et
923 1195 929 1201 .
946 1195 952 1200 .
978 1179 1062 1200 uxor
1081 1172 1139 1200 tua
1156 1179 1258 1209 quan-

247 1226 323 1256 dam
352 1225 491 1264 pecunie
520 1232 705 1260 summam,
733 1223 890 1253 videlicet
919 1223 1122 1261 quingentas
1152 1223 1258 1253 libras

245 1278 482 1309 turonensium
509 1278 541 1306 in
570 1277 644 1315 pios
671 1286 764 1312 usus,
793 1285 858 1306 non
883 1276 1057 1314 expressis
1086 1275 1258 1314 aliquibus

245 1331 402 1370 personis
416 1331 469 1361 vel
487 1331 582 1367 locis,
601 1338 659 1368 per
675 1338 795 1359 manus
813 1330 888 1359 tuas
905 1329 1035 1367 erogari
1057 1329 1258 1359 mamlarunt

246 1385 280 1414 in
297 1384 418 1414 ultima
442 1384 624 1414 voluntate.
654 1383 723 1413 Nos
746 1382 860 1420 itaque
884 1382 1095 1412 attendentes
1115 1382 1203 1420 quod
1224 1383 1258 1411 in

245 1438 320 1476 pios
342 1436 541 1467 exhibentur
560 1445 643 1466 usus
665 1445 728 1474 quc
751 1436 782 1464 in
799 1435 901 1465 'ferre
925 1436 1044 1466 Sancte
1067 1434 1258 1465 subsidium

246 1491 492 1529 expemluntur,
520 1490 587 1519 tuis
618 1488 924 1527 supplicationibus
951 1488 1113 1522 inclinati.
1138 1497 1260 1526 expen-

245 1544 344 1574 dendi
365 1543 559 1581 hujusmodi
585 1542 762 1580 pecuniam
786 1542 818 1570 in
839 1541 1033 1579 hujusmodi
1054 1541 1257 1578 subsidium,

245 1597 286 1626 ad
303 1597 403 1635 quod,
419 1597 514 1634 signo
531 1595 661 1625 vivifice
672 1595 780 1625 crucis
791 1596 978 1633 assumpto,
990 1595 1145 1631 viriliter,
1161 1597 1259 1633 prout.

243 1650 420 1685 asseritur,
439 1651 469 1679 te
487 1649 645 1688 accingis,
667 1648 809 1678 liberam
830 1648 891 1678 tibi
912 1649 1129 1678 concedimus
1148 1650 1258 1678 aucto-

244 1703 342 1733 ritate
360 1703 580 1741 presentium,
598 1702 807 1732 facultatem.
829 1702 952 1732 Datum
975 1703 1009 1732 ut
1030 1710 1142 1740 supra.
1167 1714 1180 1729 »

334 1867 406 1897 670
798 1864 923 1898 Orvicto,
940 1865 1083 1900 lvrjuillct
1108 1865 1184 1892 1204.

280 1950 474 1984 Int'rascriptis
505 1950 619 1976 inundat
649 1950 826 1984 compellant
854 1950 957 1976 fratres
984 1950 1200 1977 l‘raedicatorcs
1229 1954 1255 1977 ct

245 1999 367 2025 Minores
389 2000 423 2025 ad
443 1999 643 2025 testimonium
660 2000 693 2025 de
706 1999 794 2033 gestis
813 1998 1002 2025 ltutlienensis
1021 1999 1145 2033 episcopi
1165 1999 1256 2033 perhi-

246 2047 380 2074 bendum.
400 2048 479 2082 (inm.
498 2050 540 2074 28.
560 2047 606 2074 sol.
625 2050 658 2073 ct.)
672 2054 707 2077 νῦ,
726 2056 792 2073 ann.
816 2047 861 2077 lli,
880 2053 908 2073 n⁰
923 2049 999 2075 272.)

286 2154 300 2172 ((
332 2167 361 2174 .,
392 2143 536 2182 episcopo
562 2143 743 2178 Bilerrcnsi,
767 2148 793 2171 13!
825 2167 850 2171 ..
878 2144 996 2172 cameri
1018 2144 1208 2180 Nivernensi,
1230 2151 1256 2174 el

245 2197 389 2235 mayistro
416 2196 548 2225 Haurit-0
577 2196 612 2225 de
644 2196 814 2232 Virziliaw,
834 2198 978 2226 canonico
998 2197 1252 2229 Autisz'mlorensi.

246 2251 335 2281 Olim
361 2250 595 2289 inquisitionis
620 2250 788 2289 negotium
808 2252 924 2280 contra
946 2251 1175 2281 venerabilem
1195 2252 1257 2281 fra-

246 2305 329 2334 trem
367 2305 518 2333 nostrum
554 2329 560 2334 .
588 2327 594 2332 .
646 2303 883 2334 {iulienenscm
916 2305 1125 2343 episcopum,
1155 2314 1258 2344 super

246 2357 391 2386 divorsis
403 2356 603 2387 criiniiiibus
613 2356 722 2392 vobis,
736 2356 798 2386 sub
811 2358 901 2387 certa
917 2357 1036 2393 forma,
1048 2366 1106 2396 per
1124 2360 1257 2388 nostras

246 2410 375 2440 litteras
401 2410 562 2439 duximus
586 2410 877 2446 connnittendum,
901 2410 1124 2449 compellendi
1144 2420 1257 2450 perso-

246 2472 305 2492 nas
324 2462 513 2501 religiosas,
531 2462 760 2501 cujuscunque
784 2463 914 2493 ordinis
934 2464 986 2493 vel
1009 2464 1197 2502 religionis,
1216 2465 1256 2495 ad

246 2515 490 2554 perliilwndum
518 2515 753 2546 testimoninm
780 2516 926 2552 veritati,
955 2525 1019 2546 non
1042 2516 1256 2548 obstantibus

246 2568 503 2607 quibuscunque
528 2569 737 2607 indulgentia
758 2569 808 2599 vel
833 2569 1010 2608 privilegio
1031 2570 1116 2608 ipsis
1135 2571 1186 2601 vol
1206 2579 1257 2601 eo-

247 2630 319 2651 rum
340 2621 449 2651 ordini
468 2622 638 2652 concessis
668 2631 686 2652 a
714 2623 791 2653 sede
811 2623 1007 2661 apostolica,
1033 2623 1095 2653 sub
1112 2632 1257 2663 quacun-

247 2684 310 2713 que
330 2675 435 2705 forma
464 2675 653 2706 vorborum.
673 2685 831 2706 concessa
859 2676 954 2707 vobis
979 2677 1079 2716 plena
1102 2680 1132 2708 et
1149 2677 1257 2709 libera

246 2728 413 2758 facultate.
434 2730 573 2764 Verum,
600 2730 677 2768 qnia
702 2730 850 2759 creditur
870 2739 928 2769 per
945 2730 1066 2761 fratres
1087 2731 1256 2762 Minorum

247 2783 278 2811 et
304 2781 555 2811 l‘rcdicatorum
582 2782 749 2817 ordinum,
776 2782 969 2822 hujusmodi
992 2784 1135 2814 crimina
1157 2793 1256 2823 posse

246 2833 393 2873 probari,
417 2835 639 2873 compellendi
674 2844 732 2874 per
764 2845 942 2866 censuram
976 2837 1256 2875 ecclesiasticam,

244 2887 341 2925 juxta
358 2888 506 2917 tenorem
528 2888 754 2925 predictarum
774 2889 976 2925 litterarum,
989 2890 1110 2920 fratres
1129 2891 1257 2929 predic-

246 2942 357 2970 torum
375 2940 542 2970 Minoi-um
569 2943 597 2971 ct
628 2941 881 2972 Prodit-atorum
902 2943 1057 2973 ordinum
1086 2944 1126 2973 ad
1149 2944 1257 2982 perhi-

1014 255 1256 285 REGISTRES
1280 254 1492 285 D'URBAIN
1517 254 1574 283 IV.

1322 337 1468 367 bendum
1493 337 1525 366 in
1550 337 1668 368 eodem
1694 338 1826 376 negotio
1849 338 2085 369 testimonium
2102 340 2250 377 veritati,
2269 350 2335 372 non

1322 389 1475 420 obstante
1505 407 1545 412 —
1572 390 1805 429 (concedimus
1839 390 2062 430 facultatem.)
2089 392 2214 422 Datum
2246 395 2335 432 apud

1323 442 1610 478 Urbemveterem,
1629 443 1888 483 kalendisjulii‚
1909 452 1997 475 anno
2013 445 2084 475 1110.
2106 456 2121 472 »

1410 612 1480 642 (371
1876 611 2000 643 Orvieto,
2017 612 2062 639 10¹¹
2072 611 2165 647 juillet
2186 612 2263 640 1264.

1356 695 1470 721 Eisdem
1496 695 1615 721 mandat
1639 697 1669 721 ut
1698 703 1848 729 expensas,
1864 695 1893 722 in
1917 703 2052 730 processu
2079 696 2206 730 episcopi
2233 696 2339 723 Ruthe-

1320 743 1418 770 nensis
1432 743 1485 770 sibi
1503 743 1693 775 necessarius,
1707 745 1741 770 de
1758 743 1838 770 bonis
1849 744 1978 779 ejusdem
1994 744 2132 771 ecclesiae
2147 744 2337 772 liuthenensis

1319 793 1354 818 ad
1373 792 1506 818 eumdem
1528 791 1695 826 episcopum
1720 791 1942 826 pertinentibus,
1960 792 2013 819 sibi
2035 792 2141 819 saciant
2163 793 2334 820 ministrari.

1319 841 1399 875 gline.
1417 842 1462 872 28,
1479 840 1528 867 sol.
1546 843 1591 874 Tc,
1605 849 1672 867 auu.
1688 840 1735 872 ΙΙΙ,
1752 845 1783 867 n⁰
1798 842 1873 875 273.)

1361 956 1376 972 «
1395 944 1534 975 Eisdem.
1554 946 1639 975 Cum
1656 945 1890 984 inquisitionis
1909 946 2081 985 negotium
2101 948 2217 976 cont-ra
2234 955 2337 977 vene—

1321 997 1462 1028 rabilem
1480 998 1619 1028 fratrem
1635 1000 1789 1029 nostrum
1811 1021 1832 1029 ..
1852 999 2105 1030 Ruthenensem
2125 1000 2338 1038 episcopum,

1321 1060 1422 1090 super
1445 1051 1590 1081 diversis
1614 1051 1815 1082 criminibus
1832 1051 1929 1082 vobis
1955 1052 2018 1082 sub
2042 1054 2132 1083 certa
2152 1053 2260 1083 forma
2276 1062 2336 1092 per

1321 1106 1454 1135 nostras
1471 1105 1604 1135 litteras
1617 1105 1818 1135 duxerimus
1833 1106 2124 1141 committendum,
2141 1108 2172 1136 et
2186 1106 2336 1136 nolimus

1320 1160 1456 1197 propter
1474 1167 1703 1196 expensarum
1727 1158 1895 1188 desectum
1912 1159 2000 1197 quod
2019 1167 2201 1197 processus
2226 1159 2336 1198 ipsius

1320 1211 1445 1250 negotii
1456 1211 1656 1246 retardetur,
1672 1211 1873 1241 mandamus
1884 1211 2044 1250 quatinus
2060 1220 2228 1250 expensas
2240 1212 2338 1242 vobis

1320 1265 1441 1294 adhoc
1465 1264 1677 1294 necessarias
1702 1266 1733 1294 et
1754 1264 1986 1299 rationabiles,
2011 1264 2051 1294 de
2075 1264 2174 1294 bonis
2193 1265 2336 1296 ecclesie

1333 1317 1550 1348 {uthenensis
1561 1317 1601 1346 ad
1611 1317 1809 1355 episcopum
1823 1317 1935 1356 ipsum
1946 1317 2188 1356 spectantibus,
2202 1318 2338 1349 faciatis

1320 1369 1416 1400 vobis
1445 1378 1590 1409 congrue
1616 1370 1817 1400 ministrari.
1849 1370 2131 1405 Contradictores,
2164 1372 2226 1401 etc.
2259 1371 2336 1402 Non

1321 1423 1475 1453 obstante
1500 1441 1548 1453 —.
1569 1423 1665 1458 Quod
1684 1423 1712 1453 si
1731 1432 1798 1453 non
1823 1432 1940 1453 omnes
1956 1423 2023 1453 hiis
2042 1424 2251 1462 exequendis
2276 1433 2334 1463 po·

1320 1476 1456 1506 tueritis
1475 1477 1653 1511 interesse,
1674 1478 1719 1513 tu,
1738 1476 1841 1507 frater
1865 1477 2034 1515 episcope,
2060 1486 2135 1507 cum
2155 1486 2273 1507 eorum
2291 1477 2339 1508 al-

1320 1531 1404 1563 tero,
1423 1530 1482 1560 etc.
1502 1530 1671 1564 Invocato,
1690 1532 1753 1560 etc.
1770 1530 1895 1560 Datum
1915 1532 1949 1560 ut
1967 1538 2080 1569 supra.
2100 1540 2117 1560 »

1410 1697 1484 1727 672
1902 1695 2027 1727 ΟΠίοῐο,
2043 1697 2060 1723 ῦ
2071 1695 2168 1731 juillet
2187 1696 2264 1723 1204.

1353 1779 1497 1807 Comitem
1524 1779 1690 1807 Blescnsem
1719 1780 1850 1807 hortatur
1877 1782 1905 1806 ut
1926 1779 2042 1814 signum
2068 1780 2166 1807 Crucis
2186 1784 2331 1808 assumat.

1318 1829 1397 1863 (Rae.
1414 1830 1458 1860 28,
1478 1829 1526 1855 sol.
1542 1830 1585 1855 70.
1607 1837 1675 1855 ann.
1692 1829 1738 1859 ΙΙΙ,
1757 1834 1787 1855 11⁰
1801 1829 1876 1863 274.)

1650 1935 1752 1963 comiti
1772 1934 1918 1964 Blesensi.
1942 1934 2081 1965 Habens
2098 1936 2247 1965 mentem
2265 1936 2332 1965 siu-

1318 1996 1391 2017 cere
1417 1988 1608 2017 devotionis
1636 1988 1676 2017 ad
1699 1988 1809 2018 Deum
1836 1990 1867 2018 et
1894 1988 2007 2026 ipsum
2033 1988 2152 2018 devote
2176 1996 2334 2018 reverens

1318 2042 1478 2079 tanquam
1495 2041 1669 2079 proprium
1689 2042 1894 2075 Creatorem,
1907 2050 2004 2071 curas
2020 2041 2140 2080 vigiles
2157 2043 2188 2071 et
2207 2041 2336 2072 intenta

1319 2094 1452 2129 studia,
1489 2094 1573 2123 sicut
1609 2094 1800 2131 accepimus
1841 2094 2009 2123 ferventer
2044 2094 2213 2132 impendis
2247 2094 2336 2125 circa

1319 2147 1437 2177 Crucis
1456 2147 1626 2185 negotium
1647 2147 1930 2185 promovendum;
1949 2147 1988 2177 de
2006 2156 2071 2186 quo
2086 2147 2183 2177 sedes
2201 2150 2334 2186 aposto-

1318 2200 1383 2230 lica
1401 2201 1515 2237 grandi
1531 2200 1740 2238 jocunditate
1759 2200 1893 2236 letatur,
1914 2202 1945 2230 et
1964 2201 1996 2230 in
2013 2202 2056 2234 te.
2075 2209 2175 2239 quenl
2194 2201 2334 2239 inspicit

1319 2253 1428 2283 virum
1457 2253 1532 2283 tidoi
1560 2253 1754 2286 zelatorem,
1784 2262 1902 2291 magne
1928 2254 2069 2292 suscipit
2097 2254 2333 2285 delectationis

1318 2308 1547 2345 augmentum.
1567 2307 1638 2336 Nos
1657 2315 1802 2345 quoque,
1820 2306 1868 2336 fili
1888 2307 2083 2342 karissime,
2102 2307 2188 2337 inter
2203 2309 2332 2338 ceteras

1318 2359 1568 2389 sollicitudines
1594 2358 1718 2397 quibus
1739 2359 1875 2389 assidue
1893 2359 2091 2397 premimur,
2111 2359 2151 2389 ad
2167 2359 2229 2389 hoc
2253 2359 2334 2390 diri-

1317 2415 1427 2452 gimus
1446 2413 1609 2448 animum,
1626 2414 1655 2443 et
1676 2413 1710 2442 in
1731 2415 1769 2443 eo
1793 2413 1950 2451 precipue
1969 2413 2111 2443 intentio
2130 2415 2245 2443 nostra
2264 2422 2335 2444 ver-

1317 2468 1423 2501 satur,
1444 2467 1477 2496 ut
1499 2466 1610 2504 ipsum
1628 2466 1747 2495 Crucis
1762 2466 1934 2505 negotium
1951 2466 1985 2496 in
2002 2475 2068 2505 quo
2087 2474 2189 2496 causa
2205 2466 2333 2498 Christi

1317 2519 1511 2558 specialiter
1536 2519 1657 2557 agitur,
1685 2519 1800 2549 divina
1826 2519 2006 2549 clementia
2025 2521 2238 2558 cooperante,
2259 2528 2334 2559 pro-

1317 2572 1406 2602 ficiat
1422 2574 1452 2602 et
1476 2572 1618 2602 feliciter
1639 2572 1813 2611 dirigatur.
1842 2573 1930 2602 Dum
1957 2573 2047 2603 enim
2072 2573 2279 2603 attendimus
2302 2574 2336 2603 et

1316 2626 1435 2656 sedula
1466 2626 1684 2656 meditatione
1715 2634 1911 2664 pensamus,
1943 2626 2032 2665 quod
2065 2626 2171 2656 Terra
2200 2626 2334 2662 Sancta,

1317 2688 1418 2718 quam
1446 2679 1516 2717 ipsc
1547 2679 1704 2710 Christus
1732 2679 1766 2709 in
1794 2679 1970 2718 proprium
1996 2678 2060 2709 sibi
2089 2679 2333 2717 patrimonium

1317 2732 1491 2771 preelegit,
1510 2734 1540 2762 et
1558 2733 1592 2762 in
1607 2741 1672 2771 qua
1689 2732 1816 2771 Regem
1831 2741 1959 2771 regum,
1980 2732 2242 2771 Redemptorem
2260 2740 2335 2763 nos—

1317 2788 1418 2821 trum,
1449 2785 1553 2823 Virgo
1575 2794 1740 2824 puerpera
1765 2786 1892 2824 genuit,
1913 2793 2083 2824 quamque
2100 2785 2190 2815 idem
2209 2785 2334 2824 [nige-

1318 2839 1410 2869 nitus
1436 2839 1498 2869 Dei
1528 2838 1620 2868 filius
1652 2838 1819 2869 Dominus
1849 2838 1974 2869 Jhesus
2001 2837 2158 2868 Christus
2186 2846 2246 2877 per
2274 2847 2334 2869 sue

1318 2891 1585 2922 conversationis
1613 2892 1819 2930 presentiam
1844 2891 2041 2925 illustravit,
2064 2889 2333 2930 alienigenarum

1319 2944 1463 2983 podibus
1481 2945 1612 2980 teritur,
1636 2946 1669 2974 et.
1688 2943 1730 2974 ab
1747 2944 1797 2974 eis
1815 2945 1884 2974 tam
1908 2944 1941 2973 in
1959 2943 2085 2974 Christi
2109 2952 2210 2982 quam
2229 2944 2334 2975 chris—

1359 1947 1373 1961 «
1391 1934 1494 1963 Nobili
1511 1935 1574 1963 Uit‘O
1598 1958 1602 1963 .
1623 1960 1628 1964 .
