<?xml version="1.0" encoding="UTF-8"?>
<!DOCTYPE html PUBLIC "-//W3C//DTD XHTML 1.0 Transitional//EN"
    "http://www.w3.org/TR/xhtml1/DTD/xhtml1-transitional.dtd">
<html xmlns="http://www.w3.org/1999/xhtml" xml:lang="en" lang="en">
 <head>
  <title>
</title>
<meta http-equiv="Content-Type" content="text/html;charset=utf-8" />
  <meta name='ocr-system' content='tesseract 3.04.00' />
  <meta name='ocr-capabilities' content='ocr_page ocr_carea ocr_par ocr_line ocrx_word'/>
</head>
<body>
  <div class='ocr_page' id='page_1' title='image "./lesregistresdurb12cath/lesregistresdurb12cath_0309.png"; bbox 0 0 2547 3289; ppageno 0'>
   <div class='ocr_carea' id='block_1_1' title="bbox 1096 290 2348 331">
    <p class='ocr_par' dir='ltr' id='par_1_1' title="bbox 1096 290 2348 331">
     <span class='ocr_line' id='line_1_1' title="bbox 1096 290 2348 331; baseline 0.005 -6"><span class='ocrx_word' id='word_1_1' title='bbox 1096 290 1338 327; x_wconf 60' lang='lat' dir='ltr'>liisstjxll&#39;ssMlfl</span> <span class='ocrx_word' id='word_1_2' title='bbox 1363 290 1527 326; x_wconf 49' lang='lat' dir='ltr'>ANNE&amp;</span> <span class='ocrx_word' id='word_1_3' title='bbox 2313 305 2348 331; x_wconf 73' lang='lat'>‹31</span> 
     </span>
    </p>
   </div>
   <div class='ocr_carea' id='block_1_2' title="bbox 268 377 1287 893">
    <p class='ocr_par' dir='ltr' id='par_1_2' title="bbox 268 377 1287 893">
     <span class='ocr_line' id='line_1_2' title="bbox 268 377 1283 420; baseline -0.001 -12"><span class='ocrx_word' id='word_1_4' title='bbox 268 379 426 420; x_wconf 71' lang='lat' dir='ltr'><strong><em>prioribus</em></strong></span> <span class='ocrx_word' id='word_1_5' title='bbox 440 379 635 418; x_wconf 67' lang='lat' dir='ltr'>prioratuwn</span> <span class='ocrx_word' id='word_1_6' title='bbox 650 378 690 407; x_wconf 78' lang='lat' dir='ltr'>ad</span> <span class='ocrx_word' id='word_1_7' title='bbox 706 377 782 407; x_wconf 83' lang='lat' dir='ltr'>idem</span> <span class='ocrx_word' id='word_1_8' title='bbox 796 377 1005 407; x_wconf 74' lang='lat' dir='ltr'>monasterium</span> <span class='ocrx_word' id='word_1_9' title='bbox 1019 378 1234 417; x_wconf 70' lang='lat' dir='ltr'>perlinenlium</span> <span class='ocrx_word' id='word_1_10' title='bbox 1256 384 1283 407; x_wconf 81' lang='lat' dir='ltr'>et</span> 
     </span>
     <span class='ocr_line' id='line_1_3' title="bbox 274 430 1287 469; baseline 0 -8"><span class='ocrx_word' id='word_1_11' title='bbox 274 431 343 461; x_wconf 76' lang='lat' dir='ltr'>aliis</span> <span class='ocrx_word' id='word_1_12' title='bbox 362 431 478 461; x_wconf 67' lang='lat' dir='ltr'>clericis</span> <span class='ocrx_word' id='word_1_13' title='bbox 492 430 619 460; x_wconf 76' lang='lat' dir='ltr'>subditis</span> <span class='ocrx_word' id='word_1_14' title='bbox 637 430 769 469; x_wconf 72' lang='lat' dir='ltr'>ejusdem</span> <span class='ocrx_word' id='word_1_15' title='bbox 800 431 889 461; x_wconf 80' lang='lat' dir='ltr'>Licet</span> <span class='ocrx_word' id='word_1_16' title='bbox 919 432 1111 461; x_wconf 87' lang='lat' dir='ltr'>cunctarum</span> <span class='ocrx_word' id='word_1_17' title='bbox 1136 432 1287 461; x_wconf 87' lang='lat' dir='ltr'>ecclesia-</span> 
     </span>
     <span class='ocr_line' id='line_1_4' title="bbox 274 483 1285 521; baseline -0.002 -6"><span class='ocrx_word' id='word_1_18' title='bbox 274 493 402 515; x_wconf 70' lang='lat' dir='ltr'>r11m.-—</span> <span class='ocrx_word' id='word_1_19' title='bbox 413 485 499 515; x_wconf 85' lang='lat' dir='ltr'>Sane</span> <span class='ocrx_word' id='word_1_20' title='bbox 509 483 709 513; x_wconf 85' lang='lat' dir='ltr'>monasterio</span> <span class='ocrx_word' id='word_1_21' title='bbox 720 483 855 521; x_wconf 81' lang='lat' dir='ltr'>Majoris</span> <span class='ocrx_word' id='word_1_22' title='bbox 865 483 1057 513; x_wconf 86' lang='lat' dir='ltr'>Monasterii</span> <span class='ocrx_word' id='word_1_23' title='bbox 1068 484 1285 520; x_wconf 70' lang='lat' dir='ltr'>Turonensis,</span> 
     </span>
     <span class='ocr_line' id='line_1_5' title="bbox 275 536 1287 570; baseline -0.001 -3"><span class='ocrx_word' id='word_1_24' title='bbox 275 537 405 567; x_wconf 82' lang='lat' dir='ltr'>abbatis</span> <span class='ocrx_word' id='word_1_25' title='bbox 429 537 510 566; x_wconf 90' lang='lat' dir='ltr'>olim</span> <span class='ocrx_word' id='word_1_26' title='bbox 534 536 658 566; x_wconf 86' lang='lat' dir='ltr'>solacio</span> <span class='ocrx_word' id='word_1_27' title='bbox 682 537 851 570; x_wconf 83' lang='lat' dir='ltr'>destituto,</span> <span class='ocrx_word' id='word_1_28' title='bbox 876 537 985 566; x_wconf 76' lang='lat' dir='ltr'>dilecti</span> <span class='ocrx_word' id='word_1_29' title='bbox 1012 536 1073 566; x_wconf 88' lang='lat' dir='ltr'>filii</span> <span class='ocrx_word' id='word_1_30' title='bbox 1103 539 1287 567; x_wconf 85' lang='lat' dir='ltr'>conventus</span> 
     </span>
     <span class='ocr_line' id='line_1_6' title="bbox 274 589 1287 628; baseline -0.001 -8"><span class='ocrx_word' id='word_1_31' title='bbox 274 590 435 628; x_wconf 82' lang='lat' dir='ltr'>ejusdem,</span> <span class='ocrx_word' id='word_1_32' title='bbox 455 589 581 619; x_wconf 86' lang='lat' dir='ltr'>vocatis</span> <span class='ocrx_word' id='word_1_33' title='bbox 597 589 753 619; x_wconf 86' lang='lat' dir='ltr'>omnibus</span> <span class='ocrx_word' id='word_1_34' title='bbox 769 589 826 628; x_wconf 89' lang='lat' dir='ltr'>qui</span> <span class='ocrx_word' id='word_1_35' title='bbox 847 589 1033 623; x_wconf 80' lang='lat' dir='ltr'>voluerunt,</span> <span class='ocrx_word' id='word_1_36' title='bbox 1054 589 1239 619; x_wconf 85' lang='lat' dir='ltr'>debuerunt</span> <span class='ocrx_word' id='word_1_37' title='bbox 1257 591 1287 620; x_wconf 86' lang='lat' dir='ltr'>et</span> 
     </span>
     <span class='ocr_line' id='line_1_7' title="bbox 272 642 1286 681; baseline -0.001 -9"><span class='ocrx_word' id='word_1_38' title='bbox 272 643 452 681; x_wconf 84' lang='lat' dir='ltr'>potuerunt</span> <span class='ocrx_word' id='word_1_39' title='bbox 481 642 619 672; x_wconf 85' lang='lat' dir='ltr'>comode</span> <span class='ocrx_word' id='word_1_40' title='bbox 646 642 806 672; x_wconf 87' lang='lat' dir='ltr'>interesse</span> <span class='ocrx_word' id='word_1_41' title='bbox 836 651 895 680; x_wconf 87' lang='lat' dir='ltr'>pro</span> <span class='ocrx_word' id='word_1_42' title='bbox 924 642 1023 672; x_wconf 84' lang='lat' dir='ltr'>futuri</span> <span class='ocrx_word' id='word_1_43' title='bbox 1050 642 1286 672; x_wconf 71' lang='lat' dir='ltr'>substitutione</span> 
     </span>
     <span class='ocr_line' id='line_1_8' title="bbox 273 695 1287 734; baseline -0.001 -9"><span class='ocrx_word' id='word_1_44' title='bbox 273 695 430 734; x_wconf 86' lang='lat' dir='ltr'>pastoris,</span> <span class='ocrx_word' id='word_1_45' title='bbox 446 696 481 724; x_wconf 89' lang='lat' dir='ltr'>ut</span> <span class='ocrx_word' id='word_1_46' title='bbox 506 695 609 725; x_wconf 86' lang='lat' dir='ltr'>moris</span> <span class='ocrx_word' id='word_1_47' title='bbox 628 696 689 729; x_wconf 88' lang='lat' dir='ltr'>est,</span> <span class='ocrx_word' id='word_1_48' title='bbox 704 695 939 725; x_wconf 81' lang='lat' dir='ltr'>convenientes</span> <span class='ocrx_word' id='word_1_49' title='bbox 957 695 989 725; x_wconf 94' lang='lat' dir='ltr'>in</span> <span class='ocrx_word' id='word_1_50' title='bbox 1014 704 1130 728; x_wconf 88' lang='lat' dir='ltr'>unum,</span> <span class='ocrx_word' id='word_1_51' title='bbox 1146 696 1287 733; x_wconf 82' lang='lat' dir='ltr'>quatuor</span> 
     </span>
     <span class='ocr_line' id='line_1_9' title="bbox 272 748 1286 787; baseline -0.003 -9"><span class='ocrx_word' id='word_1_52' title='bbox 272 757 314 778; x_wconf 78' lang='lat' dir='ltr'>ex</span> <span class='ocrx_word' id='word_1_53' title='bbox 331 748 380 778; x_wconf 84' lang='lat' dir='ltr'>eis</span> <span class='ocrx_word' id='word_1_54' title='bbox 406 748 607 787; x_wconf 87' lang='lat' dir='ltr'>providendi</span> <span class='ocrx_word' id='word_1_55' title='bbox 628 757 665 778; x_wconf 89' lang='lat' dir='ltr'>ea</span> <span class='ocrx_word' id='word_1_56' title='bbox 695 748 765 778; x_wconf 88' lang='lat' dir='ltr'>vice</span> <span class='ocrx_word' id='word_1_57' title='bbox 795 748 857 787; x_wconf 87' lang='lat' dir='ltr'>ipsi</span> <span class='ocrx_word' id='word_1_58' title='bbox 884 748 1086 777; x_wconf 83' lang='lat' dir='ltr'>monasterio</span> <span class='ocrx_word' id='word_1_59' title='bbox 1112 748 1151 776; x_wconf 78' lang='lat' dir='ltr'>dc</span> <span class='ocrx_word' id='word_1_60' title='bbox 1169 748 1286 777; x_wconf 72' lang='lat' dir='ltr'>abbate</span> 
     </span>
     <span class='ocr_line' id='line_1_10' title="bbox 271 801 1286 839; baseline -0.001 -9"><span class='ocrx_word' id='word_1_61' title='bbox 271 801 483 831; x_wconf 82' lang='lat' dir='ltr'>contulerunt</span> <span class='ocrx_word' id='word_1_62' title='bbox 508 801 692 839; x_wconf 77' lang='lat' dir='ltr'>plenariam</span> <span class='ocrx_word' id='word_1_63' title='bbox 710 802 918 839; x_wconf 85' lang='lat' dir='ltr'>potestatem,</span> <span class='ocrx_word' id='word_1_64' title='bbox 940 801 1168 839; x_wconf 68' lang='lat' dir='ltr'>promittentes</span> <span class='ocrx_word' id='word_1_65' title='bbox 1190 801 1286 829; x_wconf 88' lang='lat' dir='ltr'>illum</span> 
     </span>
     <span class='ocr_line' id='line_1_11' title="bbox 271 853 1284 893; baseline -0.002 -9"><span class='ocrx_word' id='word_1_66' title='bbox 271 854 306 884; x_wconf 91' lang='lat' dir='ltr'>in</span> <span class='ocrx_word' id='word_1_67' title='bbox 321 853 474 884; x_wconf 80' lang='lat' dir='ltr'>abbatem</span> <span class='ocrx_word' id='word_1_68' title='bbox 490 854 596 893; x_wconf 86' lang='lat' dir='ltr'>ipsius</span> <span class='ocrx_word' id='word_1_69' title='bbox 618 853 811 884; x_wconf 87' lang='lat' dir='ltr'>monasterii</span> <span class='ocrx_word' id='word_1_70' title='bbox 828 853 972 891; x_wconf 85' lang='lat' dir='ltr'>recipere</span> <span class='ocrx_word' id='word_1_71' title='bbox 997 861 1095 890; x_wconf 84' lang='lat' dir='ltr'>quem</span> <span class='ocrx_word' id='word_1_72' title='bbox 1114 853 1191 882; x_wconf 84' lang='lat' dir='ltr'>dicti</span> <span class='ocrx_word' id='word_1_73' title='bbox 1207 862 1284 891; x_wconf 80' lang='lat' dir='ltr'>qua-</span> 
     </span>
    </p>
   </div>
   <div class='ocr_carea' id='block_1_3' title="bbox 243 1010 1284 1578">
    <p class='ocr_par' dir='ltr' id='par_1_3' title="bbox 243 1010 1284 1578">
     <span class='ocr_line' id='line_1_12' title="bbox 270 1010 1284 1050; baseline -0.003 -8"><span class='ocrx_word' id='word_1_74' title='bbox 270 1012 486 1050; x_wconf 86' lang='lat' dir='ltr'>Stephanum,</span> <span class='ocrx_word' id='word_1_75' title='bbox 503 1012 655 1041; x_wconf 79' lang='lat' dir='ltr'>abbatem</span> <span class='ocrx_word' id='word_1_76' title='bbox 685 1011 791 1049; x_wconf 72' lang='lat' dir='ltr'>ipsius</span> <span class='ocrx_word' id='word_1_77' title='bbox 814 1010 1021 1044; x_wconf 84' lang='lat' dir='ltr'>monasterii,</span> <span class='ocrx_word' id='word_1_78' title='bbox 1049 1011 1127 1039; x_wconf 86' lang='lat' dir='ltr'>tunc</span> <span class='ocrx_word' id='word_1_79' title='bbox 1140 1010 1284 1049; x_wconf 81' lang='lat' dir='ltr'>priorem</span> 
     </span>
     <span class='ocr_line' id='line_1_13' title="bbox 268 1063 1282 1102; baseline -0.002 -8"><span class='ocrx_word' id='word_1_80' title='bbox 268 1065 436 1102; x_wconf 80' lang='lat' dir='ltr'>prioratus</span> <span class='ocrx_word' id='word_1_81' title='bbox 452 1064 491 1093; x_wconf 86' lang='lat' dir='ltr'>de</span> <span class='ocrx_word' id='word_1_82' title='bbox 504 1064 648 1093; x_wconf 89' lang='lat' dir='ltr'>Vivonio</span> <span class='ocrx_word' id='word_1_83' title='bbox 660 1063 700 1093; x_wconf 92' lang='lat' dir='ltr'>ad</span> <span class='ocrx_word' id='word_1_84' title='bbox 717 1064 841 1093; x_wconf 85' lang='lat' dir='ltr'>dictum</span> <span class='ocrx_word' id='word_1_85' title='bbox 864 1063 1103 1093; x_wconf 88' lang='lat' dir='ltr'>monasterium</span> <span class='ocrx_word' id='word_1_86' title='bbox 1120 1063 1282 1101; x_wconf 86' lang='lat' dir='ltr'>pertinen-</span> 
     </span>
     <span class='ocr_line' id='line_1_14' title="bbox 269 1116 1284 1154; baseline 0 -8"><span class='ocrx_word' id='word_1_87' title='bbox 269 1117 324 1151; x_wconf 84' lang='lat' dir='ltr'>tis,</span> <span class='ocrx_word' id='word_1_88' title='bbox 341 1117 535 1146; x_wconf 78' lang='lat' dir='ltr'>direxerunt</span> <span class='ocrx_word' id='word_1_89' title='bbox 550 1116 753 1146; x_wconf 87' lang='lat' dir='ltr'>unanimiter</span> <span class='ocrx_word' id='word_1_90' title='bbox 769 1117 844 1146; x_wconf 86' lang='lat' dir='ltr'>vota</span> <span class='ocrx_word' id='word_1_91' title='bbox 856 1125 928 1150; x_wconf 88' lang='lat' dir='ltr'>sua,</span> <span class='ocrx_word' id='word_1_92' title='bbox 945 1117 976 1146; x_wconf 89' lang='lat' dir='ltr'>et</span> <span class='ocrx_word' id='word_1_93' title='bbox 991 1125 1078 1145; x_wconf 87' lang='lat' dir='ltr'>unus</span> <span class='ocrx_word' id='word_1_94' title='bbox 1094 1124 1135 1145; x_wconf 77' lang='lat' dir='ltr'>ex</span> <span class='ocrx_word' id='word_1_95' title='bbox 1149 1116 1232 1154; x_wconf 81' lang='lat' dir='ltr'>ipsis</span> <span class='ocrx_word' id='word_1_96' title='bbox 1244 1116 1284 1146; x_wconf 89' lang='lat' dir='ltr'>de</span> 
     </span>
     <span class='ocr_line' id='line_1_15' title="bbox 270 1169 1282 1209; baseline 0.001 -10"><span class='ocrx_word' id='word_1_97' title='bbox 270 1169 477 1208; x_wconf 85' lang='lat' dir='ltr'>reliquorum</span> <span class='ocrx_word' id='word_1_98' title='bbox 494 1178 661 1199; x_wconf 88' lang='lat' dir='ltr'>consensu</span> <span class='ocrx_word' id='word_1_99' title='bbox 680 1169 787 1208; x_wconf 86' lang='lat' dir='ltr'>ipsum</span> <span class='ocrx_word' id='word_1_100' title='bbox 803 1169 835 1199; x_wconf 92' lang='lat' dir='ltr'>in</span> <span class='ocrx_word' id='word_1_101' title='bbox 855 1169 1007 1199; x_wconf 80' lang='lat' dir='ltr'>abbatem</span> <span class='ocrx_word' id='word_1_102' title='bbox 1027 1170 1125 1209; x_wconf 80' lang='lat' dir='ltr'>elegit</span> <span class='ocrx_word' id='word_1_103' title='bbox 1152 1179 1282 1200; x_wconf 87' lang='lat' dir='ltr'>monas-</span> 
     </span>
     <span class='ocr_line' id='line_1_16' title="bbox 267 1223 1283 1261; baseline 0.003 -8"><span class='ocrx_word' id='word_1_104' title='bbox 267 1223 342 1253; x_wconf 82' lang='lat' dir='ltr'>terii</span> <span class='ocrx_word' id='word_1_105' title='bbox 366 1223 550 1253; x_wconf 88' lang='lat' dir='ltr'>memorati.</span> <span class='ocrx_word' id='word_1_106' title='bbox 570 1223 721 1261; x_wconf 83' lang='lat' dir='ltr'>Cumque</span> <span class='ocrx_word' id='word_1_107' title='bbox 740 1223 858 1261; x_wconf 87' lang='lat' dir='ltr'>prefati</span> <span class='ocrx_word' id='word_1_108' title='bbox 877 1225 1061 1254; x_wconf 85' lang='lat' dir='ltr'>conventus</span> <span class='ocrx_word' id='word_1_109' title='bbox 1088 1225 1283 1256; x_wconf 85' lang='lat' dir='ltr'>electionem</span> 
     </span>
     <span class='ocr_line' id='line_1_17' title="bbox 267 1275 1281 1317; baseline 0.003 -12"><span class='ocrx_word' id='word_1_110' title='bbox 267 1275 375 1314; x_wconf 90' lang='lat' dir='ltr'>ipsam</span> <span class='ocrx_word' id='word_1_111' title='bbox 389 1276 591 1306; x_wconf 89' lang='lat' dir='ltr'>unanimiter</span> <span class='ocrx_word' id='word_1_112' title='bbox 614 1276 852 1314; x_wconf 75' lang='lat' dir='ltr'>acceptassent,</span> <span class='ocrx_word' id='word_1_113' title='bbox 873 1284 945 1305; x_wconf 88' lang='lat' dir='ltr'>eam</span> <span class='ocrx_word' id='word_1_114' title='bbox 970 1277 1136 1315; x_wconf 88' lang='lat' dir='ltr'>petierunt</span> <span class='ocrx_word' id='word_1_115' title='bbox 1155 1287 1214 1317; x_wconf 83' lang='lat' dir='ltr'>per</span> <span class='ocrx_word' id='word_1_116' title='bbox 1232 1287 1281 1308; x_wconf 89' lang='lat' dir='ltr'>se-</span> 
     </span>
     <span class='ocr_line' id='line_1_18' title="bbox 267 1328 1282 1369; baseline 0.003 -11"><span class='ocrx_word' id='word_1_117' title='bbox 267 1329 342 1359; x_wconf 87' lang='lat' dir='ltr'>dem</span> <span class='ocrx_word' id='word_1_118' title='bbox 356 1329 571 1367; x_wconf 89' lang='lat' dir='ltr'>apostolicam</span> <span class='ocrx_word' id='word_1_119' title='bbox 587 1328 789 1359; x_wconf 85' lang='lat' dir='ltr'>confirmari.</span> <span class='ocrx_word' id='word_1_120' title='bbox 808 1329 1037 1359; x_wconf 83' lang='lat' dir='ltr'>Presentatam</span> <span class='ocrx_word' id='word_1_121' title='bbox 1055 1330 1165 1369; x_wconf 88' lang='lat' dir='ltr'>itaque</span> <span class='ocrx_word' id='word_1_122' title='bbox 1186 1331 1282 1361; x_wconf 90' lang='lat' dir='ltr'>nobis</span> 
     </span>
     <span class='ocr_line' id='line_1_19' title="bbox 243 1381 1283 1422; baseline 0.003 -11"><span class='ocrx_word' id='word_1_123' title='bbox 243 1381 464 1412; x_wconf 82' lang='lat' dir='ltr'>-electionem</span> <span class='ocrx_word' id='word_1_124' title='bbox 486 1382 637 1415; x_wconf 81' lang='lat' dir='ltr'>eandem,</span> <span class='ocrx_word' id='word_1_125' title='bbox 666 1381 743 1419; x_wconf 85' lang='lat' dir='ltr'>quia</span> <span class='ocrx_word' id='word_1_126' title='bbox 770 1390 843 1411; x_wconf 89' lang='lat' dir='ltr'>eam</span> <span class='ocrx_word' id='word_1_127' title='bbox 868 1381 1060 1413; x_wconf 78' lang='lat' dir='ltr'>invenimus</span> <span class='ocrx_word' id='word_1_128' title='bbox 1076 1384 1115 1413; x_wconf 87' lang='lat' dir='ltr'>de</span> <span class='ocrx_word' id='word_1_129' title='bbox 1140 1393 1283 1422; x_wconf 88' lang='lat' dir='ltr'>persona</span> 
     </span>
     <span class='ocr_line' id='line_1_20' title="bbox 267 1434 1283 1473; baseline 0.003 -9"><span class='ocrx_word' id='word_1_130' title='bbox 267 1434 409 1472; x_wconf 74' lang='lat' dir='ltr'>ydonea,</span> <span class='ocrx_word' id='word_1_131' title='bbox 429 1435 539 1473; x_wconf 87' lang='lat' dir='ltr'>utpote</span> <span class='ocrx_word' id='word_1_132' title='bbox 553 1435 638 1464; x_wconf 89' lang='lat' dir='ltr'>dono</span> <span class='ocrx_word' id='word_1_133' title='bbox 652 1434 788 1464; x_wconf 82' lang='lat' dir='ltr'>scientie</span> <span class='ocrx_word' id='word_1_134' title='bbox 804 1435 944 1473; x_wconf 77' lang='lat' dir='ltr'>predita,</span> <span class='ocrx_word' id='word_1_135' title='bbox 958 1444 1087 1465; x_wconf 85' lang='lat' dir='ltr'>morum</span> <span class='ocrx_word' id='word_1_136' title='bbox 1103 1438 1134 1466; x_wconf 87' lang='lat' dir='ltr'>et</span> <span class='ocrx_word' id='word_1_137' title='bbox 1149 1437 1214 1467; x_wconf 88' lang='lat' dir='ltr'>vite</span> <span class='ocrx_word' id='word_1_138' title='bbox 1226 1438 1283 1467; x_wconf 91' lang='lat' dir='ltr'>ho-</span> 
     </span>
     <span class='ocr_line' id='line_1_21' title="bbox 269 1487 1283 1526; baseline 0.003 -9"><span class='ocrx_word' id='word_1_139' title='bbox 269 1488 395 1517; x_wconf 86' lang='lat' dir='ltr'>nestate</span> <span class='ocrx_word' id='word_1_140' title='bbox 410 1487 538 1522; x_wconf 86' lang='lat' dir='ltr'>decora,</span> <span class='ocrx_word' id='word_1_141' title='bbox 551 1488 585 1517; x_wconf 90' lang='lat' dir='ltr'>in</span> <span class='ocrx_word' id='word_1_142' title='bbox 596 1487 827 1526; x_wconf 81' lang='lat' dir='ltr'>spiritualibus</span> <span class='ocrx_word' id='word_1_143' title='bbox 837 1489 868 1517; x_wconf 88' lang='lat' dir='ltr'>et</span> <span class='ocrx_word' id='word_1_144' title='bbox 878 1489 1117 1526; x_wconf 79' lang='lat' dir='ltr'>temporalibus</span> <span class='ocrx_word' id='word_1_145' title='bbox 1128 1490 1283 1520; x_wconf 87' lang='lat' dir='ltr'>circums-</span> 
     </span>
     <span class='ocr_line' id='line_1_22' title="bbox 267 1540 1282 1578; baseline 0.004 -10"><span class='ocrx_word' id='word_1_146' title='bbox 267 1541 372 1578; x_wconf 89' lang='lat' dir='ltr'>pecta,</span> <span class='ocrx_word' id='word_1_147' title='bbox 391 1540 548 1569; x_wconf 86' lang='lat' dir='ltr'>canonice</span> <span class='ocrx_word' id='word_1_148' title='bbox 560 1540 771 1575; x_wconf 84' lang='lat' dir='ltr'>celebratam,</span> <span class='ocrx_word' id='word_1_149' title='bbox 788 1540 827 1570; x_wconf 89' lang='lat' dir='ltr'>de</span> <span class='ocrx_word' id='word_1_150' title='bbox 844 1541 983 1570; x_wconf 79' lang='lat' dir='ltr'>fratrum</span> <span class='ocrx_word' id='word_1_151' title='bbox 998 1543 1187 1572; x_wconf 87' lang='lat' dir='ltr'>nostrorum</span> <span class='ocrx_word' id='word_1_152' title='bbox 1206 1551 1282 1573; x_wconf 88' lang='lat' dir='ltr'>con-</span> 
     </span>
    </p>
   </div>
   <div class='ocr_carea' id='block_1_4' title="bbox 268 1593 2352 1677">
    <p class='ocr_par' dir='ltr' id='par_1_4' title="bbox 268 1593 2352 1677">
     <span class='ocr_line' id='line_1_23' title="bbox 268 1593 1312 1626; baseline 0.004 -4"><span class='ocrx_word' id='word_1_153' title='bbox 268 1593 345 1623; x_wconf 86' lang='lat' dir='ltr'>silio</span> <span class='ocrx_word' id='word_1_154' title='bbox 367 1593 604 1623; x_wconf 87' lang='lat' dir='ltr'>confirmantes</span> <span class='ocrx_word' id='word_1_155' title='bbox 631 1602 754 1623; x_wconf 89' lang='lat' dir='ltr'>munus</span> <span class='ocrx_word' id='word_1_156' title='bbox 776 1593 1017 1624; x_wconf 82' lang='lat' dir='ltr'>benedictionis</span> <span class='ocrx_word' id='word_1_157' title='bbox 1039 1595 1147 1625; x_wconf 88' lang='lat' dir='ltr'>eidem</span> <span class='ocrx_word' id='word_1_158' title='bbox 1172 1596 1283 1626; x_wconf 85' lang='lat' dir='ltr'>abbati</span> <span class='ocrx_word' id='word_1_159' title='bbox 1311 1619 1312 1622; x_wconf 21' lang='grc' dir='ltr'>η</span> 
     </span>
     <span class='ocr_line' id='line_1_24' title="bbox 1311 1638 2352 1677; baseline 0.003 -10"><span class='ocrx_word' id='word_1_160' title='bbox 1311 1648 1312 1651; x_wconf 64' lang='grc'>’</span> <span class='ocrx_word' id='word_1_161' title='bbox 1343 1640 1458 1667; x_wconf 78' lang='lat' dir='ltr'>serunt</span> <span class='ocrx_word' id='word_1_162' title='bbox 1471 1638 1674 1668; x_wconf 88' lang='lat' dir='ltr'>unanimiter</span> <span class='ocrx_word' id='word_1_163' title='bbox 1689 1639 1719 1668; x_wconf 92' lang='lat' dir='ltr'>et</span> <span class='ocrx_word' id='word_1_164' title='bbox 1732 1639 1938 1668; x_wconf 86' lang='lat' dir='ltr'>concorditer</span> <span class='ocrx_word' id='word_1_165' title='bbox 1955 1640 1993 1669; x_wconf 88' lang='lat' dir='ltr'>‹le</span> <span class='ocrx_word' id='word_1_166' title='bbox 2012 1640 2185 1677; x_wconf 67' lang='lat' dir='ltr'>premissis</span> <span class='ocrx_word' id='word_1_167' title='bbox 2210 1641 2352 1670; x_wconf 81' lang='lat' dir='ltr'>indilec-</span> 
     </span>
    </p>
   </div>
   <div class='ocr_carea' id='block_1_5' title="bbox 267 1646 1282 1739">
    <p class='ocr_par' dir='ltr' id='par_1_5' title="bbox 267 1646 1282 1739">
     <span class='ocr_line' id='line_1_25' title="bbox 267 1646 1282 1685; baseline 0.003 -10"><span class='ocrx_word' id='word_1_168' title='bbox 267 1646 426 1676; x_wconf 78' lang='lat' dir='ltr'>duximus</span> <span class='ocrx_word' id='word_1_169' title='bbox 442 1646 711 1684; x_wconf 78' lang='lat' dir='ltr'>impendemlum.</span> <span class='ocrx_word' id='word_1_170' title='bbox 725 1646 909 1676; x_wconf 80' lang='lat' dir='ltr'>Addictum</span> <span class='ocrx_word' id='word_1_171' title='bbox 927 1647 1027 1685; x_wconf 82' lang='lat' dir='ltr'>igitur</span> <span class='ocrx_word' id='word_1_172' title='bbox 1044 1649 1282 1679; x_wconf 82' lang='lat' dir='ltr'>monasterium</span> 
     </span>
     <span class='ocr_line' id='line_1_26' title="bbox 267 1698 1282 1739; baseline 0.002 -10"><span class='ocrx_word' id='word_1_173' title='bbox 267 1699 433 1738; x_wconf 87' lang='lat' dir='ltr'>prefatum</span> <span class='ocrx_word' id='word_1_174' title='bbox 456 1698 608 1728; x_wconf 78' lang='lat' dir='ltr'>abbatem</span> <span class='ocrx_word' id='word_1_175' title='bbox 630 1708 704 1728; x_wconf 88' lang='lat' dir='ltr'>cum</span> <span class='ocrx_word' id='word_1_176' title='bbox 728 1700 837 1730; x_wconf 85' lang='lat' dir='ltr'>nostre</span> <span class='ocrx_word' id='word_1_177' title='bbox 854 1699 1095 1730; x_wconf 79' lang='lat' dir='ltr'>benedictionis</span> <span class='ocrx_word' id='word_1_178' title='bbox 1115 1701 1220 1739; x_wconf 84' lang='lat' dir='ltr'>gratia</span> <span class='ocrx_word' id='word_1_179' title='bbox 1237 1710 1282 1732; x_wconf 91' lang='lat' dir='ltr'>re-</span> 
     </span>
    </p>
   </div>
   <div class='ocr_carea' id='block_1_6' title="bbox 267 1752 2354 1949">
    <p class='ocr_par' dir='ltr' id='par_1_6' title="bbox 267 1752 2354 1954">
     <span class='ocr_line' id='line_1_27' title="bbox 268 1752 1311 1792; baseline 0.003 -11"><span class='ocrx_word' id='word_1_180' title='bbox 268 1752 447 1786; x_wconf 81' lang='lat' dir='ltr'>mittentes,</span> <span class='ocrx_word' id='word_1_181' title='bbox 464 1752 675 1782; x_wconf 79' lang='lat' dir='ltr'>universitati</span> <span class='ocrx_word' id='word_1_182' title='bbox 688 1753 795 1782; x_wconf 80' lang='lat' dir='ltr'>vestre</span> <span class='ocrx_word' id='word_1_183' title='bbox 805 1761 863 1791; x_wconf 90' lang='lat' dir='ltr'>per</span> <span class='ocrx_word' id='word_1_184' title='bbox 872 1753 1051 1791; x_wconf 86' lang='lat' dir='ltr'>apostolica</span> <span class='ocrx_word' id='word_1_185' title='bbox 1061 1754 1182 1792; x_wconf 85' lang='lat' dir='ltr'>scripta</span> <span class='ocrx_word' id='word_1_186' title='bbox 1192 1763 1283 1785; x_wconf 87' lang='lat' dir='ltr'>man·</span> <span class='ocrx_word' id='word_1_187' title='bbox 1310 1784 1311 1789; x_wconf 63' lang='grc'>,</span> 
     </span>
     <span class='ocr_line' id='line_1_28' title="bbox 267 1804 1311 1845; baseline 0.003 -11"><span class='ocrx_word' id='word_1_188' title='bbox 267 1804 388 1835; x_wconf 86' lang='lat' dir='ltr'>damus</span> <span class='ocrx_word' id='word_1_189' title='bbox 403 1806 567 1843; x_wconf 82' lang='lat' dir='ltr'>quatenus</span> <span class='ocrx_word' id='word_1_190' title='bbox 585 1805 693 1835; x_wconf 79' lang='lat' dir='ltr'>eidem</span> <span class='ocrx_word' id='word_1_191' title='bbox 710 1805 821 1836; x_wconf 85' lang='lat' dir='ltr'>abbati</span> <span class='ocrx_word' id='word_1_192' title='bbox 838 1806 1004 1844; x_wconf 76' lang='lat' dir='ltr'>tamquam</span> <span class='ocrx_word' id='word_1_193' title='bbox 1020 1807 1143 1845; x_wconf 71' lang='lat' dir='ltr'>pastori</span> <span class='ocrx_word' id='word_1_194' title='bbox 1156 1808 1281 1837; x_wconf 85' lang='lat' dir='ltr'>anima-</span> <span class='ocrx_word' id='word_1_195' title='bbox 1310 1825 1311 1832; x_wconf 32' lang='grc' dir='ltr'><strong>κ</strong></span> 
     </span>
     <span class='ocr_line' id='line_1_29' title="bbox 267 1857 1311 1898; baseline 0.001 -10"><span class='ocrx_word' id='word_1_196' title='bbox 267 1866 342 1888; x_wconf 89' lang='lat' dir='ltr'>rum</span> <span class='ocrx_word' id='word_1_197' title='bbox 362 1859 549 1887; x_wconf 85' lang='lat' dir='ltr'>vestrarum</span> <span class='ocrx_word' id='word_1_198' title='bbox 565 1857 750 1888; x_wconf 83' lang='lat' dir='ltr'>exhibeatis</span> <span class='ocrx_word' id='word_1_199' title='bbox 767 1858 990 1888; x_wconf 80' lang='lat' dir='ltr'>obedientiam</span> <span class='ocrx_word' id='word_1_200' title='bbox 1015 1861 1046 1889; x_wconf 69' lang='lat' dir='ltr'>ct</span> <span class='ocrx_word' id='word_1_201' title='bbox 1062 1860 1282 1890; x_wconf 84' lang='lat' dir='ltr'>reverentiam</span> <span class='ocrx_word' id='word_1_202' title='bbox 1309 1874 1311 1898; x_wconf 70' lang='lat'>2</span> 
     </span>
     <span class='ocr_line' id='line_1_30' title="bbox 267 1902 2354 1949; baseline 0.002 -20"><span class='ocrx_word' id='word_1_203' title='bbox 267 1910 412 1940; x_wconf 59' lang='lat' dir='ltr'>debitam</span> <span class='ocrx_word' id='word_1_204' title='bbox 429 1912 459 1940; x_wconf 62' lang='lat' dir='ltr'>et</span> <span class='ocrx_word' id='word_1_205' title='bbox 476 1911 641 1945; x_wconf 54' lang='lat' dir='ltr'>devotam,</span> <span class='ocrx_word' id='word_1_206' title='bbox 663 1911 734 1949; x_wconf 57' lang='lat' dir='ltr'>ejus</span> <span class='ocrx_word' id='word_1_207' title='bbox 754 1911 901 1941; x_wconf 54' lang='lat' dir='ltr'>salubria</span> <span class='ocrx_word' id='word_1_208' title='bbox 923 1912 1047 1941; x_wconf 59' lang='lat' dir='ltr'>„mmm</span> <span class='ocrx_word' id='word_1_209' title='bbox 1067 1913 1098 1942; x_wconf 64' lang='lat' dir='ltr'>et</span> <span class='ocrx_word' id='word_1_210' title='bbox 1114 1913 1280 1948; x_wconf 47' lang='lat' dir='ltr'>mandata,</span> <span class='ocrx_word' id='word_1_211' title='bbox 1342 1911 1376 1933; x_wconf 91' lang='lat' dir='ltr'>se</span> <span class='ocrx_word' id='word_1_212' title='bbox 1392 1904 1499 1932; x_wconf 85' lang='lat' dir='ltr'>ratum</span> <span class='ocrx_word' id='word_1_213' title='bbox 1516 1904 1546 1932; x_wconf 87' lang='lat' dir='ltr'>et</span> <span class='ocrx_word' id='word_1_214' title='bbox 1564 1903 1698 1932; x_wconf 89' lang='lat' dir='ltr'>firmum</span> <span class='ocrx_word' id='word_1_215' title='bbox 1712 1902 1884 1932; x_wconf 85' lang='lat' dir='ltr'>habituros</span> <span class='ocrx_word' id='word_1_216' title='bbox 1898 1903 2055 1941; x_wconf 85' lang='lat' dir='ltr'>quiequid</span> <span class='ocrx_word' id='word_1_217' title='bbox 2073 1904 2159 1933; x_wconf 89' lang='lat' dir='ltr'>idem</span> <span class='ocrx_word' id='word_1_218' title='bbox 2175 1905 2354 1935; x_wconf 86' lang='lat' dir='ltr'>cardinalis</span> 
     </span>
    </p>
   </div>
   <div class='ocr_carea' id='block_1_7' title="bbox 266 1963 2354 2047">
    <p class='ocr_par' dir='ltr' id='par_1_7' title="bbox 266 1963 2354 2047">
     <span class='ocr_line' id='line_1_31' title="bbox 266 1963 1310 2006; baseline 0.001 -13"><span class='ocrx_word' id='word_1_219' title='bbox 266 1964 481 2001; x_wconf 84' lang='lat' dir='ltr'>suscipiendo</span> <span class='ocrx_word' id='word_1_220' title='bbox 500 1963 616 1994; x_wconf 89' lang='lat' dir='ltr'>devote</span> <span class='ocrx_word' id='word_1_221' title='bbox 639 1972 675 1993; x_wconf 90' lang='lat' dir='ltr'>ac</span> <span class='ocrx_word' id='word_1_222' title='bbox 693 1963 863 1994; x_wconf 91' lang='lat' dir='ltr'>humiliter</span> <span class='ocrx_word' id='word_1_223' title='bbox 879 1964 1098 1995; x_wconf 82' lang='lat' dir='ltr'>observando.</span> <span class='ocrx_word' id='word_1_224' title='bbox 1122 1965 1282 2003; x_wconf 82' lang='lat' dir='ltr'>Alioquin</span> <span class='ocrx_word' id='word_1_225' title='bbox 1309 1984 1310 2006; x_wconf 30' lang='grc' dir='ltr'><strong>ἶ</strong></span> 
     </span>
     <span class='ocr_line' id='line_1_32' title="bbox 1309 2007 2354 2047; baseline 0.001 -9"><span class='ocrx_word' id='word_1_226' title='bbox 1309 2007 1310 2010; x_wconf 69' lang='grc'>’</span> <span class='ocrx_word' id='word_1_227' title='bbox 1341 2009 1427 2038; x_wconf 87' lang='lat' dir='ltr'>dicto</span> <span class='ocrx_word' id='word_1_228' title='bbox 1448 2008 1558 2038; x_wconf 86' lang='lat' dir='ltr'>abbati</span> <span class='ocrx_word' id='word_1_229' title='bbox 1576 2008 1738 2043; x_wconf 83' lang='lat' dir='ltr'>facienda,</span> <span class='ocrx_word' id='word_1_230' title='bbox 1761 2009 1791 2038; x_wconf 87' lang='lat' dir='ltr'>et</span> <span class='ocrx_word' id='word_1_231' title='bbox 1809 2008 1884 2038; x_wconf 85' lang='lat' dir='ltr'>aliis</span> <span class='ocrx_word' id='word_1_232' title='bbox 1900 2009 2025 2038; x_wconf 87' lang='lat' dir='ltr'>dictum</span> <span class='ocrx_word' id='word_1_233' title='bbox 2042 2009 2210 2047; x_wconf 72' lang='lat' dir='ltr'>negotium</span> <span class='ocrx_word' id='word_1_234' title='bbox 2228 2010 2354 2040; x_wconf 89' lang='lat' dir='ltr'>contin-</span> 
     </span>
    </p>
   </div>
   <div class='ocr_carea' id='block_1_8' title="bbox 1309 2056 2355 2153">
    <p class='ocr_par' dir='ltr' id='par_1_8' title="bbox 1309 2056 2355 2153">
     <span class='ocr_line' id='line_1_33' title="bbox 1309 2056 2354 2099; baseline 0.002 -9"><span class='ocrx_word' id='word_1_235' title='bbox 1309 2056 1310 2067; x_wconf 59' lang='lat'><em>*</em></span> <span class='ocrx_word' id='word_1_236' title='bbox 1342 2061 1495 2099; x_wconf 83' lang='lat' dir='ltr'>gentibus</span> <span class='ocrx_word' id='word_1_237' title='bbox 1510 2061 1691 2095; x_wconf 82' lang='lat' dir='ltr'>mandaret,</span> <span class='ocrx_word' id='word_1_238' title='bbox 1711 2061 1879 2095; x_wconf 77' lang='lat' dir='ltr'>statueret,</span> <span class='ocrx_word' id='word_1_239' title='bbox 1894 2062 1947 2090; x_wconf 86' lang='lat' dir='ltr'>aut</span> <span class='ocrx_word' id='word_1_240' title='bbox 1961 2061 2209 2099; x_wconf 73' lang='lat' dir='ltr'>quomodolibet</span> <span class='ocrx_word' id='word_1_241' title='bbox 2225 2062 2354 2092; x_wconf 88' lang='lat' dir='ltr'>ordina-</span> 
     </span>
     <span class='ocr_line' id='line_1_34' title="bbox 1309 2114 2355 2153; baseline 0.001 -9"><span class='ocrx_word' id='word_1_242' title='bbox 1309 2118 1310 2125; x_wconf 65' lang='lat'><em>*</em></span> <span class='ocrx_word' id='word_1_243' title='bbox 1341 2115 1401 2144; x_wconf 86' lang='lat' dir='ltr'>ret.</span> <span class='ocrx_word' id='word_1_244' title='bbox 1422 2114 1514 2144; x_wconf 89' lang='lat' dir='ltr'>Idem</span> <span class='ocrx_word' id='word_1_245' title='bbox 1536 2122 1613 2143; x_wconf 89' lang='lat' dir='ltr'>vero</span> <span class='ocrx_word' id='word_1_246' title='bbox 1631 2114 1822 2148; x_wconf 87' lang='lat' dir='ltr'>cardinalis,</span> <span class='ocrx_word' id='word_1_247' title='bbox 1839 2114 2030 2152; x_wconf 86' lang='lat' dir='ltr'>hujusmodi</span> <span class='ocrx_word' id='word_1_248' title='bbox 2048 2115 2288 2153; x_wconf 81' lang='lat' dir='ltr'>compromisso</span> <span class='ocrx_word' id='word_1_249' title='bbox 2307 2124 2355 2145; x_wconf 84' lang='lat' dir='ltr'>re-</span> 
     </span>
    </p>
   </div>
   <div class='ocr_carea' id='block_1_9' title="bbox 265 2016 1281 2258">
    <p class='ocr_par' dir='ltr' id='par_1_9' title="bbox 265 2016 1281 2258">
     <span class='ocr_line' id='line_1_35' title="bbox 266 2016 1280 2055; baseline 0.001 -9"><span class='ocrx_word' id='word_1_250' title='bbox 266 2016 466 2046; x_wconf 89' lang='lat' dir='ltr'>sententiam</span> <span class='ocrx_word' id='word_1_251' title='bbox 483 2025 582 2055; x_wconf 85' lang='lat' dir='ltr'>quam</span> <span class='ocrx_word' id='word_1_252' title='bbox 597 2017 682 2046; x_wconf 86' lang='lat' dir='ltr'>idem</span> <span class='ocrx_word' id='word_1_253' title='bbox 696 2017 798 2047; x_wconf 85' lang='lat' dir='ltr'>abbas</span> <span class='ocrx_word' id='word_1_254' title='bbox 813 2017 872 2048; x_wconf 86' lang='lat' dir='ltr'>rite</span> <span class='ocrx_word' id='word_1_255' title='bbox 889 2017 1002 2047; x_wconf 86' lang='lat' dir='ltr'>tulerit</span> <span class='ocrx_word' id='word_1_256' title='bbox 1019 2018 1051 2047; x_wconf 92' lang='lat' dir='ltr'>in</span> <span class='ocrx_word' id='word_1_257' title='bbox 1069 2018 1220 2054; x_wconf 85' lang='lat' dir='ltr'>rebelles,</span> <span class='ocrx_word' id='word_1_258' title='bbox 1231 2027 1280 2047; x_wconf 87' lang='lat' dir='ltr'>ra-</span> 
     </span>
     <span class='ocr_line' id='line_1_36' title="bbox 266 2069 1281 2109; baseline 0.004 -11"><span class='ocrx_word' id='word_1_259' title='bbox 266 2071 333 2099; x_wconf 90' lang='lat' dir='ltr'>tam</span> <span class='ocrx_word' id='word_1_260' title='bbox 359 2069 568 2105; x_wconf 85' lang='lat' dir='ltr'>habebimus,</span> <span class='ocrx_word' id='word_1_261' title='bbox 593 2071 624 2099; x_wconf 82' lang='lat' dir='ltr'>et</span> <span class='ocrx_word' id='word_1_262' title='bbox 650 2070 823 2105; x_wconf 68' lang='lat' dir='ltr'>firciemus,</span> <span class='ocrx_word' id='word_1_263' title='bbox 849 2072 980 2100; x_wconf 85' lang='lat' dir='ltr'>auctore</span> <span class='ocrx_word' id='word_1_264' title='bbox 999 2071 1154 2106; x_wconf 88' lang='lat' dir='ltr'>Domino,</span> <span class='ocrx_word' id='word_1_265' title='bbox 1176 2079 1281 2109; x_wconf 80' lang='lat' dir='ltr'>usque</span> 
     </span>
     <span class='ocr_line' id='line_1_37' title="bbox 265 2122 1279 2161; baseline 0.002 -9"><span class='ocrx_word' id='word_1_266' title='bbox 265 2122 308 2152; x_wconf 87' lang='lat' dir='ltr'>ad</span> <span class='ocrx_word' id='word_1_267' title='bbox 324 2122 586 2152; x_wconf 71' lang='lat' dir='ltr'>satisfactionem</span> <span class='ocrx_word' id='word_1_268' title='bbox 601 2123 801 2161; x_wconf 84' lang='lat' dir='ltr'>condignam</span> <span class='ocrx_word' id='word_1_269' title='bbox 833 2123 1072 2154; x_wconf 88' lang='lat' dir='ltr'>inviolabiliter</span> <span class='ocrx_word' id='word_1_270' title='bbox 1097 2124 1279 2154; x_wconf 86' lang='lat' dir='ltr'>observari.</span> 
     </span>
     <span class='ocr_line' id='line_1_38' title="bbox 268 2175 1279 2214; baseline 0.003 -10"><span class='ocrx_word' id='word_1_271' title='bbox 268 2175 393 2205; x_wconf 88' lang='lat' dir='ltr'>Datum</span> <span class='ocrx_word' id='word_1_272' title='bbox 416 2175 504 2214; x_wconf 85' lang='lat' dir='ltr'>apud</span> <span class='ocrx_word' id='word_1_273' title='bbox 526 2175 810 2211; x_wconf 86' lang='lat' dir='ltr'>Urbemveterem,</span> <span class='ocrx_word' id='word_1_274' title='bbox 833 2176 1051 2207; x_wconf 75' lang='lat' dir='ltr'>nnkalendas</span> <span class='ocrx_word' id='word_1_275' title='bbox 1074 2177 1279 2211; x_wconf 82' lang='lat' dir='ltr'>novembris,</span> 
     </span>
     <span class='ocr_line' id='line_1_39' title="bbox 265 2233 455 2258; baseline 0 0"><span class='ocrx_word' id='word_1_276' title='bbox 265 2237 352 2258; x_wconf 87' lang='lat' dir='ltr'>anno</span> <span class='ocrx_word' id='word_1_277' title='bbox 371 2233 418 2258; x_wconf 84' lang='lat'><strong>11⁰.</strong></span> <span class='ocrx_word' id='word_1_278' title='bbox 442 2242 455 2255; x_wconf 92' lang='lat'>»</span> 
     </span>
    </p>
   </div>
   <div class='ocr_carea' id='block_1_10' title="bbox 303 2313 1262 2398">
    <p class='ocr_par' dir='ltr' id='par_1_10' title="bbox 303 2313 1262 2398">
     <span class='ocr_line' id='line_1_40' title="bbox 304 2313 1262 2348; baseline 0.002 -9"><span class='ocrx_word' id='word_1_279' title='bbox 304 2313 334 2339; x_wconf 88' lang='lat' dir='ltr'>ln</span> <span class='ocrx_word' id='word_1_280' title='bbox 352 2320 376 2339; x_wconf 89' lang='lat' dir='ltr'>e.</span> <span class='ocrx_word' id='word_1_281' title='bbox 395 2321 434 2339; x_wconf 90' lang='lat' dir='ltr'>m.</span> <span class='ocrx_word' id='word_1_282' title='bbox 449 2313 590 2340; x_wconf 88' lang='lat' dir='ltr'>universis</span> <span class='ocrx_word' id='word_1_283' title='bbox 608 2313 739 2340; x_wconf 75' lang='lat' dir='ltr'>vassallis</span> <span class='ocrx_word' id='word_1_284' title='bbox 756 2313 872 2348; x_wconf 81' lang='lat' dir='ltr'>Majoris</span> <span class='ocrx_word' id='word_1_285' title='bbox 889 2314 1055 2341; x_wconf 80' lang='lat' dir='ltr'>Monasterii</span> <span class='ocrx_word' id='word_1_286' title='bbox 1077 2315 1262 2341; x_wconf 82' lang='lat' dir='ltr'>Turonensis.</span> 
     </span>
     <span class='ocr_line' id='line_1_41' title="bbox 303 2362 1123 2398; baseline 0.002 -10"><span class='ocrx_word' id='word_1_287' title='bbox 303 2362 333 2388; x_wconf 84' lang='lat' dir='ltr'>[n</span> <span class='ocrx_word' id='word_1_288' title='bbox 353 2370 378 2390; x_wconf 85' lang='lat' dir='ltr'>e.</span> <span class='ocrx_word' id='word_1_289' title='bbox 392 2369 432 2392; x_wconf 78' lang='lat' dir='ltr'>m,</span> <span class='ocrx_word' id='word_1_290' title='bbox 450 2363 491 2393; x_wconf 84' lang='lat' dir='ltr'>S.,</span> <span class='ocrx_word' id='word_1_291' title='bbox 509 2362 604 2389; x_wconf 81' lang='lat' dir='ltr'>abbati</span> <span class='ocrx_word' id='word_1_292' title='bbox 623 2362 736 2398; x_wconf 81' lang='lat' dir='ltr'>Majoris</span> <span class='ocrx_word' id='word_1_293' title='bbox 755 2363 920 2390; x_wconf 75' lang='lat' dir='ltr'>Monastcrii</span> <span class='ocrx_word' id='word_1_294' title='bbox 938 2363 1123 2390; x_wconf 85' lang='lat' dir='ltr'>Turonensis.</span> 
     </span>
    </p>
   </div>
   <div class='ocr_carea' id='block_1_11' title="bbox 784 2534 1209 2566">
    <p class='ocr_par' dir='ltr' id='par_1_11' title="bbox 784 2534 1209 2566">
     <span class='ocr_line' id='line_1_42' title="bbox 784 2534 1209 2566; baseline 0 -6"><span class='ocrx_word' id='word_1_295' title='bbox 784 2534 908 2566; x_wconf 79' lang='lat' dir='ltr'>Orvieto,</span> <span class='ocrx_word' id='word_1_296' title='bbox 923 2535 939 2559; x_wconf 67' lang='lat'>‘3</span> <span class='ocrx_word' id='word_1_297' title='bbox 957 2535 1112 2561; x_wconf 81' lang='lat' dir='ltr'>novembre</span> <span class='ocrx_word' id='word_1_298' title='bbox 1133 2536 1209 2561; x_wconf 65' lang='lat'>1262.</span> 
     </span>
    </p>
   </div>
   <div class='ocr_carea' id='block_1_12' title="bbox 341 2535 409 2565">
    <p class='ocr_par' dir='ltr' id='par_1_12' title="bbox 341 2535 409 2565">
     <span class='ocr_line' id='line_1_43' title="bbox 341 2535 409 2565; baseline 0 0"><span class='ocrx_word' id='word_1_299' title='bbox 341 2535 409 2565; x_wconf 75' lang='lat'>159</span> 
     </span>
    </p>
   </div>
   <div class='ocr_carea' id='block_1_13' title="bbox 267 2630 1280 2713">
    <p class='ocr_par' dir='ltr' id='par_1_13' title="bbox 267 2630 1280 2713">
     <span class='ocr_line' id='line_1_44' title="bbox 302 2630 1280 2666; baseline 0.002 -10"><span class='ocrx_word' id='word_1_300' title='bbox 302 2630 402 2657; x_wconf 76' lang='lat' dir='ltr'>Abbati</span> <span class='ocrx_word' id='word_1_301' title='bbox 423 2632 451 2657; x_wconf 86' lang='lat' dir='ltr'>et</span> <span class='ocrx_word' id='word_1_302' title='bbox 468 2630 620 2656; x_wconf 86' lang='lat' dir='ltr'>conventui</span> <span class='ocrx_word' id='word_1_303' title='bbox 639 2630 753 2665; x_wconf 77' lang='lat' dir='ltr'>Majoris</span> <span class='ocrx_word' id='word_1_304' title='bbox 772 2631 941 2657; x_wconf 84' lang='lat' dir='ltr'>monasterii</span> <span class='ocrx_word' id='word_1_305' title='bbox 960 2631 1132 2658; x_wconf 85' lang='lat' dir='ltr'>Turonensis</span> <span class='ocrx_word' id='word_1_306' title='bbox 1151 2631 1280 2666; x_wconf 77' lang='lat' dir='ltr'>indulget</span> 
     </span>
     <span class='ocr_line' id='line_1_45' title="bbox 267 2678 1279 2713; baseline 0.001 -7"><span class='ocrx_word' id='word_1_307' title='bbox 267 2681 299 2706; x_wconf 86' lang='lat' dir='ltr'>ut</span> <span class='ocrx_word' id='word_1_308' title='bbox 316 2679 459 2713; x_wconf 78' lang='lat' dir='ltr'>prioratus</span> <span class='ocrx_word' id='word_1_309' title='bbox 475 2681 503 2704; x_wconf 84' lang='lat' dir='ltr'>et</span> <span class='ocrx_word' id='word_1_310' title='bbox 518 2678 579 2705; x_wconf 77' lang='lat' dir='ltr'>loca</span> <span class='ocrx_word' id='word_1_311' title='bbox 596 2678 653 2705; x_wconf 81' lang='lat' dir='ltr'>alia</span> <span class='ocrx_word' id='word_1_312' title='bbox 669 2678 757 2712; x_wconf 81' lang='lat' dir='ltr'>ipsius</span> <span class='ocrx_word' id='word_1_313' title='bbox 776 2679 944 2705; x_wconf 79' lang='lat' dir='ltr'>monasterii</span> <span class='ocrx_word' id='word_1_314' title='bbox 957 2680 1086 2713; x_wconf 87' lang='lat' dir='ltr'>personis</span> <span class='ocrx_word' id='word_1_315' title='bbox 1103 2680 1279 2707; x_wconf 84' lang='lat' dir='ltr'>secularibus</span> 
     </span>
    </p>
   </div>
   <div class='ocr_carea' id='block_1_14' title="bbox 265 2774 1088 2808">
    <p class='ocr_par' dir='ltr' id='par_1_14' title="bbox 265 2774 1088 2808">
     <span class='ocr_line' id='line_1_46' title="bbox 265 2774 1088 2808; baseline -0.001 -5"><span class='ocrx_word' id='word_1_316' title='bbox 265 2775 405 2803; x_wconf 83' lang='lat' dir='ltr'>deserviri</span> <span class='ocrx_word' id='word_1_317' title='bbox 420 2775 523 2801; x_wconf 82' lang='lat' dir='ltr'>facere.</span> <span class='ocrx_word' id='word_1_318' title='bbox 541 2775 620 2808; x_wconf 67' lang='lat' dir='ltr'>(Rae.</span> <span class='ocrx_word' id='word_1_319' title='bbox 638 2776 683 2806; x_wconf 69' lang='lat'>20,</span> <span class='ocrx_word' id='word_1_320' title='bbox 701 2774 769 2800; x_wconf 81' lang='lat' dir='ltr'>anni</span> <span class='ocrx_word' id='word_1_321' title='bbox 787 2774 820 2807; x_wconf 83' lang='lat' dir='ltr'>Il,</span> <span class='ocrx_word' id='word_1_322' title='bbox 839 2779 870 2800; x_wconf 83' lang='lat' dir='ltr'>n0</span> <span class='ocrx_word' id='word_1_323' title='bbox 886 2776 933 2808; x_wconf 73' lang='lat'>21,</span> <span class='ocrx_word' id='word_1_324' title='bbox 949 2775 969 2801; x_wconf 87' lang='lat' dir='ltr'>f.</span> <span class='ocrx_word' id='word_1_325' title='bbox 987 2776 1020 2801; x_wconf 62' lang='lat'>52</span> <span class='ocrx_word' id='word_1_326' title='bbox 1036 2777 1088 2808; x_wconf 84' lang='lat' dir='ltr'>v⁰.)</span> 
     </span>
    </p>
   </div>
   <div class='ocr_carea' id='block_1_15' title="bbox 266 2853 1277 3003">
    <p class='ocr_par' dir='ltr' id='par_1_15' title="bbox 266 2853 1277 3003">
     <span class='ocr_line' id='line_1_47' title="bbox 307 2853 1277 2892; baseline -0.003 -5"><span class='ocrx_word' id='word_1_327' title='bbox 307 2868 349 2887; x_wconf 89' lang='lat'>«..</span> <span class='ocrx_word' id='word_1_328' title='bbox 367 2855 468 2886; x_wconf 59' lang='lat' dir='ltr'>abbata·</span> <span class='ocrx_word' id='word_1_329' title='bbox 483 2860 510 2884; x_wconf 82' lang='lat' dir='ltr'>et</span> <span class='ocrx_word' id='word_1_330' title='bbox 519 2853 677 2884; x_wconf 69' lang='lat' dir='ltr'>conventui</span> <span class='ocrx_word' id='word_1_331' title='bbox 693 2853 1007 2892; x_wconf 62' lang='lat' dir='ltr'>Major-isalonaseerii</span> <span class='ocrx_word' id='word_1_332' title='bbox 1028 2854 1218 2890; x_wconf 72' lang='lat' dir='ltr'>Turonensis,</span> <span class='ocrx_word' id='word_1_333' title='bbox 1231 2865 1277 2885; x_wconf 83' lang='lat'><em>07·-</em></span> 
     </span>
     <span class='ocr_line' id='line_1_48' title="bbox 266 2906 1277 2940; baseline -0.002 0"><span class='ocrx_word' id='word_1_334' title='bbox 266 2910 347 2940; x_wconf 76' lang='lat' dir='ltr'>dinis</span> <span class='ocrx_word' id='word_1_335' title='bbox 364 2919 387 2939; x_wconf 87' lang='lat' dir='ltr'>s.</span> <span class='ocrx_word' id='word_1_336' title='bbox 406 2907 574 2938; x_wconf 75' lang='lat' dir='ltr'>Benedicti.</span> <span class='ocrx_word' id='word_1_337' title='bbox 594 2906 794 2937; x_wconf 89' lang='lat' dir='ltr'>Devotionis</span> <span class='ocrx_word' id='word_1_338' title='bbox 813 2908 922 2937; x_wconf 86' lang='lat' dir='ltr'>vestre</span> <span class='ocrx_word' id='word_1_339' title='bbox 947 2907 1063 2937; x_wconf 88' lang='lat' dir='ltr'>merita</span> <span class='ocrx_word' id='word_1_340' title='bbox 1083 2924 1132 2936; x_wconf 92' lang='lat'>—-.</span> <span class='ocrx_word' id='word_1_341' title='bbox 1154 2908 1277 2938; x_wconf 82' lang='lat' dir='ltr'>Datum</span> 
     </span>
     <span class='ocr_line' id='line_1_49' title="bbox 266 2960 1276 3003; baseline -0.005 -9"><span class='ocrx_word' id='word_1_342' title='bbox 266 2963 356 3003; x_wconf 86' lang='lat' dir='ltr'>apud</span> <span class='ocrx_word' id='word_1_343' title='bbox 372 2962 655 2995; x_wconf 87' lang='lat' dir='ltr'>Urbemveterem,</span> <span class='ocrx_word' id='word_1_344' title='bbox 674 2969 720 2989; x_wconf 90' lang='lat'>1111</span> <span class='ocrx_word' id='word_1_345' title='bbox 743 2968 849 2990; x_wconf 84' lang='lat' dir='ltr'>nonas</span> <span class='ocrx_word' id='word_1_346' title='bbox 871 2960 1074 2997; x_wconf 83' lang='lat' dir='ltr'>novembris,</span> <span class='ocrx_word' id='word_1_347' title='bbox 1096 2969 1181 2991; x_wconf 81' lang='lat' dir='ltr'>anno</span> <span class='ocrx_word' id='word_1_348' title='bbox 1194 2966 1242 2991; x_wconf 85' lang='lat'>11⁰.</span> <span class='ocrx_word' id='word_1_349' title='bbox 1262 2973 1276 2989; x_wconf 87' lang='lat'>»</span> 
     </span>
    </p>
   </div>
   <div class='ocr_carea' id='block_1_16' title="bbox 271 898 1542 944">
    <p class='ocr_par' dir='ltr' id='par_1_16' title="bbox 271 898 1542 944">
     <span class='ocr_line' id='line_1_50' title="bbox 271 898 1542 944; baseline -0.001 -8"><span class='ocrx_word' id='word_1_350' title='bbox 271 908 346 936; x_wconf 90' lang='lat' dir='ltr'>tuor</span> <span class='ocrx_word' id='word_1_351' title='bbox 362 907 520 936; x_wconf 86' lang='lat' dir='ltr'>ducerent</span> <span class='ocrx_word' id='word_1_352' title='bbox 537 906 743 936; x_wconf 88' lang='lat' dir='ltr'>concorditer</span> <span class='ocrx_word' id='word_1_353' title='bbox 760 906 961 944; x_wconf 83' lang='lat' dir='ltr'>eligendum.</span> <span class='ocrx_word' id='word_1_354' title='bbox 986 905 1089 934; x_wconf 89' lang='lat' dir='ltr'>Iidem</span> <span class='ocrx_word' id='word_1_355' title='bbox 1107 913 1184 934; x_wconf 86' lang='lat' dir='ltr'>vero</span> <span class='ocrx_word' id='word_1_356' title='bbox 1203 905 1285 935; x_wconf 87' lang='lat' dir='ltr'>elec·</span> <span class='ocrx_word' id='word_1_357' title='bbox 1315 903 1316 938; x_wconf 68' lang='lat' dir='ltr'>J</span> <span class='ocrx_word' id='word_1_358' title='bbox 1347 898 1498 926; x_wconf 64' lang='lat' dir='ltr'><strong>HOSU&#39;UOE</strong></span> <span class='ocrx_word' id='word_1_359' title='bbox 1524 921 1542 926; x_wconf 90' lang='lat'>-·</span> 
     </span>
    </p>
   </div>
   <div class='ocr_carea' id='block_1_17' title="bbox 269 957 1315 997">
    <p class='ocr_par' dir='ltr' id='par_1_17' title="bbox 269 957 1315 997">
     <span class='ocr_line' id='line_1_51' title="bbox 269 957 1315 997; baseline -0.002 -9"><span class='ocrx_word' id='word_1_360' title='bbox 269 960 370 995; x_wconf 86' lang='lat' dir='ltr'>tores,</span> <span class='ocrx_word' id='word_1_361' title='bbox 388 959 538 997; x_wconf 83' lang='lat' dir='ltr'>diligenti</span> <span class='ocrx_word' id='word_1_362' title='bbox 564 960 702 988; x_wconf 86' lang='lat' dir='ltr'>tractatu</span> <span class='ocrx_word' id='word_1_363' title='bbox 731 958 914 996; x_wconf 81' lang='lat' dir='ltr'>prehabito,</span> <span class='ocrx_word' id='word_1_364' title='bbox 940 958 974 987; x_wconf 93' lang='lat' dir='ltr'>in</span> <span class='ocrx_word' id='word_1_365' title='bbox 999 957 1155 987; x_wconf 87' lang='lat' dir='ltr'>dilectum</span> <span class='ocrx_word' id='word_1_366' title='bbox 1177 957 1284 987; x_wconf 88' lang='lat' dir='ltr'>tilium</span> <span class='ocrx_word' id='word_1_367' title='bbox 1314 976 1315 990; x_wconf 29' lang='grc' dir='ltr'>ἢ</span> 
     </span>
    </p>
   </div>
   <div class='ocr_carea' id='block_1_18' title="bbox 1306 384 1322 3006">
    <p class='ocr_par' dir='ltr' id='par_1_18' title="bbox 1306 384 1322 3006">
     <span class='ocr_line' id='line_1_52' title="bbox 1306 384 1322 3006; baseline 0 0"><span class='ocrx_word' id='word_1_368' title='bbox 1306 384 1322 3006; x_wconf 95' lang='lat' dir='ltr'> </span> 
     </span>
    </p>
   </div>
   <div class='ocr_carea' id='block_1_19' title="bbox 1420 381 1488 410">
    <p class='ocr_par' dir='ltr' id='par_1_19' title="bbox 1420 381 1488 410">
     <span class='ocr_line' id='line_1_53' title="bbox 1420 381 1488 410; baseline 0 0"><span class='ocrx_word' id='word_1_369' title='bbox 1420 381 1488 410; x_wconf 70' lang='grc'>160</span> 
     </span>
    </p>
   </div>
   <div class='ocr_carea' id='block_1_20' title="bbox 1845 382 2284 414">
    <p class='ocr_par' dir='ltr' id='par_1_20' title="bbox 1845 382 2284 414">
     <span class='ocr_line' id='line_1_54' title="bbox 1845 382 2284 414; baseline 0.011 -9"><span class='ocrx_word' id='word_1_370' title='bbox 1845 382 1967 414; x_wconf 65' lang='lat' dir='ltr'>‹ui-violo,</span> <span class='ocrx_word' id='word_1_371' title='bbox 1990 385 2013 408; x_wconf 84' lang='lat' dir='ltr'>tl</span> <span class='ocrx_word' id='word_1_372' title='bbox 2036 384 2188 410; x_wconf 80' lang='lat' dir='ltr'>novembre</span> <span class='ocrx_word' id='word_1_373' title='bbox 2212 386 2284 411; x_wconf 68' lang='lat'><strong>1202.</strong></span> 
     </span>
    </p>
   </div>
   <div class='ocr_carea' id='block_1_21' title="bbox 1348 477 2357 658">
    <p class='ocr_par' dir='ltr' id='par_1_21' title="bbox 1348 477 2357 658">
     <span class='ocr_line' id='line_1_55' title="bbox 1385 477 2355 516; baseline 0.006 -13"><span class='ocrx_word' id='word_1_374' title='bbox 1385 477 1486 504; x_wconf 74' lang='lat' dir='ltr'>Abbati</span> <span class='ocrx_word' id='word_1_375' title='bbox 1508 479 2201 511; x_wconf 38' lang='lat' dir='ltr'>‹tor1ne1-iacensi,&#39;furonensis‹liocesisnnuudat</span> <span class='ocrx_word' id='word_1_376' title='bbox 2217 485 2355 516; x_wconf 65' lang='lat' dir='ltr'>quatenus</span> 
     </span>
     <span class='ocr_line' id='line_1_56' title="bbox 1348 526 2357 563; baseline 0.007 -12"><span class='ocrx_word' id='word_1_377' title='bbox 1348 526 1480 552; x_wconf 78' lang='lat' dir='ltr'>abbatem</span> <span class='ocrx_word' id='word_1_378' title='bbox 1499 528 1666 553; x_wconf 81' lang='lat' dir='ltr'>monasterii</span> <span class='ocrx_word' id='word_1_379' title='bbox 1682 529 1715 554; x_wconf 74' lang='lat' dir='ltr'>«le</span> <span class='ocrx_word' id='word_1_380' title='bbox 1735 529 1869 562; x_wconf 68' lang='lat' dir='ltr'>libronio,</span> <span class='ocrx_word' id='word_1_381' title='bbox 1887 530 2113 556; x_wconf 68' lang='lat' dir='ltr'>Cenomanensis</span> <span class='ocrx_word' id='word_1_382' title='bbox 2131 531 2262 563; x_wconf 73' lang='lat' dir='ltr'>diocesis,</span> <span class='ocrx_word' id='word_1_383' title='bbox 2279 531 2357 558; x_wconf 61' lang='lat' dir='ltr'>indu&lt;</span> 
     </span>
     <span class='ocr_line' id='line_1_57' title="bbox 1348 575 2355 613; baseline 0.005 -13"><span class='ocrx_word' id='word_1_384' title='bbox 1348 577 1390 600; x_wconf 81' lang='lat' dir='ltr'>cat</span> <span class='ocrx_word' id='word_1_385' title='bbox 1419 577 1447 600; x_wconf 88' lang='lat' dir='ltr'>ut</span> <span class='ocrx_word' id='word_1_386' title='bbox 1474 575 1547 601; x_wconf 77' lang='lat' dir='ltr'>infra</span> <span class='ocrx_word' id='word_1_387' title='bbox 1575 584 1663 602; x_wconf 89' lang='lat' dir='ltr'>unum</span> <span class='ocrx_word' id='word_1_388' title='bbox 1689 585 1819 603; x_wconf 76' lang='lat' dir='ltr'>mensem</span> <span class='ocrx_word' id='word_1_389' title='bbox 1842 579 1921 604; x_wconf 79' lang='lat' dir='ltr'>cedat</span> <span class='ocrx_word' id='word_1_390' title='bbox 1950 578 2084 613; x_wconf 71' lang='lat' dir='ltr'>regimini</span> <span class='ocrx_word' id='word_1_391' title='bbox 2111 579 2152 605; x_wconf 76' lang='lat' dir='ltr'>sui</span> <span class='ocrx_word' id='word_1_392' title='bbox 2177 581 2355 607; x_wconf 73' lang='lat' dir='ltr'>monasterii.</span> 
     </span>
     <span class='ocr_line' id='line_1_58' title="bbox 1350 623 1915 658; baseline 0.007 -10"><span class='ocrx_word' id='word_1_393' title='bbox 1350 623 1427 650; x_wconf 66' lang='lat' dir='ltr'>(ilati-</span> <span class='ocrx_word' id='word_1_394' title='bbox 1444 624 1741 657; x_wconf 55' lang='lat' dir='ltr'>Q‹3,1‘01.5&#39;iv·v,nnui</span> <span class='ocrx_word' id='word_1_395' title='bbox 1762 626 1795 658; x_wconf 86' lang='grc' dir='ltr'>Η,</span> <span class='ocrx_word' id='word_1_396' title='bbox 1812 631 1843 652; x_wconf 77' lang='lat' dir='ltr'>n⁰</span> <span class='ocrx_word' id='word_1_397' title='bbox 1861 628 1915 655; x_wconf 57' lang='grc' dir='ltr'>ΤΞ.)</span> 
     </span>
    </p>
   </div>
   <div class='ocr_carea' id='block_1_22' title="bbox 1342 739 2355 1626">
    <p class='ocr_par' dir='ltr' id='par_1_22' title="bbox 1342 739 2355 1626">
     <span class='ocr_line' id='line_1_59' title="bbox 1389 739 2355 775; baseline 0.005 -8"><span class='ocrx_word' id='word_1_398' title='bbox 1389 750 1402 763; x_wconf 67' lang='grc' dir='ltr'>κ</span> <span class='ocrx_word' id='word_1_399' title='bbox 1426 763 1444 768; x_wconf 73' lang='grc'>.,</span> <span class='ocrx_word' id='word_1_400' title='bbox 1465 739 1565 767; x_wconf 67' lang='lat' dir='ltr'>abbati</span> <span class='ocrx_word' id='word_1_401' title='bbox 1584 739 1831 775; x_wconf 56' lang='lat' dir='ltr'>armenas-ensi,</span> <span class='ocrx_word' id='word_1_402' title='bbox 1847 742 2026 771; x_wconf 46' lang='lat' dir='ltr'>Turonensis</span> <span class='ocrx_word' id='word_1_403' title='bbox 2038 743 2263 775; x_wconf 43' lang='lat' dir='ltr'>&amp;evestamum</span> <span class='ocrx_word' id='word_1_404' title='bbox 2278 746 2355 774; x_wconf 81' lang='lat' dir='ltr'>olim</span> 
     </span>
     <span class='ocr_line' id='line_1_60' title="bbox 1348 791 2354 829; baseline 0.009 -9"><span class='ocrx_word' id='word_1_405' title='bbox 1348 791 1488 821; x_wconf 62' lang='lat' dir='ltr'>dilectus·</span> <span class='ocrx_word' id='word_1_406' title='bbox 1507 792 1596 821; x_wconf 75' lang='lat' dir='ltr'>lilius</span> <span class='ocrx_word' id='word_1_407' title='bbox 1623 793 1797 828; x_wconf 63' lang='lat' dir='ltr'>lirnaldus,</span> <span class='ocrx_word' id='word_1_408' title='bbox 1810 794 1912 824; x_wconf 88' lang='lat' dir='ltr'>abbas</span> <span class='ocrx_word' id='word_1_409' title='bbox 1932 796 2124 826; x_wconf 76' lang='lat' dir='ltr'>monasterii</span> <span class='ocrx_word' id='word_1_410' title='bbox 2142 797 2180 825; x_wconf 79' lang='lat' dir='ltr'>de</span> <span class='ocrx_word' id='word_1_411' title='bbox 2198 798 2354 829; x_wconf 81' lang='lat' dir='ltr'>Ebronio.</span> 
     </span>
     <span class='ocr_line' id='line_1_61' title="bbox 1349 844 2354 885; baseline 0.008 -12"><span class='ocrx_word' id='word_1_412' title='bbox 1349 844 1611 874; x_wconf 78' lang='lat' dir='ltr'>Cenomanensis</span> <span class='ocrx_word' id='word_1_413' title='bbox 1649 846 1801 882; x_wconf 87' lang='lat' dir='ltr'>diocesis,</span> <span class='ocrx_word' id='word_1_414' title='bbox 1840 848 1926 885; x_wconf 87' lang='lat' dir='ltr'>apud</span> <span class='ocrx_word' id='word_1_415' title='bbox 1959 849 2183 880; x_wconf 79' lang='lat' dir='ltr'>venerabilem</span> <span class='ocrx_word' id='word_1_416' title='bbox 2220 851 2354 881; x_wconf 82' lang='lat' dir='ltr'>fratrem</span> 
     </span>
     <span class='ocr_line' id='line_1_62' title="bbox 1575 897 2355 941; baseline 0.009 -15"><span class='ocrx_word' id='word_1_417' title='bbox 1575 897 1859 929; x_wconf 63' lang='lat' dir='ltr'>Cenoniancnseni</span> <span class='ocrx_word' id='word_1_418' title='bbox 1890 901 2083 939; x_wconf 65' lang='lat' dir='ltr'>episcopum</span> <span class='ocrx_word' id='word_1_419' title='bbox 2102 902 2230 932; x_wconf 85' lang='lat' dir='ltr'>delatus</span> <span class='ocrx_word' id='word_1_420' title='bbox 2258 912 2355 941; x_wconf 83' lang='lat' dir='ltr'>super</span> 
     </span>
     <span class='ocr_line' id='line_1_63' title="bbox 1347 949 2354 992; baseline 0.009 -15"><span class='ocrx_word' id='word_1_421' title='bbox 1347 949 1445 978; x_wconf 80' lang='lat' dir='ltr'>certis</span> <span class='ocrx_word' id='word_1_422' title='bbox 1456 950 1606 979; x_wconf 80' lang='lat' dir='ltr'>articulis</span> <span class='ocrx_word' id='word_1_423' title='bbox 1620 951 1793 986; x_wconf 78' lang='lat' dir='ltr'>extitisset,</span> <span class='ocrx_word' id='word_1_424' title='bbox 1807 961 1842 981; x_wconf 82' lang='lat' dir='ltr'>ac</span> <span class='ocrx_word' id='word_1_425' title='bbox 1855 952 1941 982; x_wconf 85' lang='lat' dir='ltr'>idem</span> <span class='ocrx_word' id='word_1_426' title='bbox 1951 954 2125 992; x_wconf 84' lang='lat' dir='ltr'>episcopus</span> <span class='ocrx_word' id='word_1_427' title='bbox 2140 955 2354 986; x_wconf 84' lang='lat' dir='ltr'>secisseteum</span> 
     </span>
     <span class='ocr_line' id='line_1_64' title="bbox 1346 1003 2353 1047; baseline 0.008 -16"><span class='ocrx_word' id='word_1_428' title='bbox 1346 1004 1479 1040; x_wconf 81' lang='lat' dir='ltr'>propter</span> <span class='ocrx_word' id='word_1_429' title='bbox 1496 1003 1555 1032; x_wconf 84' lang='lat' dir='ltr'>hoc</span> <span class='ocrx_word' id='word_1_430' title='bbox 1573 1003 1612 1032; x_wconf 86' lang='lat' dir='ltr'>ad</span> <span class='ocrx_word' id='word_1_431' title='bbox 1632 1012 1725 1033; x_wconf 88' lang='lat' dir='ltr'>suam</span> <span class='ocrx_word' id='word_1_432' title='bbox 1746 1005 1945 1042; x_wconf 82' lang='lat' dir='ltr'>presentiam</span> <span class='ocrx_word' id='word_1_433' title='bbox 1963 1008 2105 1041; x_wconf 84' lang='lat' dir='ltr'>evocari,</span> <span class='ocrx_word' id='word_1_434' title='bbox 2125 1009 2257 1038; x_wconf 81' lang='lat' dir='ltr'>tandem</span> <span class='ocrx_word' id='word_1_435' title='bbox 2279 1018 2353 1047; x_wconf 88' lang='lat' dir='ltr'>pre-</span> 
     </span>
     <span class='ocr_line' id='line_1_65' title="bbox 1345 1056 2353 1096; baseline 0.008 -12"><span class='ocrx_word' id='word_1_436' title='bbox 1345 1056 1432 1085; x_wconf 82' lang='lat' dir='ltr'>fatus</span> <span class='ocrx_word' id='word_1_437' title='bbox 1454 1056 1556 1086; x_wconf 68' lang='lat' dir='ltr'>abbas</span> <span class='ocrx_word' id='word_1_438' title='bbox 1574 1057 1689 1086; x_wconf 87' lang='lat' dir='ltr'>volens</span> <span class='ocrx_word' id='word_1_439' title='bbox 1713 1058 1821 1095; x_wconf 84' lang='lat' dir='ltr'>potius</span> <span class='ocrx_word' id='word_1_440' title='bbox 1847 1058 1880 1087; x_wconf 89' lang='lat' dir='ltr'>in</span> <span class='ocrx_word' id='word_1_441' title='bbox 1907 1059 2024 1096; x_wconf 81' lang='lat' dir='ltr'>spiritu</span> <span class='ocrx_word' id='word_1_442' title='bbox 2044 1060 2241 1091; x_wconf 86' lang='lat' dir='ltr'>humilitatis</span> <span class='ocrx_word' id='word_1_443' title='bbox 2258 1063 2353 1091; x_wconf 77' lang='lat' dir='ltr'>satis-</span> 
     </span>
     <span class='ocr_line' id='line_1_66' title="bbox 1344 1109 2353 1152; baseline 0.006 -14"><span class='ocrx_word' id='word_1_444' title='bbox 1344 1109 1569 1147; x_wconf 78' lang='lat' dir='ltr'>facere,quam</span> <span class='ocrx_word' id='word_1_445' title='bbox 1583 1110 1784 1147; x_wconf 86' lang='lat' dir='ltr'>judiciorum</span> <span class='ocrx_word' id='word_1_446' title='bbox 1799 1111 2003 1141; x_wconf 80' lang='lat' dir='ltr'>anfractibus</span> <span class='ocrx_word' id='word_1_447' title='bbox 2017 1113 2069 1141; x_wconf 81' lang='lat' dir='ltr'>vel</span> <span class='ocrx_word' id='word_1_448' title='bbox 2079 1113 2166 1150; x_wconf 80' lang='lat' dir='ltr'>juris</span> <span class='ocrx_word' id='word_1_449' title='bbox 2182 1114 2288 1152; x_wconf 83' lang='lat' dir='ltr'>rigore</span> <span class='ocrx_word' id='word_1_450' title='bbox 2301 1124 2353 1143; x_wconf 79' lang='lat' dir='ltr'>ve-</span> 
     </span>
     <span class='ocr_line' id='line_1_67' title="bbox 1344 1162 2352 1205; baseline 0.006 -14"><span class='ocrx_word' id='word_1_451' title='bbox 1344 1162 1429 1195; x_wconf 80' lang='lat' dir='ltr'>xari,</span> <span class='ocrx_word' id='word_1_452' title='bbox 1450 1162 1644 1200; x_wconf 75' lang='lat' dir='ltr'>promisisse</span> <span class='ocrx_word' id='word_1_453' title='bbox 1663 1163 1794 1198; x_wconf 84' lang='lat' dir='ltr'>dicitur,</span> <span class='ocrx_word' id='word_1_454' title='bbox 1804 1164 1967 1202; x_wconf 87' lang='lat' dir='ltr'>corporali</span> <span class='ocrx_word' id='word_1_455' title='bbox 1993 1166 2129 1203; x_wconf 84' lang='lat' dir='ltr'>prestito</span> <span class='ocrx_word' id='word_1_456' title='bbox 2151 1167 2352 1205; x_wconf 77' lang='lat' dir='ltr'>Jurameuto.</span> 
     </span>
     <span class='ocr_line' id='line_1_68' title="bbox 1344 1215 2355 1256; baseline 0.007 -13"><span class='ocrx_word' id='word_1_457' title='bbox 1344 1215 1431 1253; x_wconf 87' lang='lat' dir='ltr'>quod</span> <span class='ocrx_word' id='word_1_458' title='bbox 1449 1215 1578 1245; x_wconf 77' lang='lat' dir='ltr'>cederet</span> <span class='ocrx_word' id='word_1_459' title='bbox 1600 1215 1751 1253; x_wconf 72' lang='lat' dir='ltr'>regilnini</span> <span class='ocrx_word' id='word_1_460' title='bbox 1770 1215 1900 1246; x_wconf 87' lang='lat' dir='ltr'>abbatie</span> <span class='ocrx_word' id='word_1_461' title='bbox 1916 1218 2109 1247; x_wconf 80' lang='lat' dir='ltr'>monasterii</span> <span class='ocrx_word' id='word_1_462' title='bbox 2129 1220 2308 1256; x_wconf 80' lang='lat' dir='ltr'>supradicti</span> <span class='ocrx_word' id='word_1_463' title='bbox 2325 1222 2355 1250; x_wconf 89' lang='lat' dir='ltr'>et</span> 
     </span>
     <span class='ocr_line' id='line_1_69' title="bbox 1343 1268 2354 1309; baseline 0.007 -13"><span class='ocrx_word' id='word_1_464' title='bbox 1343 1269 1514 1306; x_wconf 60' lang='lat' dir='ltr'>perageret</span> <span class='ocrx_word' id='word_1_465' title='bbox 1531 1268 1758 1306; x_wconf 85' lang='lat' dir='ltr'>penitentiam,</span> <span class='ocrx_word' id='word_1_466' title='bbox 1776 1277 1876 1306; x_wconf 83' lang='lat' dir='ltr'>quam</span> <span class='ocrx_word' id='word_1_467' title='bbox 1893 1269 1977 1299; x_wconf 90' lang='lat' dir='ltr'>idem</span> <span class='ocrx_word' id='word_1_468' title='bbox 1990 1270 2165 1309; x_wconf 85' lang='lat' dir='ltr'>episcopus</span> <span class='ocrx_word' id='word_1_469' title='bbox 2177 1272 2207 1301; x_wconf 67' lang='lat' dir='ltr'>ei</span> <span class='ocrx_word' id='word_1_470' title='bbox 2223 1272 2354 1303; x_wconf 76' lang='lat' dir='ltr'>duceret</span> 
     </span>
     <span class='ocr_line' id='line_1_70' title="bbox 1344 1321 2352 1361; baseline 0.004 -11"><span class='ocrx_word' id='word_1_471' title='bbox 1344 1321 1593 1360; x_wconf 80' lang='lat' dir='ltr'>injungendam.</span> <span class='ocrx_word' id='word_1_472' title='bbox 1617 1322 1765 1359; x_wconf 52' lang='lat' dir='ltr'>(tumque</span> <span class='ocrx_word' id='word_1_473' title='bbox 1786 1322 1893 1352; x_wconf 88' lang='lat' dir='ltr'>dictus</span> <span class='ocrx_word' id='word_1_474' title='bbox 1912 1323 2086 1361; x_wconf 86' lang='lat' dir='ltr'>episcopus</span> <span class='ocrx_word' id='word_1_475' title='bbox 2103 1325 2269 1361; x_wconf 87' lang='lat' dir='ltr'>quandam</span> <span class='ocrx_word' id='word_1_476' title='bbox 2289 1326 2352 1355; x_wconf 78' lang='lat' dir='ltr'>sibi</span> 
     </span>
     <span class='ocr_line' id='line_1_71' title="bbox 1342 1372 2352 1414; baseline 0.005 -13"><span class='ocrx_word' id='word_1_477' title='bbox 1342 1372 1559 1411; x_wconf 87' lang='lat' dir='ltr'>penitentiam</span> <span class='ocrx_word' id='word_1_478' title='bbox 1582 1373 1793 1410; x_wconf 78' lang='lat' dir='ltr'>injunxisset,</span> <span class='ocrx_word' id='word_1_479' title='bbox 1814 1373 1900 1403; x_wconf 86' lang='lat' dir='ltr'>idem</span> <span class='ocrx_word' id='word_1_480' title='bbox 1920 1374 2022 1404; x_wconf 84' lang='lat' dir='ltr'>abbas</span> <span class='ocrx_word' id='word_1_481' title='bbox 2043 1383 2115 1405; x_wconf 90' lang='lat' dir='ltr'>eam</span> <span class='ocrx_word' id='word_1_482' title='bbox 2134 1377 2289 1414; x_wconf 86' lang='lat' dir='ltr'>reputans</span> <span class='ocrx_word' id='word_1_483' title='bbox 2308 1378 2352 1406; x_wconf 93' lang='lat' dir='ltr'>ni-</span> 
     </span>
     <span class='ocr_line' id='line_1_72' title="bbox 1344 1425 2351 1467; baseline 0.004 -13"><span class='ocrx_word' id='word_1_484' title='bbox 1344 1425 1407 1454; x_wconf 88' lang='lat' dir='ltr'>mis</span> <span class='ocrx_word' id='word_1_485' title='bbox 1424 1427 1714 1464; x_wconf 57' lang='lat' dir='ltr'>gravenupropter</span> <span class='ocrx_word' id='word_1_486' title='bbox 1738 1426 1798 1456; x_wconf 83' lang='lat' dir='ltr'>hoc</span> <span class='ocrx_word' id='word_1_487' title='bbox 1821 1427 1862 1456; x_wconf 85' lang='lat' dir='ltr'>ad</span> <span class='ocrx_word' id='word_1_488' title='bbox 1879 1427 1991 1457; x_wconf 82' lang='lat' dir='ltr'>sedem</span> <span class='ocrx_word' id='word_1_489' title='bbox 2009 1428 2223 1466; x_wconf 87' lang='lat' dir='ltr'>apostolicam</span> <span class='ocrx_word' id='word_1_490' title='bbox 2242 1429 2351 1467; x_wconf 85' lang='lat' dir='ltr'>appel-</span> 
     </span>
     <span class='ocr_line' id='line_1_73' title="bbox 1343 1478 2353 1513; baseline 0.004 -6"><span class='ocrx_word' id='word_1_491' title='bbox 1343 1478 1435 1513; x_wconf 79' lang='lat' dir='ltr'>lavit,</span> <span class='ocrx_word' id='word_1_492' title='bbox 1454 1480 1484 1508; x_wconf 90' lang='lat' dir='ltr'>et</span> <span class='ocrx_word' id='word_1_493' title='bbox 1506 1479 1641 1508; x_wconf 84' lang='lat' dir='ltr'>demum</span> <span class='ocrx_word' id='word_1_494' title='bbox 1665 1479 1773 1509; x_wconf 87' lang='lat' dir='ltr'>dictus</span> <span class='ocrx_word' id='word_1_495' title='bbox 1797 1479 1913 1513; x_wconf 87' lang='lat' dir='ltr'>abbas,</span> <span class='ocrx_word' id='word_1_496' title='bbox 1934 1481 1964 1509; x_wconf 88' lang='lat' dir='ltr'>et</span> <span class='ocrx_word' id='word_1_497' title='bbox 1980 1480 2121 1510; x_wconf 79' lang='lat' dir='ltr'>dilectus</span> <span class='ocrx_word' id='word_1_498' title='bbox 2140 1481 2229 1511; x_wconf 66' lang='lat' dir='ltr'>tilius</span> <span class='ocrx_word' id='word_1_499' title='bbox 2248 1505 2268 1511; x_wconf 91' lang='lat'>..</span> <span class='ocrx_word' id='word_1_500' title='bbox 2285 1491 2353 1511; x_wconf 89' lang='lat' dir='ltr'>ma-</span> 
     </span>
     <span class='ocr_line' id='line_1_74' title="bbox 1343 1532 2352 1573; baseline 0.001 -12"><span class='ocrx_word' id='word_1_501' title='bbox 1343 1532 1445 1570; x_wconf 81' lang='lat' dir='ltr'>gister</span> <span class='ocrx_word' id='word_1_502' title='bbox 1483 1532 1649 1562; x_wconf 87' lang='lat' dir='ltr'>scolarum</span> <span class='ocrx_word' id='word_1_503' title='bbox 1693 1533 1972 1569; x_wconf 83' lang='lat' dir='ltr'>Cenomanensis,</span> <span class='ocrx_word' id='word_1_504' title='bbox 2012 1536 2205 1572; x_wconf 82' lang='lat' dir='ltr'>procurator</span> <span class='ocrx_word' id='word_1_505' title='bbox 2248 1535 2352 1573; x_wconf 62' lang='lat' dir='ltr'>ipsius</span> 
     </span>
     <span class='ocr_line' id='line_1_75' title="bbox 1343 1585 2351 1626; baseline 0.002 -11"><span class='ocrx_word' id='word_1_506' title='bbox 1343 1585 1502 1624; x_wconf 81' lang='lat' dir='ltr'>episcopi,</span> <span class='ocrx_word' id='word_1_507' title='bbox 1517 1586 1603 1623; x_wconf 87' lang='lat' dir='ltr'>apud</span> <span class='ocrx_word' id='word_1_508' title='bbox 1625 1586 1737 1615; x_wconf 83' lang='lat' dir='ltr'>sedem</span> <span class='ocrx_word' id='word_1_509' title='bbox 1754 1586 1926 1616; x_wconf 86' lang='lat' dir='ltr'>constituti</span> <span class='ocrx_word' id='word_1_510' title='bbox 1945 1587 2138 1624; x_wconf 84' lang='lat' dir='ltr'>predictam,</span> <span class='ocrx_word' id='word_1_511' title='bbox 2156 1588 2351 1626; x_wconf 87' lang='lat' dir='ltr'>compromi-</span> 
     </span>
    </p>
   </div>
   <div class='ocr_carea' id='block_1_23' title="bbox 1342 1691 2353 1836">
    <p class='ocr_par' dir='ltr' id='par_1_23' title="bbox 1342 1691 2353 1836">
     <span class='ocr_line' id='line_1_76' title="bbox 1342 1691 2350 1731; baseline 0.004 -11"><span class='ocrx_word' id='word_1_512' title='bbox 1342 1692 1411 1721; x_wconf 89' lang='lat' dir='ltr'>tum</span> <span class='ocrx_word' id='word_1_513' title='bbox 1430 1691 1537 1720; x_wconf 87' lang='lat' dir='ltr'>filium</span> <span class='ocrx_word' id='word_1_514' title='bbox 1560 1693 1709 1721; x_wconf 84' lang='lat' dir='ltr'>nostrum</span> <span class='ocrx_word' id='word_1_515' title='bbox 1730 1691 1786 1727; x_wconf 88' lang='lat' dir='ltr'>H.,</span> <span class='ocrx_word' id='word_1_516' title='bbox 1807 1692 1895 1721; x_wconf 87' lang='lat' dir='ltr'>tituli</span> <span class='ocrx_word' id='word_1_517' title='bbox 1917 1693 2027 1722; x_wconf 66' lang='lat' dir='ltr'>sancte</span> <span class='ocrx_word' id='word_1_518' title='bbox 2051 1693 2172 1723; x_wconf 67' lang='lat' dir='ltr'>Sabine</span> <span class='ocrx_word' id='word_1_519' title='bbox 2192 1693 2350 1731; x_wconf 88' lang='lat' dir='ltr'>presbite-</span> 
     </span>
     <span class='ocr_line' id='line_1_77' title="bbox 1343 1744 2350 1782; baseline 0.002 -9"><span class='ocrx_word' id='word_1_520' title='bbox 1343 1753 1416 1773; x_wconf 86' lang='lat' dir='ltr'>rum</span> <span class='ocrx_word' id='word_1_521' title='bbox 1442 1744 1655 1779; x_wconf 83' lang='lat' dir='ltr'>cardinalem,</span> <span class='ocrx_word' id='word_1_522' title='bbox 1673 1745 1829 1782; x_wconf 85' lang='lat' dir='ltr'>tanquam</span> <span class='ocrx_word' id='word_1_523' title='bbox 1858 1745 1891 1774; x_wconf 89' lang='lat' dir='ltr'>in</span> <span class='ocrx_word' id='word_1_524' title='bbox 1919 1745 2092 1780; x_wconf 85' lang='lat' dir='ltr'>arbitrum,</span> <span class='ocrx_word' id='word_1_525' title='bbox 2122 1746 2350 1776; x_wconf 86' lang='lat' dir='ltr'>arbitratorem</span> 
     </span>
     <span class='ocr_line' id='line_1_78' title="bbox 1342 1797 2353 1836; baseline 0.002 -9"><span class='ocrx_word' id='word_1_526' title='bbox 1342 1805 1401 1827; x_wconf 89' lang='lat' dir='ltr'>seu</span> <span class='ocrx_word' id='word_1_527' title='bbox 1428 1797 1635 1826; x_wconf 81' lang='lat' dir='ltr'>amicabilem</span> <span class='ocrx_word' id='word_1_528' title='bbox 1661 1797 1928 1835; x_wconf 86' lang='lat' dir='ltr'>compositorem,</span> <span class='ocrx_word' id='word_1_529' title='bbox 1952 1799 1982 1827; x_wconf 88' lang='lat' dir='ltr'>et</span> <span class='ocrx_word' id='word_1_530' title='bbox 2000 1799 2223 1836; x_wconf 86' lang='lat' dir='ltr'>promiserunt</span> <span class='ocrx_word' id='word_1_531' title='bbox 2246 1800 2353 1829; x_wconf 78' lang='lat' dir='ltr'>dietus</span> 
     </span>
    </p>
   </div>
   <div class='ocr_carea' id='block_1_24' title="bbox 1342 1850 2351 1891">
    <p class='ocr_par' dir='ltr' id='par_1_24' title="bbox 1342 1850 2351 1891">
     <span class='ocr_line' id='line_1_79' title="bbox 1342 1850 2351 1891; baseline 0.002 -12"><span class='ocrx_word' id='word_1_532' title='bbox 1342 1850 1444 1880; x_wconf 87' lang='lat' dir='ltr'>abbas</span> <span class='ocrx_word' id='word_1_533' title='bbox 1459 1859 1517 1888; x_wconf 89' lang='lat' dir='ltr'>pro</span> <span class='ocrx_word' id='word_1_534' title='bbox 1532 1858 1578 1884; x_wconf 85' lang='lat' dir='ltr'>se,</span> <span class='ocrx_word' id='word_1_535' title='bbox 1595 1858 1631 1879; x_wconf 87' lang='lat' dir='ltr'>ac</span> <span class='ocrx_word' id='word_1_536' title='bbox 1648 1850 1735 1880; x_wconf 85' lang='lat' dir='ltr'>idem</span> <span class='ocrx_word' id='word_1_537' title='bbox 1748 1851 1940 1888; x_wconf 87' lang='lat' dir='ltr'>procurator</span> <span class='ocrx_word' id='word_1_538' title='bbox 1954 1851 2086 1880; x_wconf 88' lang='lat' dir='ltr'>nomine</span> <span class='ocrx_word' id='word_1_539' title='bbox 2101 1851 2179 1881; x_wconf 87' lang='lat' dir='ltr'>dicti</span> <span class='ocrx_word' id='word_1_540' title='bbox 2194 1852 2351 1891; x_wconf 80' lang='lat' dir='ltr'>episcopi,</span> 
     </span>
    </p>
   </div>
   <div class='ocr_carea' id='block_1_25' title="bbox 1341 1955 2354 1996">
    <p class='ocr_par' dir='ltr' id='par_1_25' title="bbox 1341 1955 2354 1996">
     <span class='ocr_line' id='line_1_80' title="bbox 1341 1955 2354 1996; baseline 0.002 -11"><span class='ocrx_word' id='word_1_541' title='bbox 1341 1958 1407 1985; x_wconf 88' lang='lat' dir='ltr'>tam</span> <span class='ocrx_word' id='word_1_542' title='bbox 1424 1964 1523 1994; x_wconf 87' lang='lat' dir='ltr'>super</span> <span class='ocrx_word' id='word_1_543' title='bbox 1538 1955 1709 1985; x_wconf 86' lang='lat' dir='ltr'>occasione</span> <span class='ocrx_word' id='word_1_544' title='bbox 1722 1956 1925 1994; x_wconf 88' lang='lat' dir='ltr'>hujusmodi,</span> <span class='ocrx_word' id='word_1_545' title='bbox 1938 1964 2037 1994; x_wconf 87' lang='lat' dir='ltr'>quam</span> <span class='ocrx_word' id='word_1_546' title='bbox 2051 1965 2150 1994; x_wconf 85' lang='lat' dir='ltr'>super</span> <span class='ocrx_word' id='word_1_547' title='bbox 2163 1957 2354 1996; x_wconf 88' lang='lat' dir='ltr'>provisione</span> 
     </span>
    </p>
   </div>
   <div class='ocr_carea' id='block_1_26' title="bbox 1342 2167 2353 2206">
    <p class='ocr_par' dir='ltr' id='par_1_26' title="bbox 1342 2167 2353 2206">
     <span class='ocr_line' id='line_1_81' title="bbox 1342 2167 2353 2206; baseline 0 -9"><span class='ocrx_word' id='word_1_548' title='bbox 1342 2168 1445 2205; x_wconf 84' lang='lat' dir='ltr'>cepto,</span> <span class='ocrx_word' id='word_1_549' title='bbox 1461 2168 1491 2197; x_wconf 89' lang='lat' dir='ltr'>et</span> <span class='ocrx_word' id='word_1_550' title='bbox 1506 2167 1697 2196; x_wconf 75' lang='lat' dir='ltr'>auctoritate</span> <span class='ocrx_word' id='word_1_551' title='bbox 1713 2167 1823 2196; x_wconf 73' lang='lat' dir='ltr'>nostra</span> <span class='ocrx_word' id='word_1_552' title='bbox 1839 2175 1940 2205; x_wconf 87' lang='lat' dir='ltr'>super</span> <span class='ocrx_word' id='word_1_553' title='bbox 1955 2167 2019 2196; x_wconf 83' lang='lat' dir='ltr'>biis</span> <span class='ocrx_word' id='word_1_554' title='bbox 2035 2168 2065 2196; x_wconf 86' lang='lat' dir='ltr'>et</span> <span class='ocrx_word' id='word_1_555' title='bbox 2080 2167 2155 2196; x_wconf 81' lang='lat' dir='ltr'>aliis</span> <span class='ocrx_word' id='word_1_556' title='bbox 2172 2168 2353 2206; x_wconf 86' lang='lat' dir='ltr'>predictum</span> 
     </span>
    </p>
   </div>
   <div class='ocr_carea' id='block_1_27' title="bbox 1309 2219 2353 2261">
    <p class='ocr_par' dir='ltr' id='par_1_27' title="bbox 1309 2219 2353 2261">
     <span class='ocr_line' id='line_1_82' title="bbox 1309 2219 2353 2261; baseline 0 -10"><span class='ocrx_word' id='word_1_557' title='bbox 1309 2219 1310 2225; x_wconf 53' lang='lat'>¹</span> <span class='ocrx_word' id='word_1_558' title='bbox 1343 2221 1510 2259; x_wconf 82' lang='lat' dir='ltr'>negotium</span> <span class='ocrx_word' id='word_1_559' title='bbox 1527 2221 1805 2259; x_wconf 74' lang='lat' dir='ltr'>contingentibus,</span> <span class='ocrx_word' id='word_1_560' title='bbox 1826 2221 1857 2251; x_wconf 87' lang='lat' dir='ltr'>ei</span> <span class='ocrx_word' id='word_1_561' title='bbox 1872 2230 1930 2259; x_wconf 88' lang='lat' dir='ltr'>per</span> <span class='ocrx_word' id='word_1_562' title='bbox 1945 2221 2100 2251; x_wconf 86' lang='lat' dir='ltr'>dilectum</span> <span class='ocrx_word' id='word_1_563' title='bbox 2115 2221 2221 2251; x_wconf 88' lang='lat' dir='ltr'>tilium</span> <span class='ocrx_word' id='word_1_564' title='bbox 2232 2222 2353 2261; x_wconf 72' lang='lat' dir='ltr'>magis-</span> 
     </span>
    </p>
   </div>
   <div class='ocr_carea' id='block_1_28' title="bbox 1340 2273 2354 2311">
    <p class='ocr_par' dir='ltr' id='par_1_28' title="bbox 1340 2273 2354 2311">
     <span class='ocr_line' id='line_1_83' title="bbox 1340 2273 2354 2311; baseline -0.001 -7"><span class='ocrx_word' id='word_1_565' title='bbox 1340 2275 1428 2304; x_wconf 89' lang='lat' dir='ltr'>trum</span> <span class='ocrx_word' id='word_1_566' title='bbox 1446 2274 1625 2304; x_wconf 87' lang='lat' dir='ltr'>Berardum</span> <span class='ocrx_word' id='word_1_567' title='bbox 1649 2274 1688 2303; x_wconf 89' lang='lat' dir='ltr'>de</span> <span class='ocrx_word' id='word_1_568' title='bbox 1714 2273 1864 2311; x_wconf 78' lang='lat' dir='ltr'>Neapoli,</span> <span class='ocrx_word' id='word_1_569' title='bbox 1878 2273 2120 2303; x_wconf 86' lang='lat' dir='ltr'>subdiaconum</span> <span class='ocrx_word' id='word_1_570' title='bbox 2138 2275 2169 2303; x_wconf 86' lang='lat' dir='ltr'>et</span> <span class='ocrx_word' id='word_1_571' title='bbox 2190 2274 2354 2304; x_wconf 88' lang='lat' dir='ltr'>notarium</span> 
     </span>
    </p>
   </div>
   <div class='ocr_carea' id='block_1_29' title="bbox 1309 2325 2354 2417">
    <p class='ocr_par' dir='ltr' id='par_1_29' title="bbox 1309 2325 2354 2417">
     <span class='ocr_line' id='line_1_84' title="bbox 1309 2325 2354 2368; baseline -0.001 -11"><span class='ocrx_word' id='word_1_572' title='bbox 1309 2364 1310 2368; x_wconf 13' lang='grc' dir='ltr'><strong>Ἰ</strong></span> <span class='ocrx_word' id='word_1_573' title='bbox 1343 2328 1504 2361; x_wconf 85' lang='lat' dir='ltr'>nostrum,</span> <span class='ocrx_word' id='word_1_574' title='bbox 1516 2326 1705 2361; x_wconf 87' lang='lat' dir='ltr'>commissa,</span> <span class='ocrx_word' id='word_1_575' title='bbox 1726 2325 1838 2356; x_wconf 88' lang='lat' dir='ltr'>habita</span> <span class='ocrx_word' id='word_1_576' title='bbox 1851 2335 1982 2364; x_wconf 86' lang='lat' dir='ltr'>quoque</span> <span class='ocrx_word' id='word_1_577' title='bbox 1999 2326 2097 2365; x_wconf 90' lang='lat' dir='ltr'>plena</span> <span class='ocrx_word' id='word_1_578' title='bbox 2115 2326 2354 2356; x_wconf 81' lang='lat' dir='ltr'>deliberatione</span> 
     </span>
     <span class='ocr_line' id='line_1_85' title="bbox 1309 2373 2353 2417; baseline -0.002 -8"><span class='ocrx_word' id='word_1_579' title='bbox 1309 2373 1310 2384; x_wconf 60' lang='lat'>¹</span> <span class='ocrx_word' id='word_1_580' title='bbox 1343 2380 1428 2410; x_wconf 88' lang='lat' dir='ltr'>circa</span> <span class='ocrx_word' id='word_1_581' title='bbox 1439 2379 1546 2417; x_wconf 89' lang='lat' dir='ltr'>ipsius</span> <span class='ocrx_word' id='word_1_582' title='bbox 1561 2379 1683 2417; x_wconf 80' lang='lat' dir='ltr'>negotii</span> <span class='ocrx_word' id='word_1_583' title='bbox 1697 2378 1902 2416; x_wconf 83' lang='lat' dir='ltr'>qualitatem,</span> <span class='ocrx_word' id='word_1_584' title='bbox 1917 2387 2033 2408; x_wconf 88' lang='lat' dir='ltr'>omnes</span> <span class='ocrx_word' id='word_1_585' title='bbox 2045 2379 2225 2408; x_wconf 83' lang='lat' dir='ltr'>sententias</span> <span class='ocrx_word' id='word_1_586' title='bbox 2239 2388 2256 2408; x_wconf 88' lang='lat' dir='ltr'>a</span> <span class='ocrx_word' id='word_1_587' title='bbox 2269 2379 2353 2409; x_wconf 78' lang='lat' dir='ltr'>dicto</span> 
     </span>
    </p>
   </div>
   <div class='ocr_carea' id='block_1_30' title="bbox 1341 2431 2354 2524">
    <p class='ocr_par' dir='ltr' id='par_1_30' title="bbox 1341 2431 2354 2524">
     <span class='ocr_line' id='line_1_86' title="bbox 1342 2431 2354 2471; baseline -0.002 -8"><span class='ocrx_word' id='word_1_588' title='bbox 1342 2433 1497 2471; x_wconf 88' lang='lat' dir='ltr'>episcopo</span> <span class='ocrx_word' id='word_1_589' title='bbox 1516 2432 1629 2462; x_wconf 86' lang='lat' dir='ltr'>contra</span> <span class='ocrx_word' id='word_1_590' title='bbox 1645 2432 1863 2461; x_wconf 87' lang='lat' dir='ltr'>memoratum</span> <span class='ocrx_word' id='word_1_591' title='bbox 1882 2431 2034 2461; x_wconf 86' lang='lat' dir='ltr'>abbatem</span> <span class='ocrx_word' id='word_1_592' title='bbox 2053 2431 2225 2461; x_wconf 88' lang='lat' dir='ltr'>occasione</span> <span class='ocrx_word' id='word_1_593' title='bbox 2242 2431 2354 2470; x_wconf 82' lang='lat' dir='ltr'>liujus-</span> 
     </span>
     <span class='ocr_line' id='line_1_87' title="bbox 1341 2484 2353 2524; baseline -0.001 -9"><span class='ocrx_word' id='word_1_594' title='bbox 1341 2486 1432 2515; x_wconf 88' lang='lat' dir='ltr'>modi</span> <span class='ocrx_word' id='word_1_595' title='bbox 1449 2485 1571 2523; x_wconf 81' lang='lat' dir='ltr'>negotii</span> <span class='ocrx_word' id='word_1_596' title='bbox 1589 2484 1813 2524; x_wconf 80' lang='lat' dir='ltr'>promulgatas</span> <span class='ocrx_word' id='word_1_597' title='bbox 1829 2484 1860 2513; x_wconf 88' lang='lat' dir='ltr'>et</span> <span class='ocrx_word' id='word_1_598' title='bbox 1874 2484 2056 2522; x_wconf 85' lang='lat' dir='ltr'>predictum</span> <span class='ocrx_word' id='word_1_599' title='bbox 2070 2485 2297 2521; x_wconf 72' lang='lat' dir='ltr'>Juramentum</span> <span class='ocrx_word' id='word_1_600' title='bbox 2313 2485 2353 2514; x_wconf 85' lang='lat' dir='ltr'>ab</span> 
     </span>
    </p>
   </div>
   <div class='ocr_carea' id='block_1_31' title="bbox 1309 2537 2354 2629">
    <p class='ocr_par' dir='ltr' id='par_1_31' title="bbox 1309 2537 2354 2629">
     <span class='ocr_line' id='line_1_88' title="bbox 1309 2537 2353 2577; baseline -0.003 -7"><span class='ocrx_word' id='word_1_601' title='bbox 1309 2539 1310 2570; x_wconf 64' lang='grc' dir='ltr'><strong>ἶ</strong></span> <span class='ocrx_word' id='word_1_602' title='bbox 1341 2538 1413 2577; x_wconf 80' lang='lat' dir='ltr'>ipso</span> <span class='ocrx_word' id='word_1_603' title='bbox 1432 2538 1549 2568; x_wconf 88' lang='lat' dir='ltr'>abbate</span> <span class='ocrx_word' id='word_1_604' title='bbox 1568 2537 1741 2576; x_wconf 85' lang='lat' dir='ltr'>prestitum</span> <span class='ocrx_word' id='word_1_605' title='bbox 1764 2537 1803 2566; x_wconf 88' lang='lat' dir='ltr'>de</span> <span class='ocrx_word' id='word_1_606' title='bbox 1826 2545 1990 2566; x_wconf 86' lang='lat' dir='ltr'>consensu</span> <span class='ocrx_word' id='word_1_607' title='bbox 2013 2537 2157 2574; x_wconf 90' lang='lat' dir='ltr'>partium</span> <span class='ocrx_word' id='word_1_608' title='bbox 2181 2537 2353 2573; x_wconf 80' lang='lat' dir='ltr'>relaxavit,</span> 
     </span>
     <span class='ocr_line' id='line_1_89' title="bbox 1309 2589 2354 2629; baseline -0.002 -8"><span class='ocrx_word' id='word_1_609' title='bbox 1309 2597 1310 2602; x_wconf 61' lang='lat'>¹</span> <span class='ocrx_word' id='word_1_610' title='bbox 1341 2592 1371 2621; x_wconf 89' lang='lat' dir='ltr'>et</span> <span class='ocrx_word' id='word_1_611' title='bbox 1385 2591 1500 2620; x_wconf 86' lang='lat' dir='ltr'>statuit</span> <span class='ocrx_word' id='word_1_612' title='bbox 1520 2591 1666 2629; x_wconf 86' lang='lat' dir='ltr'>insuper,</span> <span class='ocrx_word' id='word_1_613' title='bbox 1686 2589 1852 2619; x_wconf 86' lang='lat' dir='ltr'>ordinavit</span> <span class='ocrx_word' id='word_1_614' title='bbox 1867 2590 1898 2619; x_wconf 89' lang='lat' dir='ltr'>et</span> <span class='ocrx_word' id='word_1_615' title='bbox 1916 2589 2087 2619; x_wconf 80' lang='lat' dir='ltr'>mandavit</span> <span class='ocrx_word' id='word_1_616' title='bbox 2101 2589 2189 2627; x_wconf 90' lang='lat' dir='ltr'>quod</span> <span class='ocrx_word' id='word_1_617' title='bbox 2205 2589 2354 2628; x_wconf 81' lang='lat' dir='ltr'>prefatus</span> 
     </span>
    </p>
   </div>
   <div class='ocr_carea' id='block_1_32' title="bbox 1341 2642 2351 2682">
    <p class='ocr_par' dir='ltr' id='par_1_32' title="bbox 1341 2642 2351 2682">
     <span class='ocr_line' id='line_1_90' title="bbox 1341 2642 2351 2682; baseline -0.001 -8"><span class='ocrx_word' id='word_1_618' title='bbox 1341 2644 1443 2674; x_wconf 88' lang='lat' dir='ltr'>abbas</span> <span class='ocrx_word' id='word_1_619' title='bbox 1459 2645 1582 2682; x_wconf 89' lang='lat' dir='ltr'>posset,</span> <span class='ocrx_word' id='word_1_620' title='bbox 1596 2644 1625 2673; x_wconf 87' lang='lat' dir='ltr'>si</span> <span class='ocrx_word' id='word_1_621' title='bbox 1641 2643 1751 2676; x_wconf 85' lang='lat' dir='ltr'>vellet,</span> <span class='ocrx_word' id='word_1_622' title='bbox 1764 2651 1868 2680; x_wconf 82' lang='lat' dir='ltr'>usque</span> <span class='ocrx_word' id='word_1_623' title='bbox 1883 2642 1925 2672; x_wconf 90' lang='lat' dir='ltr'>ad</span> <span class='ocrx_word' id='word_1_624' title='bbox 1940 2650 2088 2672; x_wconf 88' lang='lat' dir='ltr'>mensem</span> <span class='ocrx_word' id='word_1_625' title='bbox 2105 2643 2351 2681; x_wconf 88' lang='lat' dir='ltr'>conputandum</span> 
     </span>
    </p>
   </div>
   <div class='ocr_carea' id='block_1_33' title="bbox 264 2695 2349 2764">
    <p class='ocr_par' dir='ltr' id='par_1_33' title="bbox 264 2695 2349 2764">
     <span class='ocr_line' id='line_1_91' title="bbox 264 2695 2349 2764; baseline 0 -38"><span class='ocrx_word' id='word_1_626' title='bbox 264 2728 437 2755; x_wconf 74' lang='lat' dir='ltr'>auctoritate</span> <span class='ocrx_word' id='word_1_627' title='bbox 453 2727 610 2761; x_wconf 80' lang='lat' dir='ltr'>apostolica</span> <span class='ocrx_word' id='word_1_628' title='bbox 627 2735 761 2753; x_wconf 61' lang='lat' dir='ltr'>concessa</span> <span class='ocrx_word' id='word_1_629' title='bbox 784 2728 894 2761; x_wconf 64' lang='lat' dir='ltr'>possint</span> <span class='ocrx_word' id='word_1_630' title='bbox 910 2735 959 2761; x_wconf 82' lang='lat' dir='ltr'>per</span> <span class='ocrx_word' id='word_1_631' title='bbox 975 2736 1111 2761; x_wconf 71' lang='lat' dir='ltr'>personas</span> <span class='ocrx_word' id='word_1_632' title='bbox 1131 2729 1279 2764; x_wconf 69' lang='lat' dir='ltr'>religiosas</span> <span class='ocrx_word' id='word_1_633' title='bbox 1309 2720 1310 2739; x_wconf 31' lang='grc' dir='ltr'><strong>ἱ</strong></span> <span class='ocrx_word' id='word_1_634' title='bbox 1341 2706 1359 2727; x_wconf 88' lang='lat' dir='ltr'>a</span> <span class='ocrx_word' id='word_1_635' title='bbox 1375 2697 1520 2727; x_wconf 86' lang='lat' dir='ltr'>secundo</span> <span class='ocrx_word' id='word_1_636' title='bbox 1538 2696 1590 2726; x_wconf 85' lang='lat' dir='ltr'>die</span> <span class='ocrx_word' id='word_1_637' title='bbox 1608 2697 1783 2734; x_wconf 80' lang='lat' dir='ltr'>postquam</span> <span class='ocrx_word' id='word_1_638' title='bbox 1801 2695 1936 2725; x_wconf 86' lang='lat' dir='ltr'>intraret</span> <span class='ocrx_word' id='word_1_639' title='bbox 1954 2695 2080 2725; x_wconf 88' lang='lat' dir='ltr'>dictum</span> <span class='ocrx_word' id='word_1_640' title='bbox 2098 2696 2349 2731; x_wconf 90' lang='lat' dir='ltr'>monasterium,</span> 
     </span>
     <span class='ocr_line' id='line_1_92' title="bbox 732 2748 1310 2759; baseline 0.009 -6"><span class='ocrx_word' id='word_1_641' title='bbox 732 2748 740 2753; x_wconf 34' lang='lat' dir='ltr'>i</span> <span class='ocrx_word' id='word_1_642' title='bbox 766 2748 772 2759; x_wconf 89' lang='lat'>‚</span> <span class='ocrx_word' id='word_1_643' title='bbox 820 2748 829 2753; x_wconf 25' lang='grc' dir='ltr'>μ</span> <span class='ocrx_word' id='word_1_644' title='bbox 1029 2749 1032 2753; x_wconf 80' lang='grc'><em>.</em></span> <span class='ocrx_word' id='word_1_645' title='bbox 1309 2749 1310 2758; x_wconf 59' lang='grc'>,</span> 
     </span>
    </p>
   </div>
   <div class='ocr_carea' id='block_1_34' title="bbox 1340 2748 2352 2998">
    <p class='ocr_par' dir='ltr' id='par_1_34' title="bbox 1340 2748 2352 2998">
     <span class='ocr_line' id='line_1_93' title="bbox 1340 2748 2351 2789; baseline -0.001 -9"><span class='ocrx_word' id='word_1_646' title='bbox 1340 2750 1429 2789; x_wconf 86' lang='lat' dir='ltr'>quod</span> <span class='ocrx_word' id='word_1_647' title='bbox 1446 2750 1568 2780; x_wconf 87' lang='lat' dir='ltr'>intrare</span> <span class='ocrx_word' id='word_1_648' title='bbox 1586 2749 1695 2788; x_wconf 89' lang='lat' dir='ltr'>ipsum</span> <span class='ocrx_word' id='word_1_649' title='bbox 1712 2749 1816 2778; x_wconf 72' lang='lat' dir='ltr'>teneri</span> <span class='ocrx_word' id='word_1_650' title='bbox 1830 2748 1945 2783; x_wconf 83' lang='lat' dir='ltr'>voluit,</span> <span class='ocrx_word' id='word_1_651' title='bbox 1965 2748 2131 2787; x_wconf 87' lang='lat' dir='ltr'>quamcito</span> <span class='ocrx_word' id='word_1_652' title='bbox 2148 2748 2219 2778; x_wconf 89' lang='lat' dir='ltr'>sine</span> <span class='ocrx_word' id='word_1_653' title='bbox 2236 2749 2351 2779; x_wconf 77' lang='lat' dir='ltr'>fraude</span> 
     </span>
     <span class='ocr_line' id='line_1_94' title="bbox 1340 2800 2350 2840; baseline -0.002 -6"><span class='ocrx_word' id='word_1_654' title='bbox 1340 2804 1371 2834; x_wconf 84' lang='lat' dir='ltr'>et</span> <span class='ocrx_word' id='word_1_655' title='bbox 1395 2803 1470 2833; x_wconf 91' lang='lat' dir='ltr'>dolo</span> <span class='ocrx_word' id='word_1_656' title='bbox 1495 2802 1632 2832; x_wconf 88' lang='lat' dir='ltr'>comode</span> <span class='ocrx_word' id='word_1_657' title='bbox 1657 2802 1768 2840; x_wconf 86' lang='lat' dir='ltr'>posset</span> <span class='ocrx_word' id='word_1_658' title='bbox 1792 2800 1827 2830; x_wconf 86' lang='lat' dir='ltr'>in</span> <span class='ocrx_word' id='word_1_659' title='bbox 1851 2801 2010 2838; x_wconf 76' lang='lat' dir='ltr'>regimine</span> <span class='ocrx_word' id='word_1_660' title='bbox 2032 2801 2139 2840; x_wconf 84' lang='lat' dir='ltr'>ipsius</span> <span class='ocrx_word' id='word_1_661' title='bbox 2159 2803 2350 2832; x_wconf 85' lang='lat' dir='ltr'>monasterii</span> 
     </span>
     <span class='ocr_line' id='line_1_95' title="bbox 1342 2853 2352 2889; baseline -0.001 -3"><span class='ocrx_word' id='word_1_662' title='bbox 1342 2864 1524 2889; x_wconf 88' lang='lat' dir='ltr'>remanere,</span> <span class='ocrx_word' id='word_1_663' title='bbox 1541 2856 1572 2885; x_wconf 89' lang='lat' dir='ltr'>et</span> <span class='ocrx_word' id='word_1_664' title='bbox 1588 2854 1711 2888; x_wconf 89' lang='lat' dir='ltr'>statim,</span> <span class='ocrx_word' id='word_1_665' title='bbox 1729 2853 1845 2884; x_wconf 88' lang='lat' dir='ltr'>eodem</span> <span class='ocrx_word' id='word_1_666' title='bbox 1864 2862 1976 2884; x_wconf 83' lang='lat' dir='ltr'>mense</span> <span class='ocrx_word' id='word_1_667' title='bbox 1994 2854 2101 2889; x_wconf 86' lang='lat' dir='ltr'>finito,</span> <span class='ocrx_word' id='word_1_668' title='bbox 2120 2854 2228 2884; x_wconf 88' lang='lat' dir='ltr'>dictus</span> <span class='ocrx_word' id='word_1_669' title='bbox 2249 2854 2352 2885; x_wconf 83' lang='lat' dir='ltr'>abbas</span> 
     </span>
     <span class='ocr_line' id='line_1_96' title="bbox 1340 2906 2351 2947; baseline -0.001 -8"><span class='ocrx_word' id='word_1_670' title='bbox 1340 2909 1448 2939; x_wconf 90' lang='lat' dir='ltr'>eidem</span> <span class='ocrx_word' id='word_1_671' title='bbox 1465 2907 1618 2947; x_wconf 85' lang='lat' dir='ltr'>regimini</span> <span class='ocrx_word' id='word_1_672' title='bbox 1627 2908 1721 2946; x_wconf 86' lang='lat' dir='ltr'>juxta</span> <span class='ocrx_word' id='word_1_673' title='bbox 1734 2906 1937 2937; x_wconf 85' lang='lat' dir='ltr'>voluntatem</span> <span class='ocrx_word' id='word_1_674' title='bbox 1948 2907 2066 2945; x_wconf 85' lang='lat' dir='ltr'>prefati</span> <span class='ocrx_word' id='word_1_675' title='bbox 2078 2907 2225 2946; x_wconf 89' lang='lat' dir='ltr'>episcopi</span> <span class='ocrx_word' id='word_1_676' title='bbox 2238 2907 2351 2938; x_wconf 87' lang='lat' dir='ltr'>cedere</span> 
     </span>
     <span class='ocr_line' id='line_1_97' title="bbox 1342 2959 2352 2998; baseline -0.002 -6"><span class='ocrx_word' id='word_1_677' title='bbox 1342 2962 1518 2992; x_wconf 87' lang='lat' dir='ltr'>teneretur.</span> <span class='ocrx_word' id='word_1_678' title='bbox 1537 2960 1572 2992; x_wconf 82' lang='lat' dir='ltr'>Si</span> <span class='ocrx_word' id='word_1_679' title='bbox 1595 2969 1672 2990; x_wconf 85' lang='lat' dir='ltr'>vero</span> <span class='ocrx_word' id='word_1_680' title='bbox 1689 2960 1796 2989; x_wconf 87' lang='lat' dir='ltr'>(lictus</span> <span class='ocrx_word' id='word_1_681' title='bbox 1811 2959 1913 2990; x_wconf 88' lang='lat' dir='ltr'>abbas</span> <span class='ocrx_word' id='word_1_682' title='bbox 1931 2960 2156 2998; x_wconf 81' lang='lat' dir='ltr'>transgressor</span> <span class='ocrx_word' id='word_1_683' title='bbox 2171 2960 2352 2990; x_wconf 77' lang='lat' dir='ltr'>voluntat-is</span> 
     </span>
    </p>
   </div>
  </div>
 </body>
</html>
