2547 3289
329 268 390 297 478

330 359 345 379 »
363 348 497 387 Georgii
517 347 557 376 ad
574 345 695 376 Velum
712 346 862 375 Aureum
880 343 1012 373 diaconi
1029 342 1223 376 cardinalis,
1236 343 1339 382 parti-

330 413 344 431 »
363 401 425 432 bus
451 400 603 430 auditore
631 406 800 433 concesso,
828 396 984 435 proponit
1008 396 1131 426 Petrus
1159 395 1198 426 de
1226 396 1336 435 Hoyo,

329 466 344 484 ))
364 456 471 484 rector
489 453 627 483 ecclesie
641 451 680 481 de
698 449 946 485 Ambresineal,
967 448 1166 479 Leodiensis
1179 449 1337 483 diocesis,

329 518 343 537 »
364 509 478 537 contra
496 504 701 543 Stephanum
720 502 958 542 presbyterum
981 502 1019 532 de
1046 502 1198 538 Andana,
1223 502 1339 532 dicens

328 570 343 589 »
363 559 461 599 quod,
482 567 556 588 cum
586 558 624 587 de
651 557 737 587 dicta
756 555 899 586 ecclesia
923 564 998 585 cum
1015 554 1150 594 juribus
1180 556 1211 585 et
1238 555 1339 593 perti-

329 623 343 642 »
362 612 485 642 nentiis
506 611 577 641 suis
596 610 685 640 dicto
703 610 803 639 Petro
823 609 1020 639 auctoritate
1041 608 1229 647 apostolica
1246 617 1340 638 cano·

328 677 343 695 »
363 666 434 695 nice
446 664 489 695 sit
503 664 688 703 provisum,
701 663 812 692 dictus
823 663 937 692 tamen
947 661 1138 700 Stephanus
1149 661 1339 700 predictum

328 730 342 748 »
362 719 497 749 Petrum
517 726 618 756 super
642 715 860 756 possessione
884 715 1032 754 predicte
1051 714 1193 745 ecclesie
1209 715 1340 754 jurium

328 782 342 801 »
361 773 391 802 et
420 770 702 810 pertinentiarum
728 769 837 808 ipsius
866 768 1007 807 impedit
1033 769 1065 798 et
1093 768 1262 805 molestat,
1292 769 1340 799 ita

327 835 342 853 »
361 825 449 864 quod
468 833 533 854 non
548 825 657 862 potest
673 822 856 853 earundem
870 821 1009 860 pacifica
1025 821 1243 860 possessione
1263 831 1341 861 gau-

327 888 342 906 »
362 878 450 908 dere.
479 877 589 912 Quare
610 876 693 915 petit
718 875 828 905 dictus
846 875 969 904 Petrus
995 874 1184 913 predictum
1202 875 1340 913 Stepha-

328 941 343 960 »
363 939 442 960 num
460 939 478 960 3
495 929 646 968 predicta
662 927 899 959 molestatione
918 928 1086 966 compesci
1106 929 1136 958 et
1153 927 1341 966 predictam

329 995 343 1012 »
363 982 542 1014 ecclesiam
559 991 634 1012 cum
645 981 781 1021 Juribus
795 983 825 1011 et
840 981 1058 1019 pertinentiis
1071 981 1222 1019 predicto
1240 981 1340 1012 Petro

329 1047 344 1066 »
366 1036 561 1075 adjudicari,
591 1037 622 1065 et
645 1035 686 1065 ad
705 1035 849 1065 eundem
874 1034 914 1064 de
928 1034 1004 1073 jure
1022 1035 1174 1072 spectare
1192 1043 1251 1073 per
1270 1043 1341 1065 ves-

329 1100 343 1119 »
362 1092 448 1120 tram
466 1088 669 1120 sententiam
684 1088 861 1122 declarari,
880 1087 1071 1126 etpredicto
1085 1087 1253 1126 Stephano
1269 1097 1342 1127 per-

330 1154 344 1172 »
363 1145 502 1182 petuum
532 1142 708 1172 silentium
736 1141 864 1180 imponi
892 1149 993 1179 super
1022 1141 1111 1171 dicta
1139 1141 1283 1172 ecclesia
1310 1143 1342 1172 et

329 1196 578 1235 »pertinentiis
599 1195 682 1230 suis,
706 1203 782 1225 cum
806 1194 938 1224 nullum
966 1195 1021 1233 ι1113
1051 1194 1081 1224 01
1110 1196 1276 1234 competat
1307 1195 1342 1225 in

329 1260 344 1278 »
364 1250 503 1280 eisdem.
522 1249 609 1279 Petit
626 1248 728 1278 etiam
746 1248 859 1287 ipsum
876 1247 1116 1286 condempnari
1135 1248 1169 1277 in
1184 1248 1342 1287 dampnis

330 1315 344 1332 »
363 1305 394 1334 et
411 1303 571 1342 expensis
595 1305 625 1332 et
645 1302 823 1337 interesse,
841 1310 904 1340 que
926 1301 1040 1331 omnia
1064 1301 1098 1331 in
1114 1310 1278 1340 processu
1291 1302 1342 1341 ju-

330 1368 344 1386 »
364 1357 443 1387 dicii
465 1355 660 1386 declarabit.
679 1355 764 1385 Item
783 1354 941 1393 proponit
959 1354 1068 1384 dictus
1087 1355 1208 1385 Petrus
1226 1357 1342 1385 contra

331 1420 345 1438 »
364 1410 583 1448 prepositam,
613 1409 774 1438 decanam
802 1410 833 1438 et
858 1407 1044 1446 capitulum
1063 1408 1204 1438 ecclesie
1234 1408 1342 1438 Anda-

331 1474 345 1492 »
365 1463 480 1492 nensis
497 1461 724 1500 (11001131111011,
738 1470 814 1491 011111
830 1461 870 1490 de
887 1460 1031 1490 ecclesia
1047 1461 1087 1490 de
1104 1460 1341 1492 Ambresineal

330 1526 345 1544 »
364 1516 451 1546 dicto
470 1516 569 1545 Petro
589 1514 787 1544 auctoritate
815 1513 1001 1552 apostolica
1022 1514 1180 1544 canonice
1204 1515 1247 1545 sit
1266 1524 1342 1554 pro-

331 1580 345 1597 »
365 1569 486 1601 visum.
506 1568 648 1607 predicti
660 1567 843 1606 preposita,
855 1567 979 1597 decana
997 1569 1029 1598 et
1047 1567 1234 1606 capitulum
1251 1578 1341 1599 asse-

331 1633 345 1651 »
365 1624 476 1652 rentes
493 1622 526 1651 in
552 1621 639 1652 dicta
656 1620 799 1651 ecclesia
814 1621 866 1659 jus
885 1622 1084 1659 patronatus
1104 1621 1232 1652 eisdem
1254 1631 1341 1652 com-

331 1686 346 1704 »
365 1678 489 1714 petere,
519 1674 707 1713 predictum
725 1674 865 1704 Petrum
886 1682 988 1712 super
1011 1674 1229 1713 possessione
1255 1676 1342 1706 dicte

331 1739 346 1758 »
366 1728 506 1759 ecclesie
524 1727 713 1766 impediunt
732 1729 763 1758 et
785 1727 977 1757 molestant.
1001 1727 1112 1763 Quare
1130 1729 1213 1767 petit
1231 1728 1342 1759 dictus

331 1792 346 1811 »
367 1782 489 1812 Petrus
506 1781 675 1820 predictos
687 1781 906 1819 prepositam‚
927 1781 1089 1811 decanam
1109 1783 1140 1811 et
1155 1782 1342 1820 capitulum

331 1846 345 1863 ))
366 1844 383 1865 a
411 1835 560 1874 predicta
577 1834 767 1865 turbatione
786 1834 955 1873 compesci
975 1836 1005 1864 et
1030 1835 1217 1873 predictam
1239 1836 1342 1867 eccle-

332 1900 346 1917 »
367 1889 464 1924 siam,
477 1897 553 1918 cum
562 1887 697 1927 juribus
713 1889 743 1918 et
754 1887 969 1926 pertinentiis
983 1888 1066 1925 suis,
1079 1889 1229 1927 predicto
1241 1890 1341 1921 Petro

331 1952 346 1972 »
367 1942 563 1980 adjud1cari,
592 1944 623 1972 et
649 1941 789 1971 eandem
815 1941 856 1971 ad
882 1941 995 1979 ipsum
1019 1944 1171 1980 spectare
1188 1951 1247 1981 per
1268 1952 1342 1974 ves-

332 1997 453 2025 »tram
470 1995 673 2024 sententiam
697 1994 873 2030 declarari,
898 1997 927 2025 et
955 2003 1056 2033 super
1081 1995 1293 2034 impetitione
1310 1999 1341 2028 et

333 2059 347 2077 »
368 2048 603 2078 molestatione
626 2050 742 2078 contra
758 2048 886 2077 dictum
898 2048 1036 2078 Petrum
1054 2049 1216 2086 predictis
1226 2058 1343 2088 prepo-

333 2112 347 2130 »
367 2101 440 2137 site,
454 2101 576 2131 decane
593 2102 623 2131 et
642 2101 788 2139 capitulo
799 2101 1186 2139 perpetuumsilentium
1200 2102 1339 2141 imponi.

332 2154 452 2185 »Petit
477 2154 579 2184 etiam
607 2154 777 2192 predictos
800 2153 1039 2192 condempnari
1068 2154 1102 2184 in
1127 2155 1284 2194 dampnis
1312 2159 1343 2187 et

333 2220 346 2235 ))
366 2207 525 2246 expensis
549 2207 646 2237 sactis
670 2210 700 2237 01
717 2207 892 2243 faciendis,
913 2216 976 2246 que
996 2208 1028 2237 in
1049 2216 1210 2246 processu
1222 2209 1342 2247 judicii
1374 2243 1375 2250 ἵ

333 2272 347 2289 »
366 2260 561 2294 declarabit,
583 2263 643 2290 etc.
666 2271 680 2288 »

332 2366 493 2396 instantia
515 2369 549 2396 ut
568 2366 711 2396 ulterius
730 2367 762 2395 in
779 2366 912 2405 negotio
933 2367 1193 2405 procederemus
1211 2369 1341 2404 eodem,

326 2420 557 2458 Juramentum
573 2418 613 2448 ab
632 2428 669 2449 eo
687 2419 887 2458 recepimus,
908 2419 1093 2450 secundum
1105 2421 1193 2459 juris
1210 2422 1343 2460 exigen-

331 2473 412 2502 tiam
432 2481 468 2502 30
485 2472 594 2510 ipsius
614 2472 739 2511 negotii
757 2472 967 2511 qualitatem.
985 2473 1078 2503 Visis
1100 2473 1201 2512 igitur
1218 2474 1342 2505 instru-

332 2525 456 2555 mentis
482 2524 740 2563 probationibus
770 2527 800 2555 01
821 2525 956 2564 juribus
977 2525 1018 2556 ab
1036 2526 1111 2565 ipso
1129 2526 1230 2557 Petro
1250 2528 1338 2558 exhi-

331 2577 412 2607 bitis
430 2586 465 2607 ac
481 2578 531 2608 eis
541 2577 675 2616 plenius
690 2577 873 2609 intellectis
889 2580 919 2609 et
935 2577 1111 2618 diligenter
1125 2580 1341 2617 examinatis,

331 2630 512 2669 habitoque
535 2639 636 2669 super
661 2631 711 2662 eis
730 2633 916 2670 peritorum
934 2632 1077 2663 consilio
1094 2635 1125 2663 et
1143 2633 1242 2671 plena
1261 2634 1342 2664 deli·
1372 2640 1374 2650 ¹

332 2683 504 2714 bei-atione
529 2683 716 2721 nobiscum,
740 2685 890 2723 predicto
918 2685 1017 2716 Petro
1039 2687 1195 2724 presente
1213 2696 1249 2717 ac
1269 2696 1343 2718 sen-
1373 2722 1374 2729 ἵ

332 2737 471 2766 tentiam
486 2737 563 2767 sessi
579 2738 743 2768 lllssmmffl'
756 2740 901 2777 peteme·
918 2739 1059 2778 l'l'eratis
1071 2747 1148 2770 ΥΘῙῸ
1161 2740 1341 2779 Stephano,
1404 2755 1432 2781 in
1448 2755 1842 2790 ecclesial-‘01-calquaricusi.
1854 2756 2052 2783 sistaricensis
2068 2756 2202 2783 diocesis.
2221 2757 2257 2784 ab
2274 2757 2417 2789 michel-0,

331 2791 514 2828 preposita,
536 2790 659 2820 decana
676 2793 706 2821 et
722 2791 867 2830 capitulo
887 2800 946 2831 per
962 2793 1208 2823 contumaciam
1226 2793 1343 2824 absen-

332 2842 434 2879 tibus,
468 2843 544 2874 licet
574 2845 798 2883 peremptorie
832 2845 864 2875 in
887 2845 1057 2876 audientia
1085 2846 1220 2885 publica
1247 2847 1341 2878 citati

333 2897 455 2927 tuerint
475 2897 516 2926 ad
535 2901 724 2936 presentem
747 2898 965 2929 diffinitivam
985 2900 1187 2930 sententiam
1206 2901 1341 2931 audien-

333 2950 421 2986 dam,
455 2959 571 2980 eorum
605 2950 794 2982 absentiam
828 2952 940 2983 divina
976 2953 1126 2992 replente
1156 2954 1338 2992 presentia,

1084 259 1326 299 REGISTRES
1357 259 1574 290 D'URBAIN
1606 260 1663 290 lv.

1401 342 1527 374 Christi
1554 343 1690 373 nomine
1712 344 1876 379 invocato,
1894 352 1954 382 per
1972 343 2193 374 diffinitivam
2212 346 2417 376 sententiam

1401 396 1614 427 declaramus
1641 397 1828 435 predictam
1849 397 2030 427 ecclesiam
2050 397 2090 427 de
2115 397 2353 428 Ambresineal
2376 399 2418 429 ad

1401 450 1609 488 sepedictum
1628 450 1766 480 Petrum
1786 450 1826 480 de
1840 450 1915 489 jure
1933 452 2097 489 spectare,
2116 451 2226 490 ipsam
2240 460 2316 481 cum
2334 451 2418 490 juri-

1400 502 1464 533 bus
1482 505 1514 533 et
1535 502 1749 542 pertinentiis
1769 504 1841 534 suis
1864 503 2022 534 omnibus
2039 504 2272 543 adjudicantes
2289 505 2413 542 eidem,

1368 560 1370 587 J
1401 565 1438 587 ac
1462 556 1549 586 dicto
1569 556 1737 595 Stephano
1756 565 1857 595 super
1875 566 1913 587 ea
1935 559 2137 596 perpetuum
2159 557 2335 588 silentium
2352 559 2414 588 im-

1400 611 1576 649 ponentes,
1596 609 1756 648 predictis
1773 609 1954 649 Stephano‚
1970 610 2154 649 preposite,
2173 611 2297 641 decane
2315 612 2346 641 et
2364 620 2415 641 ca-

1400 663 1508 701 pitulo
1518 662 1760 693 nichilominus
1772 671 1831 701 per
1846 663 1986 693 eandem
2005 663 2209 694 sententiam
2222 663 2417 694 inhibemus

1401 724 1442 746 ne
1458 716 1626 754 prefatum
1646 716 1783 746 Petrum
1801 724 1903 755 super
1919 716 2008 747 dicta
2021 716 2175 752 ecclesia,
2189 716 2325 756 juribus
2342 717 2417 756 ejus

1400 769 1453 799 vel
1473 769 1690 807 pertinentiis
1716 768 1864 806 turbare,
1883 768 2064 800 molestare
2082 769 2226 800 audeant
2245 769 2299 800 vel
2314 770 2418 800 etiam

1402 822 1578 861 impedire,
1597 822 1683 861 ipsis
1699 831 1801 861 super
1814 821 2019 859 turbatione,
2038 823 2276 853 molestatione
2299 831 2336 853 ac
2358 823 2419 853 im-

1401 875 1573 914 peditione
1599 875 1793 914 huJusmodi
1814 877 2017 915 perpetuum
2043 875 2219 906 silentium
2245 876 2422 915 imponen-

1401 930 1464 962 tes,
1483 929 1672 968 sepefatum
1690 929 1898 968 Stephanum
1915 931 1948 959 in
1965 929 2081 959 decem
2098 929 2266 959 librarum
2292 931 2417 965 turon.,

1401 982 1574 1012 taxatione
1600 982 1774 1021 prehabita
1797 982 2007 1021 prestitoque
2031 983 2128 1021 prius
2150 982 2190 1012 ab
2212 983 2287 1022 ipso
2315 983 2418 1013 Petro

1403 1044 1504 1074 super
1519 1034 1586 1065 11113
1598 1035 2027 1074 corporaliterjuramento,
2043 1044 2268 1074 expensarum
2279 1036 2417 1066 nomine

1404 1089 1690 1128 condempnando.
1715 1089 1751 1119 In
1776 1089 1870 1128 cujus
1894 1089 1941 1119 rei
1962 1089 2208 1124 testimoniun1‚
2225 1091 2419 1128 presentem

1404 1143 1608 1173 sententiam
1627 1141 1729 1172 scribi
1750 1144 1780 1173 et
1799 1141 1966 1181 publicari
1985 1142 2223 1172 mandavimus
2249 1151 2308 1181 per
2327 1144 2421 1173 nota-

1404 1196 1494 1226 rium
1516 1195 1772 1234 infrascriptum
1795 1198 1826 1226 et
1853 1195 1962 1225 nostri
1985 1195 2091 1234 sigilli
2111 1195 2300 1225 munimine
2323 1195 2420 1226 robo-

1404 1249 1484 1279 rari.
1502 1250 1586 1279 Lata
1610 1249 1672 1279 suit
1690 1257 1831 1287 presens
1859 1248 2028 1279 sententia
2045 1257 2105 1287 per
2122 1248 2293 1287 prefatum
2311 1248 2417 1279 domi·

1405 1311 1485 1332 num
1497 1302 1687 1332 auditorem
1702 1301 1790 1340 apud
1801 1301 2090 1337 Urbeinveterem,
2105 1302 2140 1332 in
2150 1302 2279 1340 palatio
2289 1301 2421 1333 domini

1403 1364 1501 1394 pape,
1518 1364 1604 1386 anno
1623 1355 1762 1386 Domini
1784 1355 2035 1392 M⁰CC⁰LXIII⁰‚
2054 1355 2272 1394 pontificat-us
2289 1355 2420 1386 domini

1404 1408 1532 1440 Urbani
1555 1417 1641 1448 pape
1667 1408 1744 1445 IIII,
1765 1417 1851 1439 anno
1868 1408 1988 1448 tertio,
2008 1409 2193 1439 indictione
2212 1416 2284 1445 vm,
2303 1417 2420 1440 mense

1403 1461 1594 1493 decembris
1609 1462 1663 1492 die
1683 1462 1812 1501 quinta,
1831 1461 2048 1501 presentibus
2065 1462 2230 1502 magistro
2247 1461 2421 1493 Bernardo

1403 1516 1638 1546 archidiacono
1667 1516 1856 1553 Valetensi,
1882 1516 2045 1555 magistro
2069 1516 2202 1546 Matheo
2222 1516 2336 1555 judice
2356 1516 2421 1546 Lu-

1403 1579 1497 1607 cano,
1519 1570 1656 1600 domino
1677 1570 1777 1600 Petro
1795 1569 1964 1600 Fernandi
1983 1569 2093 1600 milite
2110 1570 2150 1600 de
2171 1570 2285 1609 Spata,
2305 1570 2337 1600 et
2351 1578 2419 1600 ma-

1403 1624 1508 1663 gistro
1525 1623 1673 1654 Berardo
1699 1623 1830 1654 notario
1849 1623 1930 1654 dicti
1948 1623 2077 1653 domini
2098 1623 2274 1658 auditoris,
2291 1625 2324 1654 et
2341 1622 2421 1653 aliis

1403 1676 1560 1716 pluribus
1586 1675 1732 1707 testibus
1757 1676 1835 1707 inde
1860 1676 2001 1708 vocatis.
2027 1677 2069 1707 Et
2097 1685 2170 1716 ego,
2200 1675 2350 1707 Jacobus
2380 1676 2421 1707 de

1402 1731 1540 1766 Mai-sia,
1557 1730 1742 1769 apostolice
1755 1730 1847 1761 sedis
1863 1730 2064 1761 auctoritate
2077 1730 2244 1766 notarius,
2257 1729 2421 1769 predictis

1404 1784 1555 1818 interfui,
1593 1784 1668 1823 ipsa
1700 1784 1813 1814 omnia
1841 1784 1882 1815 de
1915 1784 2058 1823 predicti
2090 1784 2219 1814 domini
2253 1784 2421 1815 auditoris

1402 1839 1561 1869 mandato
1578 1838 1701 1877 scripsi
1717 1840 1748 1869 et
1771 1838 1807 1868 in
1823 1837 1996 1877 publicam
2015 1838 2160 1868 formam
2176 1837 2302 1877 redegi.
2323 1847 2338 1867 »

1442 1892 1538 1923 Nulli
1562 1900 1639 1931 ergo
1665 1893 1779 1923 nostre
1798 1892 2078 1929 confirmationis,
2100 1893 2162 1922 etc.
2187 1892 2313 1922 Datum
2329 1891 2419 1930 apud

1403 1945 1693 1981 Urbemveterem,
1712 1955 1734 1975 11
1754 1945 1917 1976 kalendas
1933 1944 2111 1980 februarii,
2128 1953 2214 1976 anno
2229 1945 2342 1976 tertio.
2362 1955 2378 1974 »

1493 2136 1560 2167 981

1943 2135 2068 2167 Οτι-1010,
2087 2136 2117 2163 31
2130 2135 2244 2171 janvier
2265 2135 2342 2162 1264.

1439 2219 1550 2245 Decano
1572 2218 1705 2245 ltemcnsi
1734 2220 1851 2245 mandat
1881 2221 2021 2253 quatenus
2040 2219 2216 2253 praedictam
2242 2218 2418 2245 sententiam

1372 2255 1375 2294 ,Ἴ
1403 2267 1563 2294 executioni
1581 2268 1746 2295 demandet.
1763 2268 1845 2301 ‹xlii-213.
1859 2268 1903 2294 29.
1923 2268 1944 2293 t'0
1961 2268 2002 2295 19.
2020 2274 2049 2294 11Θ
2065 2268 2123 2295 29.)

371 2324 387 2343 «
406 2313 627 2344 Postmodum
651 2313 800 2352 quidem,
825 2315 958 2352 petente
979 2314 1130 2352 predicto
1147 2315 1247 2345 Petro
1265 2325 1342 2347 cum
1372 2349 1373 2361 ἵ

1444 2390 1458 2404 «
1478 2378 1598 2408 Decano
1626 2378 1775 2409 Remensi.
1795 2377 1954 2408 Exhibita
1970 2377 2068 2408 nobis
2085 2377 2200 2408 dilecti
2220 2396 2269 2406 -.
2291 2377 2418 2409 Datum

1373 2436 1374 2455 1
1403 2432 1493 2470 apud
1502 2431 1791 2462 Urbemveterem.
1799 2441 1819 2461 11
1829 2431 1993 2462 kalendas
2004 2431 2178 2465 februarii,
2188 2439 2275 2462 anno
2284 2431 2418 2462 tertio.»

1492 2623 1566 2655 982

1969 2623 2093 2654 Orvieto,
2109 2625 2125 2650 5
2142 2623 2246 2650 few-ier
2268 2623 2345 2651 1264.

1439 2706 1576 2741 Magistro
1591 2706 1760 2741 Raymundo
1777 2707 1811 2733 de
1831 2707 1947 2734 Faentia
1963 2708 2165 2734 canonicatum
2174 2711 2201 2734 et
2223 2708 2416 2743 praebendam

1402 2804 1478 2831 tituli
1495 2814 1517 2831 3.
1536 2805 1670 2832 l'raxcdis
1683 2805 1884 2840 presbyterum
1897 2805 2086 2839 cardinalem,
2101 2805 2234 2840 collatos,
2251 2806 2415 2834 confirmat.

1403 2853 1483 2888 111011.
1505 2854 1550 2887 29,
1569 2853 1617 2881 fol.
1640 2855 1681 2886 19,
1702 2859 1731 2880 11ο
1743 2855 1800 2882 311.)

1444 2967 1458 2983 11
1489 2954 1637 2995 Jlaqistro
1665 2955 1846 2996 Raymundo
1871 2955 1907 2986 de
1936 2955 2077 2990 Faentia,
2104 2956 2248 2987 canonico
2275 2955 2414 2996 Regensi,
