2547 3289
1096 244 1336 282 TROISIEME
1364 245 1527 283 ANNJJJE.

309 346 322 361 «
345 334 392 370 G„
410 335 552 374 episcopo
568 334 742 370 Sabinensi,
759 332 924 373 apostolice
939 332 1016 362 sedis
1035 333 1144 371 leyalo.
1160 334 1279 372 Magna

267 389 322 418 tue
341 388 655 426 circumspectionis
679 387 855 422 industria,
876 395 940 424 que
966 386 998 416 in
1017 386 1096 416 altis
1113 388 1145 416 et
1163 387 1279 416 arduis

267 441 348 479 quid
363 441 519 479 expediat
535 441 659 479 quidve
673 440 798 475 deceat,
820 440 915 477 longe
936 439 1068 477 lateque
1082 439 1278 477 circumspi-

266 493 322 529 cit,
342 502 402 523 nos
422 493 549 523 inducit
566 495 600 523 ut
618 493 692 528 tibi,
711 493 744 522 in
764 501 829 530 quo
847 501 962 521 secure
980 492 1200 529 quiescimus,
1214 501 1277 530 que

266 547 403 585 grandis
422 548 500 575 sunt
515 546 695 575 admodum
712 545 883 583 ponderis,
899 545 1162 575 committamus.
1185 545 1278 575 Unde

266 608 341 629 cum
359 602 402 633 te,
431 608 488 637 pro
508 598 708 637 urgentibus
724 601 755 628 et.
773 598 889 628 arduis
910 598 1065 636 negotiis,
1082 598 1122 627 ad
1139 607 1277 635 regnum

266 653 399 690 Anglie,
420 654 488 681 tam
513 651 595 680 inibi
616 660 716 689 quam
741 651 843 680 etiam
871 651 904 680 in
929 651 1056 680 &Vallia
1078 652 1109 680 et
1130 650 1278 680 Ybernia

266 705 448 735 commisso
472 704 533 734 tibi
565 704 661 742 plene
690 704 869 742 legationis
897 704 1023 739 officio,
1054 704 1276 740 destinemus,

266 757 419 787 volentes
437 758 473 786 ut
488 757 604 786 eadem
624 757 757 794 negotia
773 766 810 786 eo
827 756 947 786 utilius
964 758 995 786 et
1013 756 1185 786 efficacius
1204 766 1278 795 pro-

266 810 432 848 sequaris,
452 818 517 847 quo
535 809 652 847 maj0ri
674 817 733 846 per
750 818 810 838 nos
833 809 938 838 fueris
952 809 1149 839 auctoritate
1170 810 1278 839 muni-

264 865 331 897 tus,
349 863 376 892 si
397 862 510 900 aliqua
528 862 602 895 tibi,
622 862 711 891 eirea
724 862 878 899 ipsorum
896 862 1106 899 negotiorum
1123 871 1278 900 prosecu-

265 916 402 951 tionem,
424 916 610 950 oeeurrant,
630 923 693 952 que
712 915 931 944 directionem
951 922 1010 943 seu
1032 915 1277 952 promotionem

264 968 447 998 eorundem
468 968 651 1005 respiciant
674 970 705 997 et
728 967 768 996 ad
791 976 855 1010 que
874 967 984 1005 ipsius
1008 967 1188 1005 legationis
1205 968 1276 997 osti-

264 1021 353 1051 cium
372 1030 407 1050 se
427 1008 570 1050 forsitan
588 1029 654 1050 non
673 1021 842 1055 extendat,
860 1020 894 1049 in
915 1020 978 1049 niis
992 1020 1195 1050 fraternitati
1208 1022 1276 1055 tue,

264 1073 304 1104 de
334 1073 429 1112 cujus
454 1073 672 1103 discretionis
708 1073 904 1103 maturitate
933 1073 1030 1111 plene
1063 1073 1276 1109 confidimus,

263 1127 511 1156 committimus
531 1127 732 1156 auctoritate
759 1126 971 1164 presentium
1003 1126 1095 1156 vices
1130 1128 1275 1156 nostras,

262 1180 387 1209 Datum
416 1180 504 1218 apud
527 1179 815 1214 Urbemveterem,
841 1188 862 1209 x
890 1179 1055 1209 kalendas
1072 1179 1276 1215 decembris,

264 1241 350 1263 anno
368 1233 440 1262 111⁰.
463 1243 477 1262 »

354 1415 428 1445 589

768 1414 892 1444 Orvieto,
913 1414 942 1440 17
959 1413 1112 1440 novembre
1132 1413 1208 1440 1202.

300 1497 399 1524 Eidem
423 1498 553 1525 concedit
573 1498 741 1524 facultatem
759 1499 893 1532 puniendi
912 1498 1154 1533 archiepiscopus,
1171 1498 1279 1532 episco-

265 1554 315 1580 pos
333 1549 362 1573 et
391 1546 532 1580 quoslibet
555 1546 626 1573 alios
649 1547 843 1581 quarumlibet
866 1547 1066 1581 ecelesiarum,
1083 1548 1234 1574 domorum
1253 1550 1280 1574 et

264 1596 519 1625 monasteriorum,
548 1598 608 1622 tam
635 1598 834 1630 exemptorum
864 1605 951 1630 quam
983 1605 1038 1623 non
1068 1598 1278 1630 exemptorum,

263 1643 417 1678 praelatos.
436 1647 603 1676 conventus,
618 1644 742 1678 capitula
761 1645 818 1671 sive
833 1644 954 1679 collegia
969 1648 995 1672 et
1009 1653 1202 1679 quascumque
1217 1653 1278 1679 per-

263 1701 349 1718 sonas
374 1692 584 1720 ecclesiasticas
609 1693 697 1727 ipsius
715 1693 878 1727 legationis,
896 1694 943 1728 qui
965 1694 1018 1728 ipsi
1034 1694 1110 1720 eirea
1125 1694 1224 1720 eadem
1239 1693 1278 1720 of-

263 1740 360 1766 liciuin
384 1744 408 1766 el
436 1740 550 1774 negotia
571 1749 670 1775 parere
689 1742 875 1775 neglexerint,
896 1750 928 1768 ac
955 1742 1029 1776 ipsos
1047 1741 1279 1775 archiepiscopos

263 1791 429 1823 ceterasque
454 1797 590 1823 personas
611 1790 821 1816 ecclesiasticas
838 1799 853 1816 a
872 1790 1064 1824 spiritualium
1082 1792 1110 1816 et
1136 1793 1279 1824 tempora-

262 1837 333 1864 lium
345 1837 596 1864 administratione
610 1847 774 1872 suspensos‚
785 1840 820 1865 ad
830 1839 1020 1873 apostolicam
1033 1840 1129 1865 sedem
1144 1838 1279 1865 mittendi

264 1889 291 1913 et
307 1887 359 1913 hoe
374 1887 415 1913 eis
439 1887 606 1921 injungendi
625 1888 676 1913 sub
696 1896 768 1922 pena
785 1888 972 1922 depositionis
993 1896 1090 1922 quam.
1109 1887 1131 1914 si
1151 1887 1205 1921 ipsi
1223 1895 1277 1914 non

265 1936 422 1969 paruerint,
439 1943 471 1962 eo
490 1935 551 1969 ipso
567 1936 725 1969 incurrant,
744 1937 787 1962 vel
805 1937 938 1971 privandi
955 1946 1003 1964 eos
1020 1936 1203 1971 praelaturis,
1219 1943 1280 1970 per-

266 1985 425 2015 sonatibus,
440 1984 629 2019 dignitatibus
644 1989 671 2012 et
687 1986 832 2013 benetieiis
843 1994 914 2021 quae
924 1986 1064 2013 obtinent.
1075 1987 1155 2018 (liae.
1169 1988 1213 2016 28,
1227 1984 1277 2012 fol.

263 2035 296 2061 57
312 2040 349 2065 νο,
365 2042 432 2061 ann.
458 2034 502 2064 ΙΙΙ,
520 2040 549 2060 n⁰
573 2035 643 2066 192.)

306 2152 320 2171 «
340 2141 449 2172 Eidem
474 2143 626 2182 episcopo.
647 2143 731 2173 Cum
759 2146 790 2173 te
807 2144 847 2173 ad
861 2161 909 2174 —.
933 2145 1056 2174 Datum
1076 2147 1112 2174 ut
1129 2153 1242 2183 supra.
1262 2158 1276 2172 »

355 2327 428 2356 590
762 2326 886 2352 tlt-vieto.
910 2327 938 2352 17
956 2327 1110 2353 novembre
1130 2328 1205 2355 1203.

304 2410 401 2436 Eidem
418 2410 547 2435 coneedit
566 2412 737 2443 potestatem
751 2409 924 2436 convocandi
940 2411 975 2436 ad
990 2419 1071 2436 suam
1086 2412 1278 2445 praesentiam

267 2458 409 2492 principes
438 2467 469 2484 ac
490 2458 676 2484 eeclesiarum
697 2459 840 2492 praelatos
868 2461 894 2484 et
910 2458 981 2484 alios
1000 2459 1194 2494 quoscumque
1215 2462 1279 2487 lide-

267 2507 308 2534 les
333 2506 527 2541 quorumlihet
554 2514 708 2541 regnorum
738 2509 766 2533 et
792 2507 1016 2540 provinciarum.
1043 2510 1280 2544 quandocumque

266 2555 441 2590 promotioni
471 2555 539 2581 dicti
567 2555 672 2589 negotii
696 2556 799 2581 viderit
816 2556 958 2589 expedire,
977 2558 1004 2582 et
1024 2556 1191 2592 injungendi
1210 2566 1280 2592 quae

268 2604 350 2631 utilia
369 2604 422 2638 ipsi
440 2604 555 2638 negotio
572 2604 630 2630 t'ore
650 2604 802 2638 putaverit,
816 2612 848 2630 ac
870 2604 1019 2631 invocandi
1029 2613 1127 2632 eorum
1143 2606 1280 2633 auxilium

266 2656 365 2680 eontra
392 2660 585 2686 quascumque
607 2660 742 2686 personas
763 2652 973 2679 ecclesiasticas
987 2656 1012 2680 et
1035 2654 1176 2681 seculares
1192 2655 1281 2689 ipsius

266 2710 333 2729 suae
362 2701 526 2736 legationis,
554 2704 579 2727 et
606 2701 676 2727 alias
709 2701 897 2728 adhaerentes
924 2701 1044 2734 eisdem,
1070 2711 1122 2737 qne
1148 2704 1200 2738 ipsi
1226 2713 1282 2730 non

268 2750 416 2786 paruerint.
434 2750 476 2776 vel
496 2751 589 2784 ipsum
608 2750 746 2784 impedire
768 2749 994 2784 presumpserint
1008 2750 1035 2776 in
1054 2751 1168 2786 negotio
1186 2761 1283 2787 supra-

269 2799 356 2831 dicto,
369 2798 560 2833 compellendi
579 2806 701 2832 quoque,
715 2798 872 2824 monitione
889 2798 1058 2832 praemissa,
1069 2808 1119 2833 per
1130 2808 1281 2828 censuram

271 2848 513 2881 eeclesiasticam,
536 2847 728 2881 appellatione
755 2850 876 2880 remota,
904 2847 1056 2881 principes,
1086 2849 1227 2882 praelatos
1256 2852 1285 2876 et

271 2897 368 2923 fideles
399 2898 515 2923 eosdem
548 2897 583 2922 ad
610 2895 832 2929 impendendum
859 2895 911 2929 ipsi
941 2895 1105 2930 hujusmodi
1133 2897 1282 2924 auxilium.

273 2946 352 2979 (Rau.
370 2946 415 2979 28,
435 2945 482 2971 fol.
501 2947 533 2971 57
556 2951 594 2976 νο,
613 2952 680 2970 ann.
698 2944 744 2977 ΙΙΙ,
762 2950 791 2970 n⁰
810 2945 879 2977 193).

2290 255 2348 284 299

1381 344 1395 362 t(
1413 334 1522 363 Eidem
1549 335 1700 374 episcopo.
1723 337 1806 366 Cum
1828 337 1858 365 te
1877 336 1916 365 ad
1936 354 1983 365 -.
2004 336 2125 365 Datum
2150 338 2184 366 ut
2201 345 2313 374 snpra.
2333 348 2347 365 »

1427 518 1496 548 591
1822 516 1946 549 tlt-victo,
1972 517 2011 543 lffl'
2030 517 2180 543 «lecembre
2200 517 2275 543 1204.

1376 600 1484 629 Eidem.
1510 600 1574 634 quia
1600 601 1670 627 torte
1698 602 1732 626 ad
1755 600 1975 635 explicationem
2004 601 2088 627 ot'fieii
2112 604 2139 628 et
2166 601 2347 635 negotiorum

1339 647 1392 682 ipsi
1418 649 1641 675 commissorum
1671 649 1798 683 expediet
1829 652 1857 675 nt
1881 650 1991 684 aliquas
2017 659 2152 684 personas
2174 651 2262 684 ipsius
2280 658 2347 677 suae

1339 697 1490 731 legationis
1517 702 1628 724 moneat
1660 706 1744 732 snper
1769 699 1876 732 aliquo,
1908 699 1949 725 vel
1976 700 2010 725 ad
2037 700 2227 733 praesentiam
2260 699 2348 733 ipsius

1339 746 1417 776 citet,
1440 747 1463 772 si
1485 747 1637 773 commode
1658 747 1732 773 inl'ra
1761 747 1830 773 tines
1856 747 2007 781 legationis
2031 747 2118 781 ipsius
2142 749 2169 774 id
2190 747 2350 782 nequiverit

1340 795 1498 828 provenire.
1519 795 1645 821 coneedit
1668 796 1833 821 facultatem
1851 796 2024 830 proponendi
2049 796 2118 822 citra
2142 805 2232 829 mare,
2248 805 2350 823 convo-

1339 843 1409 869 catis
1433 844 1508 870 clero
1532 847 1557 869 et
1588 844 1700 877 populo,
1733 844 1862 877 publicae
1892 845 2037 871 citationis
2059 845 2149 871 edit-,ta
2178 847 2205 871 et
2229 845 2349 871 faciendi

1341 892 1514 918 monitiones
1534 892 1673 926 publicas.
1694 893 1730 918 ita
1748 895 1771 918 ut
1795 901 1931 926 personae
1949 893 2110 927 hujusmodi
2130 902 2226 919 eoram
2244 895 2349 927 ipsum,

1340 937 1413 963 intra
1440 938 1595 964 terminum
1626 939 1660 963 ab
1688 938 1749 971 ipso
1777 940 1989 973 praeligendum
2020 940 2140 971 eisdem,
2164 944 2349 974 compareant.

1337 989 1366 1012 et
1392 986 1479 1020 ipsius
1508 987 1712 1013 monitionibus
1740 995 1838 1020 pareri=
1863 991 2028 1021 procurent:
2055 990 2166 1022 proviso
2184 991 2257 1023 quod
2277 990 2348 1015 cita-

1338 1035 1431 1061 tiones
1453 1038 1478 1061 et
1507 1035 1681 1062 monitiones
1707 1035 1869 1070 hujusmodi
1895 1037 1964 1063 liant
1994 1038 2021 1063 in
2052 1037 2120 1063 loeis
2150 1038 2348 1065 sollemnibus.

1339 1085 1417 1118 (Rea.
1434 1086 1479 1115 213,
1497 1085 1544 1111 tol.
1561 1087 1605 1116 58,
1620 1093 1687 1111 ann.
1704 1086 1751 1118 ΙΙΙ,
1768 1090 1796 1111 n⁰
1816 1086 1889 1119 194.)

1381 1210 1394 1225 «
1415 1198 1525 1228 Eidem
1540 1199 1691 1238 episcopo.
1709 1199 1792 1229 Cum
1802 1201 1834 1229 te
1846 1200 1886 1229 ad
1901 1218 1948 1230 -.
1966 1201 2088 1230 Datum
2106 1202 2191 1239 apud
2211 1201 2351 1232 Urbem-

1341 1253 1500 1287 veterem,
1520 1253 1676 1282 kalendis
1693 1252 1894 1286 decembris,
1913 1262 2000 1283 anno
2016 1254 2090 1284 1110.
2113 1265 2126 1282 »

1431 1434 1504 1464 592

1825 1432 1950 1463 orvieto,
1970 1433 2015 1459 1⁰¹·
2032 1434 2182 1460 decembre
2204 1434 2280 1461 lz'tj‘t.

1377 1515 1475 1542 Eidem
1501 1516 1631 1543 coneedit
1656 1517 1824 1544 facultatem
1852 1517 1998 1544 relaxandi
2023 1518 2122 1545 onmia
2144 1518 2308 1553 juramenta
2333 1528 2349 1546 a

1341 1572 1406 1599 rege
1420 1568 1448 1592 et
1464 1565 1565 1599 regina
1585 1565 1704 1599 Angli-ae
1721 1575 1752 1592 ae
1768 1566 1898 1593 Eduardo
1912 1569 1940 1592 et
1959 1567 2136 1601 Eadmundo,
2154 1575 2252 1594 eorum
2274 1568 2350 1599 tiliis,

1341 1616 1368 1640 et
1385 1613 1611 1648 quibuscumque
1631 1614 1695 1640 aliis
1722 1615 1861 1648 personiS‚
1880 1614 2082 1642 ecclesiasticis
2109 1618 2135 1642 et
2162 1616 2351 1651 secularibus,

1341 1662 1490 1689 occasione
1508 1663 1673 1698 hujusmodi
1695 1664 1866 1696 discordiae,
1882 1665 2031 1698 praestita,
2052 1668 2078 1691 et
2100 1666 2263 1699 specialiter
2281 1666 2350 1693 illud

1340 1712 1414 1746 quod
1438 1711 1537 1745 regina
1559 1715 1582 1738 el
1606 1711 1657 1738 tilii
1677 1713 1815 1746 praedicti
1843 1714 1876 1738 ‹le
1893 1714 2035 1739 redeundo
2056 1714 2091 1739 ad
2116 1721 2235 1747 regumn
2254 1714 2348 1748 ipsum

1341 1760 1520 1794 praestitisse
1537 1760 1681 1787 dicuntur.
1701 1761 1780 1795 (liae.
1797 1764 1841 1794 28,
1860 1761 1907 1788 t'ol.
1924 1763 1969 1794 58,
1984 1770 2050 1788 aun.
2066 1762 2110 1793 ΙΙΙ,
2129 1768 2158 1788 n⁰
2175 1764 2247 1795 ltin.)

1380 1872 1397 1891 «
1416 1861 1523 1891 Eidem
1547 1862 1696 1901 episcopo.
1718 1864 1802 1892 (jum
1820 1864 1850 1892 te
1872 1863 1912 1892 ad
1930 1881 1978 1892 —.
2002 1864 2124 1893 Datum
2142 1866 2176 1893 ut
2201 1872 2315 1902 supra.
2337 1874 2351 1892 »

1429 2047 1502 2077 593
1839 2045 1963 2077 orvieto,
1978 2046 2012 2072 24
2028 2046 2181 2073 novembre
2199 2048 2274 2073 mosi.

1375 2129 1474 2156 Eidem
1502 2130 1632 2156 concedit
1656 2129 1823 2156 facultatem
1846 2131 1998 2156 exercendi
2020 2130 2106 2157 libere
2124 2139 2173 2165 per
2198 2132 2291 2165 ipsum
2308 2132 2352 2159 vel

1340 2187 1389 2212 per
1402 2178 1490 2204 alium
1506 2181 1552 2204 aut
1578 2178 1648 2204 alios
1669 2186 1819 2204 censuram
1832 2179 2058 2205 eeclesiasticam
2077 2179 2104 2205 in
2123 2179 2352 2216 archiepiscopos

1338 2230 1367 2253 et
1382 2226 1530 2261 episcopos
1553 2236 1585 2253 ac
1610 2227 1637 2253 in
1661 2227 1871 2254 cathedralium
1888 2231 1915 2254 et
1938 2228 2060 2255 aliarum
2085 2229 2285 2264 ecclesiarum,
2307 2232 2353 2257 do-

1340 2284 1454 2302 morum
1470 2279 1494 2302 el
1507 2277 1762 2307 monasteriorum,
1780 2280 1840 2302 tam
1856 2280 2053 2311 exemptorum
2070 2286 2155 2312 qnam
2170 2287 2224 2305 nou
2239 2287 2352 2314 exemp-

1339 2327 1447 2357 torum,
1475 2326 1617 2359 praelatos
1639 2328 1666 2352 et
1688 2326 1819 2356 elericos,
1845 2329 1999 2352 conventus
2030 2330 2056 2352 et
2075 2327 2211 2361 capitula,
2242 2336 2352 2355 necnon

1340 2374 1472 2403 comites,
1490 2375 1610 2401 barones
1628 2377 1653 2400 et
1673 2374 1793 2405 nobiles,
1811 2377 1978 2408 poti-states,
1997 2378 2132 2408 rectores,
2150 2376 2269 2408 balivos,
2285 2385 2353 2403 eou-

1341 2423 1415 2449 silia,
1441 2423 1618 2452 eommunia„
1641 2422 1842 2449 universitates
1859 2426 1886 2448 et,
1906 2424 2024 2457 populos
2045 2424 2171 2450 locorum
2192 2425 2353 2458 quorumli-

1342 2472 1388 2498 het
1403 2472 1492 2505 ipsius
1519 2471 1682 2506 legationis,
1699 2474 1727 2497 et
1743 2480 1935 2505 quast-umque
1949 2480 2084 2505 personas
2100 2473 2311 2500 ecclesiasticas
2325 2477 2353 2501 et

1342 2520 1514 2550 saeculares,
1541 2520 1668 2553 publicas
1690 2523 1715 2546 et
1745 2520 1883 2553 privatas,
1908 2523 1935 2546 et
1957 2523 2047 2547 terras
2075 2521 2202 2554 ipsorum
2223 2522 2352 2557 ejusdem

1342 2569 1506 2603 legationis,
1531 2577 1596 2595 (zum
1628 2569 1729 2594 viderit
1757 2568 1899 2602 expedire.
1924 2569 2004 2603 (itan.
2027 2571 2070 2600 23,
2089 2569 2136 2596 tot.
2155 2572 2199 2603 58,
2221 2579 2286 2597 ann.
2305 2571 2352 2603 ΙΙΙ,

1343 2623 1374 2643 n⁰
1392 2618 1465 2651 loo.)

1384 2730 1398 2749 «
1427 2719 1538 2749 Eidem
1567 2720 1718 2759 episcopo.
1751 2720 1834 2750 Cum
1859 2720 1967 2750 hostis
1991 2720 2129 2751 humani
2157 2740 2206 2751 —.
2230 2722 2354 2754 Datum

1344 2773 1432 2811 apud
1456 2772 1744 2809 Urbemveterem,
1772 2781 1831 2801 vm
1858 2772 2021 2803 kalendas
2045 2773 2245 2809 decembris,
2269 2784 2354 2807 anno

1344 2826 1454 2856 tertio.
1474 2837 1487 2851 »
