2547 3289
951 225 1190 262 TROISIEME
1214 225 1375 262 ANNEE.

120 317 318 356 dignitatem
334 316 518 355 apostolice
535 315 718 349 donationi,
735 315 796 345 tibi
814 323 873 353 per
888 314 996 344 dictos
1014 323 1131 344 execu-

118 371 210 400 tores
227 370 280 400 vel
300 378 415 400 eorum
439 369 583 400 alterum
608 368 858 402 conferendam,
885 376 922 398 ac
946 368 1130 397 decernens

118 423 253 453 irritum
281 420 312 453 et
341 423 439 453 inane
466 422 627 461 quicquid
650 423 766 451 contra
794 421 1058 451 reservationem
1077 421 1130 450 vel

118 476 368 511 inhibitionem,
378 484 441 514 que
457 484 516 514 pro
528 477 560 505 te
572 475 667 504 fieret
681 474 872 513 superbiis,
885 482 903 503 a
916 482 1128 512 quocumque

118 529 325 568 contingeret
358 528 565 566 attemptari.
601 528 705 566 Cujus
735 527 934 557 auctoritate
965 527 1127 563 mandati,

118 582 228 612 dictus
247 582 426 620 episcopus
447 606 452 611 .
471 604 477 609 .
499 581 623 610 decano
641 581 673 610 et
692 581 839 618 capitulo
857 579 998 610 ecclesie
1016 588 1042 609 s.
1064 581 1129 609 Au—

118 635 247 665 domari
270 634 463 672 hujusmodi
491 633 685 663 mandatum
715 633 903 665 notificans.
932 633 1129 662 auctoritate

119 688 209 718 sedis
236 687 398 725 ejusdem,
420 686 559 716 inhiberi
578 688 609 716 et
627 686 818 716 denuntiari
839 686 914 716 fecit
931 686 1057 716 eisdem
1076 693 1128 720 ne,

119 740 148 770 si
175 740 389 778 prepositura
407 739 516 777 ipsius
536 739 676 768 ecclesie
698 740 777 768 tunc
795 741 927 768 vacaret
944 738 997 768 vel
1015 747 1129 776 quam-

117 794 266 832 primum
277 801 395 822 vacare
408 792 629 830 contingeret.
641 791 682 821 ad
699 792 897 822 electionem
911 791 964 821 vel
982 792 1130 829 postula-

117 844 244 874 tionem
270 852 329 873 seu
351 842 538 881 quamlibet
561 842 663 872 aliam
685 843 951 873 nominationem
974 843 1130 881 procede-

117 898 190 927 rent
215 896 286 926 sive
314 895 464 934 aliquem
494 895 683 933 reciperent
706 895 747 924 ad
770 895 922 930 eandem,
946 895 1048 925 donec
1066 895 1127 925 tibi

117 949 239 979 fuisset
259 949 357 988 juxta
388 948 583 978 mandatum
609 948 833 986 apostolicum
863 948 902 977 de
934 948 1128 986 hujusmodi

117 1002 279 1041 dignitate
306 1002 492 1040 provisum.
520 1001 614 1031 Idem
642 1009 775 1039 quoque
798 1001 1017 1039 predecessor
1040 1001 1129 1039 quod

117 1055 158 1085 ab
173 1055 290 1085 eodem
309 1055 465 1092 episcopo
482 1054 535 1084 vel
552 1053 772 1092 subdelegato
786 1053 895 1092 ipsius
916 1053 1041 1083 sactum
1058 1054 1130 1083 erat

117 1115 218 1145 super
238 1107 310 1141 hoc,
332 1109 443 1137 ratum
460 1106 588 1136 habens
612 1108 642 1136 et
668 1107 801 1145 gratum
822 1106 922 1144 idque
940 1106 1128 1144 apostolica

117 1160 315 1189 auctoritate
334 1160 536 1189 confirmans
562 1160 594 1188 et
614 1159 776 1197 supplens
795 1167 931 1188 omnem
947 1158 1126 1195 defectum,

116 1212 145 1241 si
169 1212 246 1251 quis
275 1213 309 1242 in
336 1213 515 1251 premissis
548 1211 684 1241 habitus
714 1212 833 1246 fuerat,
853 1211 892 1241 de
915 1211 1126 1250 plenitudine

115 1265 306 1303 potestatis,
325 1266 458 1296 dilectis
475 1265 556 1296 filiis
624 1264 737 1295 abbati
753 1274 780 1294 s.
795 1265 954 1303 Dyonisii
974 1265 1008 1294 in
1026 1265 1128 1295 Fran-

115 1318 177 1352 cia,
197 1320 229 1348 et
246 1319 409 1357 magistro
427 1317 568 1348 Nicolao
588 1318 627 1348 de
646 1318 844 1356 Caprivilla,
863 1319 942 1348 tunc
965 1318 1128 1348 archidia-

115 1380 197 1402 cono
228 1372 268 1402 de
295 1372 418 1403 Gazeio
446 1373 481 1402 in
513 1371 656 1402 ecclesia
684 1371 900 1408 Lexoviensi,
933 1372 1006 1401 suis
1036 1372 1127 1401 dedit

113 1426 331 1464 postmodum
350 1426 474 1456 litteris
490 1426 526 1455 in
544 1425 714 1455 mandatis
730 1426 777 1459 ut,
797 1425 826 1454 si
844 1424 1038 1464 hujusmodi
1054 1434 1127 1464 pre-

113 1478 266 1516 positura
290 1478 343 1509 vel
371 1479 437 1508 alia
464 1479 610 1517 dignitas
637 1478 868 1508 ecclesiastica
891 1479 971 1507 tunc
993 1480 1127 1509 vacaret

112 1531 167 1561 vel
184 1531 435 1570 quamprimum
451 1540 525 1561 eam
543 1540 662 1561 vacare
681 1531 899 1570 contingeret.
918 1531 981 1561 tibi
999 1531 1050 1561 vel
1068 1533 1126 1561 tuo

113 1585 337 1623 procuratori,
347 1586 404 1615 tuo
418 1585 567 1621 nomine,
579 1585 645 1622 ipsi
658 1584 711 1614 vel
721 1585 806 1614 alter
819 1593 935 1614 eorum
952 1593 1011 1623 per
1025 1593 1060 1614 se
1072 1585 1125 1615 vel

112 1646 172 1676 per
190 1638 295 1668 alium
324 1638 474 1668 conferre
498 1639 665 1674 curarent,
688 1639 789 1677 teque
810 1637 844 1667 in
865 1637 974 1675 ipsius
992 1645 1126 1676 posses-

113 1691 244 1721 sionem
260 1691 469 1730 corporalem
485 1691 681 1726 inducerent
700 1693 731 1721 et
744 1692 920 1721 tuerentur
936 1691 1124 1726 inductum,

108 1743 208 1782 juxta
230 1744 382 1782 priorum
406 1744 651 1774 continentiam
676 1744 880 1779 litterarum,
904 1744 1125 1773 contradicto-

112 1805 178 1833 reS‚
201 1798 277 1833 et.c.‚
300 1806 407 1836 usque
428 1797 684 1836 compescendo,
705 1805 741 1827 ac
758 1797 968 1827 decernendo
986 1796 1126 1826 nichilo-

111 1851 224 1880 minus
248 1851 385 1880 irritum
410 1852 441 1880 et
464 1851 575 1886 inane,
596 1850 626 1880 si
646 1859 743 1880 secus
767 1850 807 1880 de
825 1850 988 1889 dignitate
1010 1850 1125 1888 hujus

112 1903 202 1933 modi
217 1912 234 1933 a
247 1912 417 1942 quoquam
435 1904 640 1942 contingeret
654 1903 858 1942 attemptari.
872 1903 1018 1933 Demum
1032 1912 1122 1939 vero,

110 1965 186 1986 cum
213 1956 252 1985 in*
273 1956 449 1994 Bajocensi
478 1956 632 1992 ecclesia,
663 1956 697 1986 in
723 1965 790 1995 qua
815 1956 942 1986 similis
967 1956 1124 1986 inhibitio

112 2008 197 2039 facta
212 2009 334 2043 fuerat,
352 2009 534 2039 decanatus
545 2009 655 2048 ipsius
671 2010 812 2039 ecclesie
825 2010 1027 2044 vacavisset,
1043 2009 1124 2039 dicti

111 2061 214 2092 abbas
233 2065 263 2093 et
283 2062 540 2092 archidiaconus
561 2063 761 2093 decanatum
781 2063 895 2101 ipsum
914 2063 1125 2101 procuratori

111 2117 180 2151 tuo.
198 2117 255 2146 tuo
274 2116 422 2150 nomine,
435 2117 667 2154 assignaruntg
687 2117 719 2146 et
735 2125 941 2155 quamquam
957 2118 992 2146 tu
1011 2117 1125 2155 ipsum

109 2169 320 2205 decanatum,
358 2169 452 2199 salvo
483 2169 641 2199 mandato
673 2169 872 2207 apostolico,
898 2172 1123 2208 acceptasses,

109 2223 223 2252 tamen
252 2222 340 2251 idem
366 2222 586 2260 predecessor
616 2222 650 2252 in
679 2222 740 2252 hoc
768 2221 830 2252 tibi
856 2223 1030 2261 provisum
1058 2232 1123 2253 non

110 2276 272 2312 reputans
288 2284 324 2304 ac
342 2277 374 2304 te
392 2275 508 2305 volens
526 2276 560 2305 in
577 2275 643 2305 alia
656 2275 820 2314 dignitate
835 2276 1010 2306 decentius
1024 2276 1125 2306 hono-

109 2327 190 2363 rari,
210 2327 338 2357 eisdem
355 2327 468 2358 abbati
487 2330 519 2358 et
546 2327 781 2358 archidiacono
803 2337 883 2358 suas
909 2329 1041 2358 litteras
1061 2329 1123 2359 sub

111 2389 150 2410 ea
168 2380 277 2410 forma
294 2380 431 2416 direxit,
449 2382 485 2410 ut
499 2381 697 2419 dignitatem
713 2381 767 2411 vel
788 2384 1018 2419 personatum,
1041 2382 1070 2412 si
1089 2383 1123 2412 in

110 2433 224 2472 aliqua
242 2433 379 2463 illarum
395 2433 629 2470 ecclesiarum,
653 2434 687 2463 in
710 2433 836 2472 quibus
854 2434 1075 2465 inhibitiones
1091 2437 1122 2465 et

110 2486 358 2516 reservationes
384 2495 443 2525 pro
462 2487 494 2516 te
521 2486 606 2516 facte
631 2486 774 2523 fuerant,
796 2496 880 2525 quas
899 2487 987 2517 idem
1006 2488 1122 2526 prede-

110 2547 224 2569 cessor
254 2539 300 2569 ita
323 2539 433 2569 voluit
455 2539 489 2568 in
515 2548 576 2569 suo
600 2539 715 2578 vigore
739 2548 888 2576 manere,
916 2550 953 2570 ac
977 2541 1005 2570 si
1029 2541 1123 2571 deca-

111 2594 226 2622 natum
251 2601 317 2622 non
340 2594 551 2631 acceptasses
577 2593 732 2629 eundem,
761 2593 814 2623 vel
844 2593 873 2622 si
899 2593 961 2623 tibi
985 2594 1123 2624 decana-

109 2647 164 2675 tus
187 2646 259 2684 ipse
277 2653 343 2674 non
365 2645 485 2675 fuisset
509 2645 663 2681 collatus,
686 2647 765 2675 tunc
788 2648 921 2676 vacaret
944 2647 996 2676 vel
1020 2656 1120 2685 quam

108 2698 257 2736 primum
286 2707 404 2728 vacare
434 2699 653 2737 contingeret,
686 2698 749 2728 tibi
778 2699 831 2729 vel
862 2699 951 2734 aliis⁷
980 2701 1038 2730 tuo
1065 2698 1128 2729 no-'

110 2751 212 2785 mine,
231 2750 455 2787 conferentes,
475 2753 506 2781 te
529 2752 563 2781 in
582 2751 778 2790 hujusmodi
797 2752 971 2790 dignitatis
989 2761 1121 2791 posscs-

109 2804 239 2833 sionem
265 2804 461 2834 inducerent
486 2806 517 2834 et
541 2805 716 2834 inductum
737 2812 796 2842 per
813 2813 848 2834 se
866 2805 919 2834 vel
938 2814 997 2843 per
1014 2805 1119 2835 alium

109 2857 336 2893 defensarent,
362 2858 460 2896 jiixta
484 2857 689 2887 directarum
719 2857 881 2895 predictis
903 2857 1062 2896 episcopo
1088 2860 1118 2888 et

110 2910 215 2949 priori
229 2910 470 2940 continentiam
485 2910 689 2944 litterarum,
702 2918 768 2940 non
782 2909 995 2940 obstantibus
1009 2919 1119 2949 accep-

2142 235 2202 264 285

1190 315 1317 345 tatione
1335 317 1367 345 et
1384 315 1564 345 collatione
1585 315 1768 345 decanatus
1785 313 1935 353 ejusdem
1954 324 2013 345 scu
2033 315 2198 354 quibusli-

1190 367 1245 397 bet
1262 368 1386 397 litteris
1397 368 1606 406 apostolicis,
1618 370 1756 406 propter
1769 368 2035 406 acceptationem
2052 370 2082 398 et
2100 369 2200 398 colla—

1190 420 1316 450 tionem
1331 420 1538 459 hujusmodi,
1558 421 1749 459 impetratis
1768 420 1819 450 vei
1841 421 1942 451 etiam
1963 421 2198 459 impetrandis,

1189 481 1254 511 que
1281 473 1320 503 de
1346 474 1483 512 proprio
1507 475 1565 503 tuo
1594 474 1730 503 nomine
1757 483 1793 503 ac
1811 474 1851 503 ‹le
1874 473 2067 512 hujusmodi
2093 474 2201 512 gratia

1189 526 1252 555 tibi
1277 527 1363 556 sacta
1380 527 1514 565 plenam
1532 528 1564 556 et
1587 535 1784 565 expressam
1804 535 1870 556 non
1895 526 2041 557 facerent
2060 527 2201 556 mentio—

1190 587 1277 609 nem.
1297 580 1413 613 Porro,
1437 580 1525 609 dicto
1544 580 1782 618 predecessore
1803 579 1892 609 viam
1911 580 2068 609 universe
2089 580 2201 609 carnis

1189 632 1356 670 ingresso,
1378 632 1458 670 quia
1476 632 1536 661 tibi
1563 632 1669 662 adhuc
1695 632 1809 662 debita
1828 633 1977 671 provisio
2002 641 2067 662 non
2086 641 2202 671 prove—

1189 687 1283 715 nerat
1301 694 1343 715 ex
1359 685 1483 715 litteris
1501 686 1717 724 supradictis,
1738 694 1798 715 nos
1815 687 1856 721 te,
1877 694 1975 724 quem
1996 694 2060 715 non
2077 686 2201 715 minori

1190 738 1364 768 affectione
1375 746 1475 776 quam
1490 738 1579 767 idem
1590 740 1629 768 A.
1641 738 1859 776 predecessor
1874 737 2111 776 diligebamus,
2127 747 2200 777 pro-

1190 791 1286 829 sequi
1304 790 1536 821 favorabiliter
1552 791 1776 824 intendentes,
1790 800 1827 820 ac
1844 799 1903 829 per
1915 791 1974 820 hoc
1986 793 2054 820 tam
2071 800 2202 829 proces-

1189 851 1265 872 sum
1275 843 1384 881 ipsius
1394 843 1544 882 episcopi
1555 843 1752 873 Abricensis
1762 844 1830 881 (sic)
1841 852 1942 882 super
1956 843 2022 873 hiis
2035 844 2200 880 habitum,

1189 904 1289 933 quam
1323 896 1607 931 reservationem,
1639 896 1825 931 decretum,
1858 896 2136 935 approbationem
2171 898 2203 926 et

1190 948 1440 986 suppletionem
1459 949 1611 986 ejusdem
1632 949 1884 986 predecessoris
1902 951 1973 978 rata
1991 949 2152 979 habentes
2171 951 2202 979 et

1190 1000 1287 1030 firma
1297 1009 1402 1039 eaque
1411 1001 1609 1030 auctoritate
1620 1001 1806 1039 apostolis-a
1815 1002 2063 1037 confirmantes,
2074 1003 2202 1032 eisdem

1190 1052 1303 1083 abbati
1316 1055 1346 1083 et
1358 1053 1592 1083 archidiacono
1605 1062 1664 1092 per
1678 1054 1809 1083 litteras
1823 1056 1956 1083 nostras
1966 1055 2202 1084 mamlavimus

1189 1108 1225 1136 ut
1252 1114 1354 1144 super
1385 1106 1446 1136 hoc
1473 1106 1672 1136 auctoritate
1699 1108 1815 1136 nostra
1840 1107 2079 1145 procederent,
2105 1108 2202 1144 juxta

1190 1159 1395 1189 directarum
1419 1159 1469 1189 eis
1492 1159 1601 1197 ipsius
1622 1159 1872 1198 predecessoris
1889 1160 2130 1190 continentiam
2149 1161 2203 1190 lit-

1188 1213 1356 1247 terarumg
1389 1213 1542 1242 volentes
1574 1213 1703 1243 tamdiu
1730 1221 1748 1242 a
1775 1214 1806 1242 te
1835 1213 2033 1243 decanatum
2064 1214 2202 1244 retineri

1189 1265 1389 1303 predictum,
1413 1266 1517 1295 donec
1545 1265 1608 1295 tibi
1634 1265 1731 1300 foret,
1754 1265 1852 1304 juxta
1872 1268 2023 1296 tenorem
2051 1267 2203 1297 mandati

1189 1318 1378 1357 apostolici,
1391 1319 1430 1348 de
1447 1319 1641 1357 hujusmodi
1657 1319 1873 1357 prepositura
1884 1319 1936 1349 vel
1954 1319 2116 1358 dignitate
2129 1328 2203 1358 pro-

1188 1371 1311 1406 visum,
1338 1374 1370 1402 et
1400 1371 1543 1401 haberes
1570 1371 1725 1405 liberam,
1753 1372 1945 1410 expeditam
1973 1375 2003 1402 et
2028 1373 2202 1411 pacificam

1188 1425 1574 1463 possessionemipsius.
1591 1424 1743 1463 Cumque
1756 1425 1973 1463 postmodum
1986 1426 2202 1464 prepositura

1188 1477 1298 1516 ipsius
1315 1478 1456 1508 ecclesie
1479 1487 1507 1507 s.
1527 1478 1713 1508 Audomari
1738 1486 1797 1516 per
1817 1479 1960 1508 mortem
1980 1479 2145 1509 Johannis
2163 1480 2201 1509 de

1188 1530 1310 1567 Blesis,
1330 1531 1495 1570 prepositi
1513 1531 1666 1570 ejusdem
1686 1531 1838 1567 ecclesie,
1857 1532 2057 1568 vacavisset,
2077 1541 2202 1562 memo-

1188 1585 1282 1613 ratus
1305 1583 1409 1614 abbas
1431 1584 1538 1619 solus,
1560 1586 1660 1622 prout
1681 1584 1711 1614 ei
1732 1584 1954 1622 competebat,
1980 1593 2021 1614 ex
2040 1584 2202 1616 beneficio

1188 1636 1382 1675 hujusmodi
1405 1637 1608 1673 litterarum,
1627 1637 1878 1676 preposituram
1901 1638 2010 1676 ipsam
2028 1641 2202 1669 vacantem

1187 1690 1320 1720 Matheo
1349 1690 1389 1720 de
1420 1690 1548 1727 Firmo,
1582 1690 1741 1720 canonico
1771 1691 1912 1721 ecclesie
1939 1700 1965 1721 s.
1994 1691 2131 1721 Martini
2160 1692 2200 1721 de

1188 1743 1374 1781 Campellis
1400 1743 1435 1773 in
1460 1743 1550 1778 Bria,
1576 1743 1787 1782 procuratori
1811 1745 1880 1779 tuo,
1906 1744 1977 1774 vice
2004 1753 2040 1774 ac
2065 1745 2201 1774 nomine

1187 1798 1254 1832 tuo,
1274 1797 1471 1826 auctoritate
1481 1796 1672 1827 litterarum
1682 1797 1834 1834 ipsarum
1847 1797 2000 1833 contulit,
2013 1798 2201 1836 assignavit

1188 1851 1219 1880 et
1237 1849 1381 1879 eundem
1399 1849 1443 1879 M.
1464 1849 1503 1879 de
1523 1850 1609 1888 ipsa,
1628 1851 1685 1879 tuo
1703 1850 1849 1883 nomine,
1865 1858 1926 1888 per
1943 1859 2042 1880 suum
2062 1851 2201 1880 anulum

1187 1902 1373 1939 investivit,
1388 1904 1488 1940 prout
1500 1902 1534 1932 in
1547 1902 1682 1940 publico
1698 1903 1934 1939 instrumento,
1947 1903 2056 1941 ipsius
2069 1903 2202 1934 abbatis

1187 1956 1301 1995 sigillo
1328 1956 1471 1991 munito,
1501 1956 1623 1986 exinde
1652 1956 1815 1992 confecto,
1834 1956 1968 1994 plenius
1996 1957 2198 1987 continetur.

1186 2010 1257 2040 Nos
1287 2009 1401 2048 igitur,
1430 2009 1499 2039 tuis
1521 2009 1829 2048 supplicationibus
1855 2009 2021 2046 inclinati,
2048 2011 2138 2049 quod
2160 2010 2201 2040 ab

1187 2063 1305 2093 eodem
1327 2062 1446 2092 abbate
1475 2071 1576 2101 super
1595 2062 1655 2092 hoc
1677 2062 1801 2092 factum
1823 2065 1884 2099 est,
1910 2066 2021 2093 ratum
2039 2063 2201 2094 habentes

1187 2118 1219 2146 et
1234 2117 1379 2154 gratum,
1395 2115 1456 2146 tibi
1471 2116 1722 2154 preposituram
1734 2116 1875 2146 eandem
1891 2117 2090 2146 auctoritate
2106 2126 2201 2155 apos-

1186 2170 1287 2199 tolica
1310 2170 1349 2200 de
1375 2169 1516 2207 speciali
1540 2169 1659 2207 gratia,
1684 2178 1725 2199 ex
1749 2171 1840 2199 certa
1862 2170 2004 2199 scientia
2025 2170 2199 2200 confirma-

1187 2231 1263 2252 mus
1294 2225 1324 2253 et
1356 2223 1525 2261 presentis
1557 2223 1675 2261 scripti
1710 2223 1895 2261 patrocinio
1927 2224 2177 2253 communimus
2190 2244 2197 2257 ‚

1185 2276 1404 2305 decernent-es
1421 2275 1556 2305 irritum
1583 2278 1613 2305 et
1634 2275 1733 2305 inane
1751 2276 1911 2314 quicquid
1928 2276 1967 2305 de
1986 2276 2199 2314 prepositura

1186 2329 1314 2363 eadem,
1336 2330 1473 2367 propter
1492 2328 1687 2367 hujusmodi
1706 2328 1922 2358 collationem
1939 2328 1999 2359 tibi
2018 2328 2138 2358 factam
2158 2329 2197 2359 de

1185 2382 1270 2420 ipsa,
1288 2390 1347 2420 per
1366 2390 1609 2420 quoscumque,
1630 2384 1743 2411 nostra
1761 2381 1814 2411 vel
1833 2381 1899 2411 alia
1919 2381 2039 2419 quavis
2057 2382 2199 2412 auctori-

1184 2436 1262 2470 tate,
1282 2435 1334 2464 est
1351 2434 1404 2464 vel
1420 2434 1522 2464 fuerit
1539 2436 1788 2472 attemptatum.
1807 2435 1973 2464 Tenorem
1990 2436 2102 2464 autem
2124 2444 2196 2473 pre-

1184 2488 1264 2517 dicti
1283 2487 1500 2517 instrumenti
1516 2486 1733 2525 presentibus
1750 2487 1853 2517 inseri
1869 2487 2022 2522 fecimus,
2040 2487 2097 2525 qui
2116 2487 2197 2517 talis

1184 2543 1234 2570 est
1250 2550 1256 2569 :

1224 2605 1238 2620 «
1255 2592 1433 2623 Universis
1450 2593 1624 2630 presentes
1636 2590 1768 2635 littteras
1789 2590 2007 2629 inspecturis,
2022 2591 2079 2627 M„
2094 2591 2195 2621 mise-

1183 2646 1312 2676 ratione
1344 2645 1459 2674 divina
1491 2643 1580 2673 beati
1610 2643 1768 2682 Dyonisii
1798 2643 1832 2673 in
1864 2644 2022 2679 Francia,
2053 2643 2194 2675 humilis

1182 2698 1297 2734 abbas,
1312 2698 1456 2727 salutem
1475 2697 1509 2726 in
1528 2696 1686 2726 Domino.
1707 2697 1791 2726 Cum
1809 2696 1895 2726 bone
1913 2697 2075 2728 memorie
2090 2698 2197 2727 domi-

1182 2760 1246 2781 nus
1264 2750 1457 2780 Alexander
1472 2750 1640 2788 quondam
1657 2757 1743 2787 papa
1758 2749 1834 2786 IIII,
1850 2750 1990 2789 cupiens
2009 2751 2193 2780 discretum

1181 2805 1292 2834 virum
1328 2803 1529 2841 magistrum
1568 2802 1794 2838 Adenult'um,
1834 2803 2045 2841 capellanum
2075 2812 2191 2840 suum,

1182 2858 1337 2895 nepotem
1360 2856 1469 2885 felicis
1493 2855 1736 2885 recordationis
1759 2855 1798 2885 G.
1820 2864 1919 2894 pape,
1941 2856 2194 2894 predecessoris

1181 2910 1265 2948 ejus,
1290 2909 1400 2947 ipsius
1421 2908 1587 2947 capellani
1605 2907 1819 2947 exigentibus
1838 2909 1981 2945 meritis,
2004 2909 2044 2939 ob
2063 2911 2193 2947 gratam
2210 2920 2214 2924 ²
