2547 3289
269 197 328 225 <218

269 288 305 308 ea
322 277 466 307 radicale
488 278 519 305 ct
540 275 685 309 fundate,
706 273 835 311 possint
857 272 895 301 ad
913 272 988 310 agni
1005 271 1138 301 Domini
1164 269 1274 301 nostri

1024 190 1051 219 P.
1057 186 1267 218 Effls'i‘RES
1289 184 1500 215 D'URBAIN
1528 183 1583 213 tv.

1307 271 1309 280 '
1337 267 1512 301 membris,
1532 267 1618 296 sicut
1638 266 1760 296 melius
1779 266 1900 296 viderit
1915 267 2087 305 expedire.
2107 267 2277 297 Excessus
2291 275 2347 296 au·

268 332 348 361 Jesu
375 329 497 359 Christi
524 328 658 365 nuptias
677 335 752 356 011111
770 325 995 363 prudentibus
1019 324 1209 363 virginibus
1229 324 1277 353 111-
1308 359 1309 369 ¹

1308 384 1309 401 2
1338 382 1411 403 rum
1436 373 1632 403 nullatenus
1654 373 1854 411 corrigatur.
1882 372 1978 407 Quod
1995 373 2024 402 si
2045 372 2172 411 aliquid
2196 373 2262 403 tale
2281 373 2347 402 sibi

270 383 382 413 [sulse.

308 446 323 465 «
337 436 383 464 Ad
398 435 465 469 hcc,
479 435 513 463 ut
525 432 754 470 dispendiosis
767 430 978 460 discursibus
992 430 1133 459 materia
1147 429 1277 459 subtra-

268 489 375 520 hatur,
400 488 430 516 111
459 487 580 516 virtute
599 484 801 519 obedientie,
821 483 882 513 sub
907 491 991 521 pena
1011 482 1279 512 excommunica-

268 541 379 573 tionis„
395 548 493 578 quam
507 539 578 577 ipso
590 538 676 567 sacto
688 536 976 575 transgredientes
985 535 1108 565 velnon
1122 536 1277 573 parentes

269 594 449 627 incurrant,
483 591 634 621 districte
664 589 869 628 precipimus
893 590 929 618 ut
949 589 969 624 ¹,
1001 589 1152 626 exceptis
1184 588 1277 617 1111111-

266 647 358 676 taxat
370 644 614 679 servit1alibus,
632 641 937 673 monasterioru1n²
955 641 1091 670 illorum
1110 641 1274 674 locorum,

268 700 300 728 in
317 698 440 736 quibus
455 698 606 728 Romana
620 696 721 726 fuerit
740 695 883 725 ecclesia
896 694 1093 730 constituta,
1114 694 1276 732 quamdiu

266 751 312 780 ibi
342 750 558 780 residentiam
592 749 717 785 fecerit,
747 748 840 778 nulla
871 747 1056 783 abbatissa,
1087 756 1183 777 soror
1209 747 1276 786 (vel

266 804 475 841 servitialis),
488 812 546 841 pro
562 803 631 832 ulla
647 801 860 831 necessitatis
871 809 985 836 causa,
997 800 1036 830 ad
1052 800 1165 830 sedem
1180 808 1275 838 apos-

265 857 399 887 tolicam
433 855 656 895 perstmaliter
686 855 798 884 veniat
828 854 880 883 vel
905 853 1053 889 accedat,
1081 853 1146 882 nisi
1174 861 1276 891 super

265 910 326 940 hoc
342 919 400 948 per
423 908 628 947 apostolicos
648 907 772 946 apices,
792 907 843 937 vel
863 906 943 937 dicti
961 906 1146 936 cardinalis
1163 907 1276 944 paten-

264 964 315 993 tes
332 962 463 992 litteras
483 961 584 991 alicui
601 960 759 999 specialis
775 960 914 990 licentia
933 959 1147 990 concedatur.

306 1026 321 1046 «
340 1015 545 1046 Mouasteria
574 1014 674 1053 hujus
703 1013 879 1051 religionis
911 1021 970 1051 per
993 1012 1200 1046 visitatores,
1219 1012 1274 1050 qui

265 1068 510 1103 auctoritatem,
524 1068 667 1097 formam
685 1068 716 1096 et
731 1066 868 1095 modum
883 1074 901 1095 a
916 1065 1092 1100 cardinali,
1107 1065 1159 1094 cui
1175 1064 1277 1094 fuerit

265 1130 283 1151 a
305 1122 382 1151 sede
408 1120 592 1159 apostolica
618 1120 730 1149 vester
755 1119 835 1148 ordo
862 1118 1077 1152 commissus,
1099 1117 1274 1155 recipiant,

264 1174 369 1205 semel
388 1175 427 1204 ad
449 1174 561 1204 minus
579 1173 676 1202 annis
700 1172 845 1210 singulis
864 1171 1056 1201 visitentur.
1084 1171 1170 1201 Sane
1189 1170 1277 1199 circa

263 1227 476 1257 visitationes
510 1225 703 1265 hujusmodi
732 1225 817 1254 illud
845 1226 896 1254 est
925 1224 1070 1254 sollicite
1098 1223 1276 1262 providen-

265 1281 355 1316 dum,
388 1281 422 1309 ut
450 1279 653 1318 quicumque
679 1278 730 1307 vel
755 1277 923 1315 generalis
949 1277 1000 1306 vel
1026 1276 1127 1306 etiam
1152 1275 1276 1305 alicubi

264 1333 446 1372 aliquando
461 1332 618 1371 specialis
634 1331 890 1361 constituemlus
906 1329 1181 1365 fueritvisitator,
1197 1329 1275 1358 talis

265 1387 383 1417 debeat
410 1386 582 1420 constitui,
611 1385 650 1415 de
674 1385 769 1423 cujus
797 1384 955 1421 religiosa
984 1384 1052 1413 vita
1075 1386 1105 1413 et
1124 1383 1276 1413 moribus

264 1441 384 1470 notitia
400 1440 499 1478 plena
516 1441 548 1469 et
564 1438 728 1469 securitas
755 1437 928 1467 habeatur.
954 1437 1030 1472 Qui,
1055 1445 1131 1466 cum
1148 1437 1189 1466 ad
1209 1444 1277 1466 mo-

265 1492 449 1523 nasterium
471 1492 607 1531 aliquod
627 1491 777 1524 veniens,
798 1490 1156 1528 fueritintrogressus,
1177 1489 1225 1519 sic
1240 1498 1276 1519 se

265 1555 323 1584 per
340 1546 453 1576 omnia
471 1544 629 1575 exhibeat
649 1545 682 1574 et
700 1543 866 1579 ostendat,
888 1544 923 1572 ut
939 1551 1056 1572 omnes
1074 1542 1113 1572 de
1131 1541 1217 1583 bono
1236 1542 1277 1572 ad

264 1600 388 1630 melius
405 1600 561 1638 provocet
579 1600 609 1629 et
626 1598 664 1628 ad
682 1598 744 1628 Dei
764 1606 913 1627 1111101001
926 1597 1055 1626 etinter
1071 1605 1106 1626 se
1124 1597 1274 1626 mutuam

264 1652 439 1683 caritatem
467 1660 600 1690 semper
624 1651 809 1681 inflammet-
834 1650 961 1688 pariter
983 1652 1014 1680 et
1041 1649 1212 1679 accendat.
1238 1649 1277 1679 Et

265 1706 397 1745 quando
418 1705 613 1735 monasterii
633 1704 780 1734 claustra
801 1703 840 1733 ad
857 1703 1066 1733 visitandum
1086 1702 1274 1737 intraverit,

268 1759 352 1789 duos
381 1758 558 1795 religiosos
582 1759 613 1787 et
638 1757 784 1795 ydoneos
813 1756 923 1785 300103
947 1764 1061 1785 secum
1085 1755 1199 1790 ducat,
1220 1755 1276 1793 qui

267 1812 424 1842 videlicet
451 1811 530 1841 socii
562 1810 664 1840 simul
689 1812 855 1840 maneant.
879 1811 921 1845 et,
948 1809 1029 1838 1111111
1049 1808 1171 1838 fuerint
1190 1808 1279 1838 intra

267 1865 464 1899 claustrum,
486 1863 526 1893 ab
546 1863 687 1893 invicem
706 1862 900 1892 nullatenus
919 1863 1129 1900 separentur.
1153 1861 1277 1891 Yisita-

266 1920 319 1949 tor
337 1920 458 1953 autom,
479 1917 592 1956 regula
611 1916 705 1955 prius
723 1916 807 1945 lecta
819 1918 847 1944 et
868 1915 1034 1953 exposita,
1051 1913 1091 1944 ab
1105 1913 1278 1943 abbatissa

269 1971 420 2010 sigillum
439 1970 589 2008 recipiat,
612 1968 700 2007 1111011
722 1969 794 2006 ipsa
816 1967 881 1996 sibi
901 1967 1074 2006 assignare
1094 1968 1125 1996 ‹ft
1144 1966 1278 1996 absolu-

268 2025 393 2055 tionem
413 2025 442 2053 ct
461 2022 711 2053 concessionem
726 2020 766 2050 ab
781 2020 951 2050 abbatisse
967 2020 1156 2049 ministerio
1167 2020 1278 2057 petere

269 2077 423 2108 absolute
443 2085 479 2106 ac
497 2075 600 2105 libere
621 2076 784 2105 teneatur.
803 2074 872 2108 Qui·
893 2073 922 2102 si
942 2081 1154 2102 communem
1173 2072 1276 2101 vitam

267 2131 388 2160 ducere
414 2137 478 2158 non
502 2127 649 2166 potuerit
668 2127 719 2155 vel
748 2126 905 2159 1101110111,
940 2134 997 2163 per
1023 2125 1167 2154 cundem
1200 2124 1279 2153 visi-

267 2185 410 2214 tatorem
427 2192 444 2212 a
462 2190 522 2211 suo
550 2180 711 2219 regimine
737 2179 943 2211 absolvatur.
965 2178 1030 2207 nisi
1049 2187 1111 2207 sua
1136 2186 1227 2207 mora
1247 2177 1279 2206 in

269 2236 379 2267 oflicio
395 2234 598 2265 monasterio
615 2232 835 2270 dispendiosa
853 2240 917 2261 non
935 2233 1037 2267 esset,
1053 2231 1110 2260 sed
1129 2239 1281 2260 necessa-

269 2289 319 2319 ria
345 2289 397 2318 vel
417 2288 589 2317 evidenter
613 2285 708 2316 utilis
732 2286 921 2324 appareret,
947 2284 1153 2315 Absolvatur
1178 2283 1278 2313 etiam

268 2351 327 2382 per
353 2342 507 2375 0111111010,
535 2340 563 2369 si
583 2339 669 2370 alias
687 2348 752 2369 non
779 2339 911 2377 ydonea
930 2337 981 2367 vel
1006 2337 1217 2367 insufficiens
1240 2336 1279 2366 ad

267 2395 465 2426 monasterii
491 2394 640 2432 regimen
669 2392 853 2427 videretur,
875 2392 906 2421 et
926 2391 986 2420 hoc
1015 2391 1070 2421 liat
1094 2390 1279 2420 secundum

268 2448 410 2479 formam
428 2449 460 2477 et.
487 2446 621 2476 modum
648 2454 732 2484 quos
754 2453 771 2474 a
790 2444 954 2474 cardinali
979 2443 1173 2482 supradicto
1191 2451 1279 2473 rece-

268 2502 355 2541 perit
372 2501 536 2530 visitator.
557 2499 620 2535 Qui
643 2500 709 2528 tam
730 2498 768 2527 de
789 2498 901 2536 ipsius
921 2496 1092 2526 abbatisse
1111 2505 1212 2535 quam
1230 2504 1280 2525 so-

268 2563 382 2585 rorum
399 2556 487 2584 statu
503 2554 533 2583 01
556 2551 771 2582 observantia
788 2559 848 2580 sue
867 2550 1043 2589 religionis
1061 2549 1101 2579 ab
1121 2549 1279 2579 omnibus

269 2607 470 2647 generalitor
486 2608 517 2636 et
534 2605 726 2644 specialiter
739 2613 755 2634 a
769 2604 916 2642 singulis
930 2603 1077 2642 inquirat
1090 2602 1279 2633 studiosius

269 2661 463 2691 veritatem:
481 2661 512 2689 01
537 2658 591 2688 ubi
616 2657 743 2696 aliquid
764 2656 1016 2686 reformandum
1038 2656 1089 2685 vel
1113 2656 1280 2693 corrigen-

269 2713 348 2744 dum
380 2712 554 2747 invenerit,
585 2711 656 2741 zelo
684 2710 838 2740 caritatis
856 2712 884 2739 01
915 2718 1027 2739 amore
1047 2709 1179 2747 justitie
1203 2717 1278 2738 cum

269 2766 471 2797 discretione
481 2765 665 2801 voi-rigalet
678 2764 853 2795 reformet,
873 2766 939 2792 tam
955 2763 987 2792 iu
1006 2762 1113 2800 capite
1127 2770 1227 2800 quam
1247 2762 1278 2791 in

300 2842 321 2864 1.
341 2840 378 2864 Co
396 2842 450 2863 mot
468 2843 506 2862 ost
528 2838 620 2868 11101110
637 2839 707 2861 dans
725 2837 911 2867 l’intcrligno,

299 2882 322 2905 2.
342 2881 379 2905 CO
396 2882 451 2903 mol
468 2881 509 2902 vSt
530 2879 622 2908 ajout-'¹
640 2886 671 2901 ¹¹¹1
690 2885 796 2907 mal-gp,

1336 322 1404 350 tem
1423 320 1479 359 qui
1499 320 1597 350 fuerit
1617 319 1825 349 sufficienter
1851 321 2021 349 correctus
2038 328 2056 349 a
2076 320 2263 356 visitatore,
2289 320 2347 350 ite-

1338 426 1532 462 occurrerit,
1559 426 1647 464 quod
1667 434 1725 464 per
1751 434 1786 455 se
1813 428 1957 464 nequeat
1983 425 2172 459 emendare,
2193 427 2233 455 ad
2252 435 2347 464 supe-

1338 481 1460 509 riorem
1475 479 1597 509 referat
1609 481 1643 508 ut
1654 479 1852 517 corrigatur,
1863 478 1950 508 sicut
1963 478 2111 516 expedit,
2121 479 2194 517 ejus
2206 479 2347 508 consilio

1339 541 1375 562 ac
1400 536 1567 570 precepto.
1594 532 1717 561 Caveat
1743 532 1854 561 autem
1882 530 2055 560 abbatissa
2077 539 2117 561 ne
2139 540 2157 560 a
2181 540 2216 560 se
2240 531 2291 561 vel
2309 531 2349 560 ab

1339 585 1417 615 aliis
1434 584 1609 615 sororibus
1626 587 1736 614 status
1755 584 1807 613 sui
1826 584 2026 614 monasterii
2038 584 2206 614 visitatori
2222 584 2349 622 aliqua-

1338 640 1436 668 tenus
1455 637 1693 673 abscondatur,
1715 637 1795 676 quia
1817 637 1944 666 malum
1963 639 2052 666 esset
2072 637 2234 667 indicium
2253 639 2284 666 et
2304 637 2352 666 ot*—

1338 691 1433 721 fensa
1447 691 1594 730 graviter
1610 691 1792 729 punienda.
1806 690 1912 720 Immo
1929 690 2086 719 volumus
2104 691 2133 719 et
2150 689 2351 719 mandamus

1338 745 1374 774 ut
1397 752 1435 774 ea
1458 752 1534 782 que,
1558 743 1743 773 secundum
1769 743 1836 773 vite
1862 751 1921 771 sue
1947 742 2089 772 sormam
2108 744 2138 772 et
2160 742 2350 781 regularem

1338 796 1601 832 observantiam,
1620 796 1828 826 instituenda
1845 795 1897 826 vel
1918 795 2127 826 emendanda
2145 795 2352 834 1110110110-

1336 849 1424 880 blice
1442 858 1478 880 ac
1496 850 1667 888 privatim,
1690 849 1776 879 sicut
1796 849 1919 879 melius
1934 848 2033 878 fuerit
2052 849 2254 882 faciendum,
2273 848 2352 878 visi-

1338 903 1439 934 tatori
1457 905 1637 942 suggerant
1655 904 1687 933 et
1706 905 1911 941 proponanss
1931 902 1983 931 cui
2001 903 2178 932 teneantur
2197 902 2229 931 in
2245 901 2352 932 omni-

1337 955 1412 993 bus,
1442 965 1505 995 que
1529 956 1570 986 ad
1598 956 1748 986 osticium
1776 955 1982 985 visitationis
2002 955 2181 993 pertinent,
2210 954 2352 984 firmiter

1338 1009 1485 1039 obedire.
1507 1010 1578 1044 Que
1607 1011 1720 1039 autem
1742 1008 1840 1038 aliter
1868 1008 2020 1043 fecerint,
2038 1017 2055 1037 a
2074 1008 2261 1043 visitatore,
2282 1009 2351 1037 tam

1337 1061 1511 1092 abbatissa
1535 1071 1637 1101 quam
1659 1061 1736 1097 alie,
1757 1061 1881 1097 debite,
1901 1064 1999 1099 prout
2021 1061 2188 1096 convenit,
2210 1060 2351 1099 punian—

1336 1117 1402 1146 tur.
1425 1116 1550 1145 Omnes
1567 1117 1693 1150 autem,
1710 1117 1779 1144 tam
1796 1114 1969 1143 abbatissa
1987 1122 2087 1152 quam
2109 1122 2255 1144 sorores.
2278 1122 2352 1143 con·

1338 1168 1486 1198 siderent
1508 1170 1539 1198 et
1561 1170 1699 1198 caveant
1727 1168 1907 1206 diligenter
1934 1170 1969 1196 ut
1995 1166 2098 1196 nichil
2129 1166 2223 1196 aliud
2249 1174 2352 1204 quam

1337 1230 1432 1252 amor
1464 1222 1600 1251 divinus
1617 1222 1649 1251 et
1670 1229 1808 1250 suarum
1835 1220 1998 1250 correctio
2019 1228 2055 1249 ac
2080 1219 2278 1249 monasterii
2304 1228 2354 1249 re-

1338 1274 1496 1304 formatio
1521 1283 1578 1304 eas
1603 1275 1734 1303 moveat
1760 1274 1801 1303 ad
1829 1273 2047 1312 loquendum.
2076 1272 2213 1303 Modum
2238 1274 2351 1302 autem

1338 1327 1497 1366 loquendi
1517 1327 1673 1357 visitator
1690 1327 1857 1357 custodiat
1874 1326 2119 1364 supradictum,
2141 1327 2175 1355 ut
2194 1325 2352 1355 videlicet

1338 1382 1393 1410 aut
1412 1389 1487 1410 cum
1510 1380 1678 1415 omnibus,
1698 1382 1753 1410 aut
1776 1388 1851 1409 cum
1878 1378 2033 1417 pluribus
2055 1379 2157 1409 simul
2181 1379 2350 1417 loquatur,

1338 1434 1391 1464 vel
1407 1435 1534 1464 secrete
1550 1442 1625 1463 cum
1642 1443 1720 1468 una,
1739 1433 1816 1463 aliis
1835 1433 1876 1462 ad
1891 1433 2004 1462 minus
2016 1432 2147 1462 ‹luabus
2167 1432 2199 1461 111
2213 1433 2351 1470 aspectu

1338 1487 1410 1526 ejus
1438 1496 1504 1517 non
1533 1487 1630 1526 longe
1650 1485 1858 1522 sedentibus,
1880 1491 1915 1516 nt
1942 1494 2000 1524 per
2019 1485 2132 1515 omnia
2149 1484 2234 1515 bone
2262 1485 2351 1514 same

1338 1540 1516 1579 integritas
1542 1542 1772 1575 conservetur,
1800 1539 1865 1569 nisi
1893 1539 1933 1568 ad
1964 1539 2167 1568 locutorium
2188 1547 2263 1568 cum
2286 1546 2353 1567 una

1338 1594 1391 1624 vel
1420 1593 1577 1632 pluribus
1603 1593 1696 1632 loqui
1727 1592 1872 1622 voluerit
1896 1593 1936 1622 de
1961 1592 2027 1621 hiis
2052 1600 2116 1630 que
2141 1591 2181 1621 ad
2201 1591 2353 1621 osticium

1339 1656 1438 1677 suum
1463 1647 1632 1685 pertinere
1653 1648 1847 1676 noscuntur.
1873 1645 1964 1675 Idem
1983 1645 2085 1675 etiam
2107 1645 2262 1675 visitator
2284 1646 2355 1674 tam

1338 1700 1551 1738 capellanum
1575 1709 1675 1738 quam
1694 1708 1876 1729 conversos
1893 1700 1924 1728 et
1943 1701 2073 1728 ceteros
2091 1698 2131 1728 de
2150 1697 2278 1727 familia
2298 1706 2354 1727 ex-

1339 1754 1486 1783 trinseca
1497 1752 1693 1783 monasterii
1705 1752 1832 1787 visitet,
1845 1755 1875 1782 et
1887 1752 1920 1781 in
1931 1751 1981 1781 eis
1991 1751 2135 1788 corrigat
2148 1753 2177 1780 el
2194 1751 2355 1780 reformet

1340 1815 1404 1845 que
1422 1806 1641 1836 correctionis
1659 1807 1690 1835 et
1707 1805 1960 1835 reformationis
1983 1804 2095 1834 oflicio
2121 1804 2250 1834 noverit
2269 1803 2354 1833 indi-

1340 1868 1428 1899 gere,
1459 1868 1563 1898 penas
1590 1861 1658 1889 tam
1689 1859 1870 1888 amotionis
1901 1859 2062 1897 perpetue
2088 1866 2105 1886 a
2133 1857 2353 1893 monasterio,

1339 1912 1543 1942 licentiando
1562 1913 1736 1950 professos
1753 1912 1794 1941 ad
1817 1911 1883 1941 alia
1902 1911 2108 1940 monasteria
2131 1911 2183 1940 vel
2202 1909 2350 1945 ordines,

1340 1967 1425 1996 sicut
1446 1965 1606 2004 expedire
1625 1965 1758 1997 viderit,
1779 1973 1878 2003 quam
1902 1964 1997 1999 alias,
2019 1965 2116 2002 prout
2134 1963 2230 2001 0111110
2248 1964 2355 2001 gravi-

1340 2021 1391 2049 tas
1416 2021 1445 2048 el
1474 2018 1621 2057 qualitas
1647 2017 1808 2056 exegerit,
1839 2016 2055 2055 imponendo.
2084 2016 2126 2046 t’t
2155 2018 2354 2045 autemnon

1340 2073 1521 2109 graventur
1539 2071 1745 2101 monasteria
1759 2070 1793 2099 in
1808 2070 1980 2108 expensis,
1999 2071 2029 2099 et
2048 2069 2202 2098 visitator
2220 2077 2354 2098 omnem

1341 2127 1453 2154 notam
1473 2124 1662 2162 cujuspiam
1683 2123 1890 2161 suspicionis
1907 2122 2021 2153 evitet,
2043 2122 2200 2151 volumus
2216 2123 2354 2151 omnino

1341 2177 1429 2216 quod
1451 2177 1605 2207 visitator
1623 2176 1662 2205 de
1681 2176 1888 2206 visitationis
1906 2175 2017 2205 0111010
2035 2184 2134 2213 qnam
2151 2175 2252 2204 citius
2267 2183 2356 2204 com-

1342 2230 1438 2259 mode
1450 2229 1583 2267 poterit.
1595 2238 1630 2257 se
1641 2229 1772 2258 studeat
1787 2228 1905 2266 expedi
1914 2236 1958 2257 re.
1968 2229 2093 2265 quanto
2105 2227 2216 2256 rarius
2226 2226 2354 2265 absque

1342 2283 1393 2312 sui
1427 2282 1531 2312 ot'licii
1560 2282 1738 2319 dispendio
1772 2281 1904 2319 poterit,
1934 2280 2132 2310 monasterii
2161 2280 2355 2310 clausuram

1342 2336 1560 2366 intrinsecam
1582 2335 1809 2373 ingressurus.

1382 2399 1398 2419 «
1419 2390 1557 2418 Verum.
1579 2397 1618 2417 ne
1636 2387 1676 2417 ab
1695 2387 1932 2417 observatione
1948 2387 2119 2425 presentis
2143 2385 2257 2425 regule
2281 2385 2354 2415 sive

1342 2442 1486 2472 sel-mule
1518 2441 1759 2479 suprascripte,
1791 2449 1891 2479 quam
1922 2440 2140 2470 uniformiter
2165 2439 2290 2478 ubique
2313 2438 2354 2469 ab

1341 2495 1500 2526 omnibus
1518 2495 1675 2524 volumus
1694 2496 1725 2523 et
1740 2492 2152 2531 mandamusdiligentius
2166 2492 2353 2526 observari,

1341 2558 1400 2587 pro
1420 2548 1550 2578 defectu
1573 2547 1652 2577 certi
1681 2547 1857 2586 regiminis
1875 2547 1908 2576 111
1928 2548 2102 2585 posterum
2123 2546 2278 2575 recedere
2295 2553 2355 2575 vos

1341 2602 1525 2639 conlingat,
1557 2603 1613 2631 aut
1646 2600 1709 2630 sub
1740 2600 1953 2629 diversorum
1986 2599 2182 2637 magisterio
2218 2598 2355 2628 vivendi

1341 2655 1458 2684 modos
1485 2655 1651 2684 1001111011
1674 2654 1879 2684 differentes.
1900 2652 2024 2682 dilecto
2042 2652 2111 2681 tilio
2131 2654 2245 2681 nostro
2261 2651 2305 2687 J„
2325 2659 2354 2681 s.

1339 2708 1492 2737 Nil-holai
1510 2708 1701 2737 1011010011,
1716 2706 1874 2737 Tulliano
1891 2706 2031 2735 1111100110
2048 2705 2224 2739 cardinali,
2236 2703 2355 2743 guber-

1341 2762 1461 2793 natori,
1482 2759 1663 2799 protectori
1684 2762 1715 2789 et
1731 2759 1912 2789 correctori
1931 2758 2062 2788 ordinis
2085 2759 2224 2788 fratrum
2249 2757 2355 2788 Mino-

1341 2823 1425 2845 111111,
1447 2822 1560 2844 ruram
1579 2815 1608 2843 01
1637 2813 1786 2849 regimen
1810 2812 1913 2842 vestri
1937 2811 2067 2841 ordinis
2090 2819 2216 2841 necnon
2233 2811 2356 2848 011101·-

1309 2868 1310 2881 ¹
1341 2876 1499 2897 sonarum
1536 2867 1568 2896 111
1600 2867 1649 2895 eis
1683 2865 1889 2903 degentium.
1925 2865 2053 2894 scilicet
2087 2863 2353 2902 capellanorum,
