2547 3289
279 203 300 231 ⁴
1086 207 1312 238 REGISTRE
1336 198 1559 236 CAMERAL.

350 285 396 316 10
767 285 892 320 viterbo,
909 288 942 313 26
960 288 1121 321 septembre
1139 291 1213 316 1261.

318 366 453 401 Magistro
475 366 597 393 ,Iohanni
620 367 654 393 de
667 367 835 400 Frusinone,
862 369 1008 403 capellano
1031 379 1094 404 suo,
1118 372 1237 398 mandat
1257 373 1288 398 ut

282 414 434 448 pecuniam
456 414 491 440 ad
505 414 665 440 Romanam
687 415 838 441 ecclesiam
862 416 1033 451 velnTerram
1055 419 1189 446 Sanctam
1211 428 1290 454 spec-

282 462 466 496 tantem‚per
486 470 552 488 eum
573 462 601 488 in
622 462 757 490 Hibernia
774 464 816 490 vel
836 465 939 499 Anglia
958 466 1157 498 collectam,et
1178 467 1288 502 deposi-

282 511 354 543 tam,
375 510 516 544 Raynerio
537 511 701 545 Bonaeursi,
719 512 838 540 Rolandi
856 513 1052 549 Bonsignoris,
1074 516 1289 543 Bonaventurae

282 557 453 584 Bernardini
469 560 497 585 et
518 559 652 593 Raynerii
670 561 836 594 Bonacursi,
854 562 959 589 civium
980 564 1150 590 Senensium
1168 566 1195 590 et
1212 563 1288 591 curie
1305 564 1311 568 ”

281 613 481 640 campsomm,
499 607 586 639 socio,
603 608 753 643 assignare
769 612 910 643 procuret.
932 611 1014 646 (nm.
1030 614 1074 644 27,
1093 612 1140 638 sol.
1160 614 1186 644 3,
1203 618 1235 639 ΠΟ
1251 613 1288 647 3.)

325 708 339 723 u
362 696 511 736 Magistro
527 698 661 729 Jolzcmni
676 699 711 730 de
720 700 900 738 Frusinone,
913 703 1069 742 capellano
1087 709 1199 734 nostro.
1211 705 1287 735 Pre-

282 749 428 780 sentium
441 750 500 780 tibi
519 752 711 784 auctoritate
723 770 772 789 —‚
786 755 822 784 ut
838 755 872 785 ln
886 756 1049 794 proxima.

350 907 393 939 ss
780 910 905 945 Viterbe,
924 912 955 938 13
972 912 1124 940 decembre
1142 916 1216 942 1261.

318 989 456 1022 Landoni,
484 991 620 1018 canonico
648 992 809 1027 Anagnino,
841 995 958 1021 mandat
981 998 1122 1029 quatenus
1154 998 1289 1033 quicquid

280 1040 315 1065 de
335 1038 517 1072 proventibus
534 1039 673 1066 Ostiensis
692 1042 720 1067 et
743 1041 931 1070 Velletrensis
950 1044 1130 1079 episcopatus
1145 1046 1172 1072 in
1196 1047 1288 1080 blado,

281 1086 346 1114 vino
369 1086 412 1113 vel
435 1087 664 1123 quibuscumque
688 1089 752 1116 aliis
775 1091 858 1117 rebus
881 1092 998 1126 recepit,
1020 1093 1101 1120 Petro
1121 1095 1155 1121 de
1174 1104 1197 1122 s.
1222 1097 1288 1122 Ger-

282 1142 380 1167 mano,
393 1135 531 1162 servienti
548 1144 647 1170 papae,
662 1137 745 1164 latori
762 1139 969 1174 praesentium,
983 1141 1129 1176 assignare
1145 1146 1287 1177 procuret.

284 1183 365 1218 (Rae.
380 1184 425 1217 27,
442 1183 489 1210 fol.
510 1185 535 1217 3,
549 1189 582 1210 n⁰
595 1186 633 1218 4.)

324 1279 340 1295 c<
358 1267 475 1298 Dilecto
485 1268 703 1307 file'oLandoni,
718 1272 860 1299 canonico
873 1272 1035 1311 Anaym'no
1048 1273 1066 1303 ¹.
1078 1273 1289 1306 Presentiuln

282 1320 344 1353 tibi
360 1321 552 1352 auctoritate
563 1323 740 1353 —.Datum
754 1324 906 1359 Viterbii,
916 1325 991 1355 idus
999 1326 1289 1364 dece1nbris‚a11no

282 1380 425 1412 primo.»

351 1519 399 1550 {2
888 1520 1012 1552 Viterbe,
1032 1523 1046 1548 3
1064 1522 1121 1548 mai
1142 1524 1216 1549 1262.

317 1600 454 1636 Magistro
474 1602 557 1628 Petro
577 1602 611 1628 de
632 1603 808 1630 Pontecurvo
825 1604 945 1631 mandat
964 1606 994 1631 ut
1010 1606 1162 1639 pecuniam
1185 1607 1212 1633 in
1233 1607 1290 1633 Un-

281 1649 362 1684 garia
388 1651 417 1675 et
446 1649 562 1676 Polonia
591 1651 742 1677 collectam
771 1652 908 1685 Brunoni,
937 1653 1068 1688 episcopo
1095 1655 1289 1689 Olomucensi,

280 1697 417 1733 assignet.
435 1698 515 1732 (aas.
531 1700 576 1732 27,
594 1698 642 1726 sol.
658 1700 685 1732 3,
700 1706 731 1726 n⁰
745 1702 774 1733 53
793 1700 933 1728 POTTnAsr
952 1703 1057 1735 18291.)

323 1784 338 1799 «
355 1772 500 1812 Mayistro
525 1773 619 1803 Petro
638 1774 673 1803 de
699 1775 900 1806 Ponteeurvo.
919 1777 1130 1808 Presentium
1140 1779 1199 1809 tibi
1214 1789 1287 1811 auc-

279 1825 468 1857 toritate—.
483 1826 607 1856 Datum
619 1827 774 1865 viterbii,
787 1829 913 1860 vnonis
927 1830 1019 1866 maii,
1036 1839 1123 1861 anno
1138 1833 1258 1871 pruno.
1273 1845 1287 1860 »

350 1972 397 2002 13
888 1973 1013 2007 Viterbe,
1031 1976 1046 2001 3
1063 1975 1121 2002 mai
1142 1977 1217 2003 1262.

316 2054 455 2087 Brunoni,
471 2054 604 2089 episcopo
620 2055 800 2083 Olomucensi
818 2057 852 2083 ad
869 2065 902 2084 ea
918 2066 990 2092 quae
1008 2059 1154 2092 suadebat,
1172 2069 1288 2095 respon-

280 2101 339 2134 det,
361 2103 534 2136 mandatque
551 2105 582 2130 ut
599 2112 615 2129 a
634 2104 773 2137 magistro
791 2106 874 2132 Petro
894 2107 926 2132 dc
945 2107 1119 2134 l‘ontecurvo
1137 2109 1288 2143 pecuniam

280 2150 419 2177 ecclesiae
436 2151 580 2177 Romanae
609 2152 736 2178 debitam
751 2153 975 2187 rccipiens,eam
988 2155 1119 2183 Venetias
1141 2158 1290 2184 transmit-

281 2198 424 2233 tat.{(Rnc.
442 2200 486 2231 27,
502 2199 550 2226 fol.
567 2201 582 2226 3
599 2205 678 2233 v⁰‚n0
696 2203 722 2235 1;
739 2201 879 2229 Ροίτιωετ
898 2204 1004 2238 18292.)

323 2302 364 2322 «..
382 2291 524 2331 episcopo
535 2292 730 2323 Olomucensi.
742 2293 883 2325 Litteras
895 2303 978 2334 quas
986 2304 1093 2335 nuper
1102 2314 1151 2327 —.
1164 2298 1287 2330 Datum

281 2343 436 2381 viterbii,
455 2353 476 2373 v
494 2346 592 2375 nonis
610 2346 701 2381 maii,
720 2355 807 2377 anno
823 2347 944 2386 primo.
963 2360 978 2376 »

349 2489 397 2521 14
857 2491 981 2525 Viterbe,
1000 2495 1031 2520 19
1046 2494 1119 2521 avril
1138 2497 1214 2521 1262.

317 2570 458 2605 Philippo,
480 2571 610 2606 episcopo
631 2573 794 2608 Mutinensi,
806 2575 924 2602 mandat
943 2577 1097 2612 compellat
1117 2579 1206 2605 bonae
1226 2588 1287 2606 me-

280 2619 390 2646 moriae
417 2620 513 2651 Zoeni,
537 2620 737 2649 Avinioneusis
760 2623 895 2658 episcopi,
915 2625 1050 2658 pecuniae
1075 2626 1235 2655 detentores
1258 2631 1288 2655 ut

281 2666 348 2694 1000
366 2667 453 2694 libras
471 2669 703 2703 llononicnsIum,
724 2671 1014 2700 Romanaeecclesiae
1034 2674 1153 2709 legatas,
1166 2678 1194 2702 et
1213 2678 1287 2711 apud

277 2714 448 2742 Jacobinum
469 2716 502 2742 de
521 2717 688 2753 Racorgeto,
708 2720 882 2746 Amadorem
898 2721 932 2747 de
952 2722 1116 2757 ffizecortis,
1137 2724 1285 2752 Nicolaum

278 2763 457 2799 Bongerardi
477 2767 506 2791 et
518 2766 657 2800 quosdam
677 2767 748 2794 alios
767 2768 843 2795 cives
855 2771 882 2796 ct
895 2772 1071 2799 mercatores
1081 2771 1285 2806 Bononienses,

311 2857 332 2881 1.
348 2857 424 2882 Cotto
439 2857 518 2882 lettre
532 2860 574 2883 est
588 2858 694 2884 barree.

1349 287 1504 322 depositas,
1519 286 1717 313 executoribus
1735 285 1902 311 testamenti
1917 284 2067 319 assignent
2083 287 2111 312 et
2125 285 2211 312 saciat
2226 287 2257 312 ut
2273 293 2356 312 cano-

1348 336 1405 363 nici
1421 335 1633 363 Avenioncnses
1648 335 1841 361 instrumenta
1868 332 1948 359 eade
1972 341 2003 359 re
2027 333 2189 360 exhibeant.
2207 334 2287 369 (Rae.
2308 335 2354 365 27,

1348 384 1396 411 fol.
1413 385 1428 411 3
1446 388 1485 416 νο,
1504 388 1535 410 n⁰
1551 385 1582 416 23
1601 383 1749 413 Ιόττιωετ,
1768 380 1878 414 18276.)

1391 477 1432 494 τι..
1451 463 1587 503 episcopo
1608 462 1782 492 Mutinensz.
1812 462 1879 492 Sua
1905 460 2002 491 nobis
2026 461 2137 491 dilecti
2158 478 2207 491 —.
2231 461 2355 492 Datum

1349 516 1505 552 viterbii,
1526 525 1585 545 xm
1606 515 1764 546 kalendas
1779 514 1871 549 maii,
1885 522 1971 544 anno
1985 513 2104 552 primo.
2125 527 2139 540 »

1416 677 1462 708 15
1860 673 1985 706 Viterbe,
2002 674 2017 700 8
2034 673 2188 700 novembre
2208 674 2283 699 1261.

1386 759 1606 793 Archiepiscopo
1634 758 1758 792 Aquensi
1785 758 1818 784 de
1848 758 1929 784 bonis
1954 758 2043 784 bonae
2074 756 2233 783 memoriae
2259 756 2356 787 Zoeni,

1348 807 1474 842 episcopi
1491 807 1703 839 Avinionensis,
1721 806 1831 833 scribit.
1850 806 1929 840 (Rea.
1948 807 1992 838 27,
2010 805 2059 832 sol.
2076 806 2102 838 4,
2119 809 2151 831 n⁰
2172 806 2196 838 1)
2212 805 2231 832 ¹.

1389 897 1430 915 «..
1461 885 1689 924 archiepiscopo
1717 884 1862 924 Aquensi.
1891 884 1942 913 Ad
1974 884 2178 914 audientiam
2209 885 2356 914 nostram

1347 939 1497 978 pervenit
1524 938 1611 976 quod
1635 938 1718 968 bone
1744 937 1928 967 memorite..
1945 937 2100 975 episcopo
2121 936 2356 971 Avinionensi,

1348 992 1437 1021 viam
1454 991 1609 1021 universe
1626 991 1734 1020 carnis
1752 990 1912 1028 ingresso,
1927 991 1972 1025 tu,
1983 989 2146 1019 intellecto
2159 989 2245 1027 quod
2261 988 2355 1020 fami·

1350 1044 1394 1075 lia
1415 1044 1520 1082 ipsius
1537 1052 1611 1074 cum
1631 1052 1695 1073 non
1712 1043 1841 1073 modica
1851 1043 1990 1081 pecunie
2008 1042 2199 1080 quantitate,
2218 1041 2313 1080 equis
2325 1043 2357 1072 et

1348 1097 1446 1127 rebus
1463 1096 1538 1126 aliis
1550 1097 1591 1126 ad
1600 1096 1773 1126 ecclesiam
1785 1095 2046 1125 Avinionensem
2060 1095 2297 1133 spectantibus,
2308 1102 2356 1124 re-

1348 1149 1493 1184 cedebat,
1517 1149 1691 1187 pecuniam
1714 1150 1743 1178 et
1768 1148 1854 1178 bona
1879 1147 2072 1186 hujusmodi
2097 1147 2204 1177 eidem
2231 1146 2356 1177 familie

1349 1202 1389 1232 ad
1404 1211 1486 1240 opus
1502 1202 1607 1240 ipsius
1634 1201 1772 1231 ecclesie
1790 1200 1968 1231 abstulisti.
1996 1200 2140 1238 Ideoque
2157 1199 2357 1230 fraternitati

1348 1256 1401 1285 tue
1419 1264 1477 1293 per
1492 1254 1673 1293 apostolica
1691 1254 1813 1292 scripta
1835 1253 2033 1283 mandamus
2047 1254 2211 1291 quatenus
2227 1251 2357 1290 quanti—

1347 1309 1448 1338 tatem
1466 1307 1571 1345 ipsius
1589 1306 1738 1345 pecunie,
1754 1314 1927 1336 numerum
1939 1307 1969 1335 et
1985 1305 2177 1344 qualitatem
2195 1312 2356 1343 equorum

1349 1368 1385 1389 ac
1403 1368 1456 1389 res
1474 1359 1556 1389 alias
1568 1368 1631 1397 que
1644 1359 1684 1389 ad
1701 1368 1820 1388 manus
1837 1360 1911 1388 tuas
1925 1358 1964 1388 de
1982 1358 2079 1388 bonis
2094 1365 2275 1396 pervenere
2287 1365 2357 1395 pre-

1349 1413 1457 1447 dictis,
1469 1412 1564 1442 nobis
1573 1421 1631 1450 per
1643 1412 1768 1442 litteras
1778 1413 1851 1441 tuas
1867 1411 2055 1449 significare
2073 1419 2242 1448 procures,
2253 1417 2357 1447 eaque

1349 1465 1459 1494 omnia
1482 1473 1587 1502 usque
1613 1464 1653 1493 ad
1673 1464 1866 1493 mandatum
1884 1464 2033 1493 nostrum
2063 1462 2206 1492 fideliter
2229 1469 2358 1491 conser-

1348 1526 1437 1547 vare.
1456 1517 1579 1548 Datum
1590 1516 1743 1550 viterbii,
1756 1515 2085 1550 widusnovembris,
2100 1523 2186 1544 anno
2204 1513 2323 1552 primo.
2341 1525 2356 1540 n

1418 1676 1464 1706 1ss
1859 1672 1985 1705 meroe,
2002 1674 2016 1699 5
2033 1672 2188 1699 novembre
2207 1673 2285 1698 1261.

1386 1759 1524 1793 Episcopo
1545 1758 1716 1785 Bononiensi
1735 1757 1855 1783 mandat
1871 1759 1901 1783 ut
1919 1756 2071 1791 pecuniam
2088 1756 2116 1782 in
2132 1764 2187 1790 qua
2203 1754 2356 1782 Jacobinus

1348 1808 1382 1834 de
1403 1808 1572 1842 Racorgeto,
1595 1807 1727 1834 Nicolaus
1750 1805 1935 1840 Bongerardi,
1957 1805 2083 1831 Amador
2103 1805 2136 1831 de
2156 1803 2309 1831 Pizecortis
2327 1804 2357 1830 et.

1347 1864 1447 1882 eorum
1462 1856 1541 1888 socii,
1558 1855 1632 1881 cives
1646 1857 1673 1882 et
1686 1856 1861 1881 mercatores
1876 1853 2077 1885 Bononienses,
2091 1853 2180 1879 bonae
2197 1851 2356 1878 memoriae

1348 1905 1452 1937 Zoeno,
1463 1904 1595 1938 episcopo
1611 1902 1810 1934 Avenionensi,
1824 1904 1968 1934 tenentur,
1990 1901 2043 1928 sibi
2062 1902 2206 1927 Romanae
2218 1899 2355 1927 ecclesiae

1348 1953 1466 1980 nomine
1479 1953 1512 1979 ab
1524 1952 1633 1979 eisdem
1648 1951 1857 1978 mercatoribus
1869 1950 1996 1977 exhiberi
2009 1949 2104 1976 saciat.
2120 1950 2197 1984 (nnc.
2210 1950 2254 1981 27,
2267 1948 2316 1975 sol.
2329 1949 2356 1980 4,

1348 2007 1380 2029 n⁰
1394 2004 1423 2036 ‘2;
1442 2002 1580 2029 Pomm
1599 2001 1702 2034 181115.)

1387 2093 1428 2112 «..
1438 2081 1575 2120 episcopo
1587 2079 1778 2109 Bononiensi.
1792 2078 2066 2117 Significantibus
2077 2078 2206 2107 dilectis
2217 2076 2296 2107 filiis
2305 2093 2354 2105 —.

1350 2135 1474 2165 Datum
1490 2133 1752 2169 viterbiimonis
1771 2131 1974 2165 novembris,
1992 2139 2078 2160 anno
2093 2130 2214 2169 primo.
2234 2141 2249 2155 »

1416 2293 1462 2323 17
1863 2288 1989 2319 Viterbe,
2006 2288 2020 2313 9
2038 2286 2189 2313 decembre
2208 2287 2282 2312 1261.

1383 2374 1520 2409 Magistro
1540 2373 1664 2399 ‘l'liomae
1681 2372 1714 2398 dc
1736 2372 1847 2398 Subura
1867 2370 1986 2397 mandat
2006 2372 2147 2404 quatenus
2169 2369 2355 2396 Aldebrandi-

1348 2431 1418 2450 num
1431 2423 1463 2449 de
1478 2422 1576 2449 ordine
1594 2421 1826 2447 Praedicatorum
1843 2419 1997 2453 compellat
2014 2421 2041 2444 ut
2057 2426 2205 2445 summam
2218 2417 2357 2451 pecuniae

1349 2480 1366 2498 a
1386 2471 1501 2498 Simone
1522 2469 1709 2501 Tosettimive
1728 2471 1755 2494 et
1777 2469 1935 2494 mercatore
1956 2466 2222 2501 R0111ano,ejusque
2235 2472 2356 2492 consan-

1348 2519 1461 2554 guineo,
1482 2518 1625 2545 Romanae
1642 2516 1780 2543 ecclesiae
1801 2514 2034 2549 Iegatam,certis
2051 2513 2224 2540 senensibus
2244 2520 2356 2540 merca-

1348 2567 1456 2594 toribus
1472 2566 1608 2601 assignet.
1627 2565 1707 2600 (Rae.
1724 2566 1767 2596 27,
1783 2564 1831 2590 sol.
1848 2564 1874 2596 4,
1892 2567 1923 2589 n⁰
1939 2563 1998 2596 3)².

1390 2656 1404 2672 α
1421 2643 1537 2673 Dilecto
1548 2642 1614 2682 lilio
1629 2641 1770 2681 magistro
1786 2641 1896 2670 leome
1910 2640 1946 2670 de
1959 2639 2093 2676 Subura,
2103 2639 2354 2680 archipresbitero

1377 2743 1399 2767 1.
1420 2742 1460 2766 Εη
1479 2741 1546 2765 haut
1567 2740 1599 2764 de
1615 2740 1642 2764 la
1665 2746 1731 2770 page
1749 2739 1767 2763 il
1788 2741 1829 2763 est
1846 2738 1887 2762 dit
1903 2738 1936 2762 <le
1956 2739 2027 2764 cette
2047 2738 2127 2762 lettre
2142 2745 2148 2761 :
2163 2744 2178 2760 α
2194 2737 2248 2760 Ista
2263 2735 2354 2760 lietera

1344 2783 1479 2813 assifflmla
1494 2781 1547 2812 sui!
1563 2780 1689 2811 Raymrio
1702 2779 1800 2803 ,lar-obi.
1820 2788 1832 2799 u

1375 2823 1398 2847 2.
1419 2822 1458 2846 En
1479 2827 1572 2851 margo
1588 2825 1594 2844 ε
1610 2829 1623 2842 «
1640 2819 1781 2851 .·issi911‹1!‹1
1800 2817 1987 2842 mercatoribus
2007 2818 2032 2841 et
2048 2816 2150 2841 tandem
2170 2815 2292 2839 restituta
2302 2820 2353 2844 per

1345 2873 1394 2891 eos.
1412 2875 1424 2887 u
1441 2865 1515 2890 Cotto
1530 2864 1608 2889 lettre
1624 2865 1664 2888 est
1679 2863 1782 2888 barri-e.
