2547 3289
1143 267 1357 299 D'URBAIN
1377 268 1435 298 iv.
2288 279 2327 307 45

243 352 345 383 licam
362 351 574 388 constitutus,
592 362 610 382 a
626 352 723 383 nobis
738 353 931 392 suppliciter
948 354 1071 392 peteret
1087 355 1120 383 ut
1139 354 1178 384 ad
1195 353 1257 383 sol-

245 405 392 435 vendum
411 404 508 435 nobis
530 405 620 435 mille
637 407 666 435 et
685 406 848 436 trecentas
867 415 995 436 marcas
1011 406 1258 444 sterlingorum,

244 457 280 488 in
296 457 418 496 quibus
436 457 562 487 ratione
580 458 665 489 bone
682 459 842 489 memorie
858 459 911 495 A„
930 459 1175 497 predecessoris¹
1194 459 1258 492 sui,

245 511 398 541 Romane
432 511 570 541 ecclesie
601 511 787 546 tenebatur,
821 512 999 541 concedere
1035 511 1100 541 sibi
1131 511 1260 549 aliquas

246 563 364 602 longas
392 563 538 593 indutias
556 572 760 599 curaremus,
784 572 843 594 nos
859 564 889 594 ei
908 564 946 593 ad
966 563 1027 594 hoc
1045 564 1169 593 certum
1188 572 1259 601 pro-

245 616 438 654 rogavimus
458 617 651 652 tei-minum,
667 625 765 655 quem
786 617 893 646 (Uetus
906 616 1000 646 duxit
1017 616 1193 654 episcopus
1211 625 1259 645 ac-

245 669 445 707 ceptandum
463 670 492 699 et
510 670 671 700 confitens
692 678 726 700 se
748 670 778 699 et
796 669 1067 699 wintoniensem
1086 669 1260 698 ecclesiam

246 722 281 752 in
296 722 454 761 predictis
470 722 591 752 marcis
605 722 840 761 sterlingorum
854 722 950 752 nobis
965 723 995 751 et
1007 730 1134 751 camere
1150 723 1260 751 nostre

245 775 362 810 teneri,
385 774 540 814 promisit
561 784 617 805 eas
641 775 729 804 infra
748 775 941 813 hujtismodi
961 774 1141 804 terminum
1164 774 1260 804 nobis

243 829 275 857 et.
290 828 400 858 eidem
415 836 544 857 camere
564 828 689 866 integre
705 827 846 862 solvere,
866 827 907 857 ad
924 827 956 857 id
974 835 1008 857 se
1027 829 1057 857 et
1073 828 1193 857 dictam
1211 836 1258 857 ee-

243 881 381 911 clesiam
408 880 579 918 obligav1t,
609 881 707 918 prout
732 880 767 909 in
791 880 982 918 patentibus
1007 880 1126 910 litteris
1154 880 1260 918 ipsius

244 933 393 972 episcopi
410 933 568 963 confectis
585 933 704 963 exinde
719 942 755 963 ac
769 942 829 963 suo
845 933 955 971 sigillo
970 933 1109 972 signatis
1126 933 1260 972 plenius

243 986 444 1017 continetur.
462 986 625 1022 Quocirca
639 986 837 1016 mandamus
850 987 1014 1024 quatenus
1032 986 1156 1016 dictum
1173 986 1259 1025 01113-

242 1048 362 1078 copum
382 1039 433 1069 vel
449 1047 679 1069 successorem
697 1048 807 1074 31111111,
830 1039 859 1069 31
876 1039 960 1069 forte
978 1039 1112 1069 interim
1132 1039 1189 1069 ille
1205 1039 1258 1069 de<

242 1092 393 1126 cesserit,
416 1092 504 1130 quod
527 1092 693 1130 predictas
712 1092 803 1121 mille
824 1093 855 1122 et
876 1094 1038 1122 trecentas
1063 1101 1192 1122 marcas
1211 1093 1258 1121 di-

243 1145 337 1175 lectis
360 1145 440 1175 siliis
463 1145 594 1175 Andree
616 1145 730 1175 Jacobi
752 1147 943 1184 etc.‚usque
967 1145 1158 1184 compellas.
1183 1145 1258 1175 Non

243 1199 396 1229 obstante
415 1199 444 1228 si
458 1216 507 1234 —,
526 1198 611 1228 utin
630 1198 706 1234 alia,
725 1199 860 1228 mutatis
878 1198 1058 1228 mutandis.
1085 1210 1098 1225 »

315 1356 383 1386 161

830 1354 953 1386 Officio,
970 1355 984 1380 5
997 1354 1093 1389 juillet
1112 1355 1187 1380 1263.

280 1439 418 1473 Episcopo
429 1439 625 1473 Magalonensi
647 1439 765 1466 mandat
777 1441 808 1466 ut
820 1441 914 1466 certos
936 1440 1076 1466 Senenses
1087 1448 1104 1466 a
1115 1439 1260 1466 sententia

242 1487 553 1514 excommunicationis
571 1488 711 1515 absolvat.
731 1489 810 1523 (Rue.
829 1490 874 1520 27,
892 1488 940 1514 sol.
960 1489 992 1514 39
1010 1497 1049 1521 vo,
1065 1496 1097 1514 uo
1118 1490 1150 1520 t.)

283 1586 298 1602 «
325 1573 495 1614 Episcopus
516 1573 743 1613 illaffalonensis
765 1574 845 1612 (sic).
874 1574 1010 1603 Dudum
1034 1574 1069 1603 in
1093 1573 1183 1604 cives
1204 1574 1258 1604 Se-

244 1636 377 1663 nenses,
394 1636 453 1666 pro
471 1635 508 1657 eo
530 1627 617 1666 quod
639 1627 825 1661 Mansredo,
843 1627 1011 1665 quondam
1034 1626 1177 1665 principi
1195 1628 1256 1657 Ta-

241 1681 383 1715 rentino,
408 1680 614 1719 persecutori
637 1680 775 1710 ecclesie
799 1679 1203 1715 manifesto,adherendo,
1227 1680 1257 1709 ei

241 1733 459 1772 prestiterunt
477 1733 641 1763 auxilium
661 1734 692 1763 et
707 1733 856 1763 favorem
874 1741 909 1762 ac
929 1732 1041 1769 etiam,
1061 1732 1139 1771 quia
1156 1733 1255 1772 capti-

242 1795 302 1817 vos
318 1787 461 1817 civitatis
476 1786 609 1816 Lucane
625 1794 692 1816 11011
708 1786 923 1816 restituerunt
939 1785 1079 1824 pristine
1097 1786 1256 1819 libertati,

242 1839 477 1870 mandavimus
489 1839 842 1869 excommunicationis
854 1839 1051 1868 sententiam
1061 1838 1259 1877 generaliter

243 1893 508 1931 promulgari,ac
531 1893 630 1922 etiam
652 1891 797 1921 inhiberi
818 1900 857 1921 ne
879 1892 954 1930 quis
975 1892 1044 1921 illis
1067 1892 1119 1922 vel
1143 1900 1258 1921 eorum

242 1946 344 1976 alicui
362 1946 400 1976 de
417 1945 539 1976 debitis
555 1945 755 1984 respondeat
770 1945 973 1979 eorumdem,
984 1953 1019 1974 ac
1035 1945 1257 1983 postmodum,

241 2007 356 2029 eorum
372 1999 580 2029 contumacia
596 1999 820 2033 excrescente,
831 1998 931 2036 ipsos,
950 1998 1184 2028 assistentibus
1199 2006 1258 2027 no-

241 2052 294 2083 bis
319 2051 478 2082 fratribus
519 2051 641 2081 nostris
677 2052 707 2081 et
733 2051 809 2081 aliis
834 2051 1089 2089 quampluribus
1108 2051 1257 2089 prelatis,

240 2105 374 2145 publice
397 2105 432 2135 111
454 2105 637 2135 cathedrali
659 2104 800 2135 ecclesia
822 2104 1045 2139 Urbevetana,
1071 2113 1181 2134 coram
1203 2113 1256 2143 po-

242 2159 333 2197 pulo,
351 2158 706 2189 excommunicationis
727 2158 758 2187 et
773 2157 993 2187 anathematis
1009 2157 1145 2187 vinculo
1163 2157 1258 2187 duxi-

240 2220 316 2241 mus
339 2211 562 2245 innodandos,
580 2210 831 2241 venerabilibus
849 2210 1008 2240 fratribus
1029 2210 1164 2244 nostris,
1185 2211 1257 2240 uni-

241 2263 350 2294 versis
365 2264 575 2303 patriarchis,
595 2264 865 2303 archiepiscopis,
882 2263 1060 2302 episcopis,
1073 2264 1256 2301 ceterisque

241 2317 458 2347 ecelesiarum
469 2317 606 2356 prelatis
618 2325 676 2347 nec
689 2326 756 2347 11011
768 2317 989 2355 principibus,
1004 2316 1157 2351 ducibus,
1172 2325 1255 2346 mar-

241 2369 429 2405 chionibus,
457 2370 646 2404 comitibus,
665 2369 849 2400 baronibus
870 2378 906 2399 ac
922 2369 1153 2408 potestatibus,
1173 2369 1257 2408 capi-

239 2422 360 2456 taneis,
382 2422 590 2457 consulibus,
607 2423 810 2453 consiliariis
827 2424 857 2453 et
876 2422 1171 2452 communitatibus
1189 2422 1256 2451 tam

242 2474 416 2505 civitatum
432 2483 532 2513 quam
562 2477 747 2506 castrorum
764 2476 973 2514 aliorumque
991 2476 1139 2506 locorum
1156 2476 1255 2505 ubili-

240 2527 295 2558 bet
314 2527 514 2564 constitutis,
532 2528 571 2558 de
592 2528 742 2567 ipsorum
758 2529 898 2558 fratrum
918 2529 1071 2563 consilio,
1089 2528 1151 2558 3111)
1171 2537 1257 2567 pena

241 2580 612 2616 excommunicationis,
637 2581 819 2620 apostolica
841 2581 1035 2612 auctoritate
1061 2582 1256 2612 mandantes

240 2635 273 2664 et
287 2633 436 2664 districte
455 2633 676 2673 precipientes
693 2635 729 2664 ut
742 2634 830 2664 bona
848 2634 1031 2665 eorundem
1054 2634 1256 2665 Senensium

241 2687 367 2718 civium
384 2687 417 2717 in
433 2686 530 2717 terris
546 2695 661 2716 eorum
676 2687 824 2717 dominio
846 2688 876 2717 et
890 2687 1114 2726 jurisdictioni
1131 2687 1260 2726 subjec-

241 2741 284 2771 tis
299 2740 477 2771 existentia
497 2740 630 2778 capiant
645 2740 675 2770 et
694 2739 872 2776 detineant,
892 2740 996 2771 donec
1012 2741 1061 2771 eis
1079 2749 1180 2779 super
1196 2741 1256 2770 hoc

242 2794 395 2824 nostrum
419 2792 666 2831 beneplacitum
688 2792 883 2822 duxerimus
908 2792 1141 2822 intimandum.
1171 2794 1256 2824 Sane

241 2846 381 2877 dilectos
392 2845 482 2876 filios
497 2845 769 2876 Bonaventuram
780 2845 979 2875 Bernardini
996 2846 1027 2876 et
1038 2845 1256 2876 Franciscum

242 2899 357 2935 Guidi‚
374 2899 465 2930 cives
479 2900 509 2929 et
525 2899 725 2929 mercatores
741 2898 918 2934 Senenses,
932 2899 1066 2937 propter
1080 2898 1185 2928 multa
1201 2898 1256 2929 ob—

241 2952 360 2992 sequia
380 2953 412 2984 et
427 2952 616 2983 devotionis
636 2950 934 2990 promptitudinem
953 2959 1017 2990 que
1036 2951 1134 2981 nobis
1153 2952 1185 2982 et
1203 2960 1254 2982 ec-

1322 353 1421 383 clesie*
1446 354 1595 385 Romane
1620 355 1652 385 in
1677 356 1747 386 suis
1771 358 2024 388 necessitatibus
2046 359 2329 398 impemlel·unt.et

1323 406 1401 443 quia
1418 406 1613 445 obsequium
1633 409 1781 447 ipsorum
1798 411 1848 440 est
1867 411 1961 441 nobis
1978 413 2009 442 et
2024 413 2169 450 predicte
2192 414 2329 444 ecclesie

1323 459 1477 489 continue
1491 461 1701 498 oportunum,
1713 462 1867 492 volumus
1880 465 2036 502 predictis
2047 467 2231 501 sententiis,
2242 476 2330 497 man-

1323 511 1407 541 datis
1426 520 1462 541 ac
1483 514 1645 551 preceptis
1661 514 1870 552 aliquatenus
1888 525 1952 546 non
1970 517 2104 548 includi.
2121 519 2235 558 Nuper
2251 529 2327 558 quo-

1323 572 1386 601 que
1404 564 1495 601 ipsos
1512 566 1710 603 specialiter,
1728 567 1813 597 sicut
1827 570 1858 597 et
1880 570 2040 607 quosdam
2061 571 2144 601 alios
2160 572 2250 602 cives
2273 574 2328 603 Se-

1324 624 1456 650 nenses,
1481 617 1521 646 ad
1546 618 1755 649 demtionem
1782 621 1919 651 ecclesie
1946 623 2132 661 specialiter
2156 626 2329 656 redeuntes

1323 668 1520 706 acjurantcs
1535 678 1634 708 super
1649 671 1724 707 hiis,
1742 681 1842 711 super
1857 674 1979 711 quibus·
1994 676 2076 705 dicte
2092 679 2250 708 sententie
2268 679 2329 708 late

1323 722 1426 757 erant,
1454 723 1576 752 nostris
1602 724 1632 752 et
1659 724 1764 762 ipsius
1789 726 1925 756 ecclesie
1950 737 2063 765 parere
2090 731 2264 766 mandatis,
2290 740 2329 760 ex

1323 775 1632 812 superhabundanti
1657 777 1784 807 cautela
1818 778 1858 807 ab
1894 779 2082 817 hujusmodi
2110 784 2139 811 et
2165 784 2331 813 universis

1323 829 1705 859 excommunicationum
1729 831 1913 865 sententiis,
1934 841 2016 870 quas
2039 842 2096 863 110sv
2116 834 2147 863 111
2169 836 2330 872 medicinis·

1323 880 1414 909 cives
1444 881 1609 911 Senenses
1635 884 1666 911 et
1691 891 1805 912 eorum
1827 885 1947 914 terram
1974 888 2106 924 propter
2128 896 2223 917 suam
2244 888 2331 917 inde-

1323 933 1492 962 votionem
1522 935 1720 972 generaliter
1750 937 2050 975 promulgavimus,
2075 940 2168 977 Juxta
2192 940 2330 970 formam

1322 985 1460 1015 ecclesie
1493 987 1652 1017 duximus
1680 988 1914 1019 absolvendos.
1947 991 2029 1020 Cum
2061 992 2159 1029 igitur
2191 993 2331 1023 Yivolus

1323 1039 1517 1074 Salvanelli,
1538 1041 1686 1070 Ventura
1710 1042 1850 1076 Cambii,
1875 1043 2021 1073 ‚Jacobus
2043 1045 2194 1079 Cnrradi‚
2219 1046 2331 1076 Lottns

1323 1092 1458 1130 Ugolini
1481 1094 1512 1123 et
1529 1094 1677 1123 Ventura
1694 1095 1876 1130 Benedicti,
1901 1097 1981 1126 socii
2007 1098 2227 1135 111-(1110101001
2249 1108 2331 1129 mer-

1322 1147 1481 1179 catorum,
1501 1147 1588 1185 apud
1612 1147 1756 1177 Montem
1779 1148 1982 1178 l'esulamnn
2002 1152 2032 1179 et
2053 1151 2225 1181 Sallonnm
2246 1161 2332 1182 com—

1322 1199 1502 1233 111011111103,
1529 1199 1640 1229 31111110
1665 1201 1811 1238 prestare
1840 1201 1954 1236 velint,
1981 1203 2065 1232 sicut
2091 1203 2329 1239 intelleximus,

1317 1251 1556 1289 juramentum,
1590 1253 1787 1283 fraternitati
1817 1255 1870 1284 tue
1903 1263 1960 1292 per
1996 1256 2175 1294 apostolica
2210 1258 2330 1296 scripta

1323 1304 1521 1334 mandamus
1537 1306 1700 1343 quatenus
1715 1306 1754 1335 ab
1768 1306 1816 1336 eis
1832 1307 1962 1346 publice
1975 1317 2011 1337 ac
2025 1310 2183 1346 patenter,
2199 1319 2330 1348 presen-

1323 1357 1412 1387 tibus
1427 1358 1541 1388 multis
1551 1358 1666 1397 probis
1679 1359 1873 1398 idoneisque
1885 1362 2048 1398 personis,
2062 1362 2221 1401 abjuratis
2237 1363 2329 1401 prius

1323 1409 1452 1440 cunctis
1473 1411 1700 1446 sacramentis,
1724 1412 2061 1449 consederationibus,
2084 1415 2188 1452 pactis
2208 1417 2238 1445 et
2258 1425 2330 1454 pro-

1323 1463 1544 1494 missionibus
1566 1464 1688 1502 quibus
1712 1467 1916 1504 persecutori
1939 1468 2091 1497 tenentur
2112 1468 2231 1503 eidem,
2254 1469 2329 1499 reei-

1321 1515 1394 1554 pias
1406 1517 1504 1555 perte
1517 1517 1568 1547 vel
1581 1517 1684 1547 alium
1697 1518 1737 1547 ab
1751 1518 1845 1556 ipsis,
1862 1520 1972 1549 nostro
1985 1521 2015 1549 et
2030 1520 2166 1550 ecclesie
2179 1521 2327 1551 1101110110

1322 1569 1468 1603 1101111110,
1481 1569 1707 1607 juramentum
1722 1571 1808 1609 quod
1825 1572 2003 1610 superbiis
2018 1582 2075 1611 pro
2090 1573 2255 1611 quibusin
2273 1583 2329 1604 eos

1320 1623 1512 1661 hujusmodi
1536 1624 1854 1654 οΧ001111111111101111γο
1875 1626 2038 1655 sententie
2061 1628 2136 1656 sunt
2157 1627 2216 1656 hac
2240 1636 2328 1657 occa-

1322 1676 1414 1706 sione
1429 1685 1487 1714 per
1503 1676 1616 1706 sedem
1637 1677 1851 1715 apostolicam
1867 1678 2215 1716 promulgate,nostris
2230 1682 2259 1709 et
2280 1690 2327 1710 00-

1320 1729 1419 1758 clesie
1442 1729 1605 1759 mandatis
1626 1738 1688 1767 quc
1706 1730 1788 1768 ipsis
1809 1730 1911 1759 semel
1928 1732 1958 1760 et
1978 1731 2104 1769 pluries
2120 1741 2178 1770 per
2195 1742 2254 1762 nos
2275 1734 2325 1763 vel

1320 1791 1378 1821 per
1394 1782 1488 1817 alios,
1507 1782 1628 1820 quibus
1644 1782 1704 1812 hoc
1717 1784 1989 1813 committendum
2008 1785 2213 1819 duxerimus,
2234 1786 2326 1816 sacie-

1320 1845 1405 1869 mns.
1420 1836 1546 1873 precise
1565 1836 1738 1873 parebunt,
1755 1836 1907 1874 quodque
1924 1837 2079 1876 deinceps
2097 1838 2219 1867 dictum
2237 1839 2326 1868 Man—

1320 1888 1451 1918 fredum
1466 1897 1531 1918 non
1549 1888 1719 1918 habebunt
1740 1898 1798 1918 nec
1815 1891 1985 1919 assument
2001 1890 2032 1919 in
2051 1891 2232 1926 dominum,
2254 1892 2326 1921 nul-

1321 1942 1455 1980 lumque
1478 1942 1613 1972 omnino
1635 1942 1698 1971 sibi
1721 1942 1835 1972 suisve
1857 1943 1985 1972 nuntiis
2001 1944 2028 1972 et
2053 1944 2252 1974 officialibus
2272 1947 2326 1975 aut

1321 1995 1526 2025 Senensibus
1562 1995 1711 2033 persidis,
1735 1995 1842 2033 ipsius
1876 1996 1919 2025 M.
1944 1996 2140 2030 fautoribus,
2163 1998 2219 2034 qui
2241 2007 2327 2027 nunc

1320 2048 1503 2078 Senensem
1520 2048 1668 2078 detinent
1687 2048 1869 2082 civitatem,
1886 2048 1920 2078 iu
1936 2049 2041 2086 equis,
2059 2049 2173 2085 armis,
2189 2051 2327 2088 pecunia

1319 2102 1350 2131 et
1371 2101 1636 2140 quibuscumque
1655 2101 1729 2131 aliis
1753 2101 1938 2140 prebebunt
1956 2102 2145 2137 consilium,
2166 2103 2326 2132 auxilium

1320 2154 1373 2184 vel
1392 2155 1540 2184 favorem
1559 2154 1729 2193 publicum
1752 2155 1803 2184 vel
1825 2155 2002 2188 occultum,
2038 2164 2095 2185 nee
2116 2155 2262 2194 ejusdem
2284 2156 2326 2186 M.

1319 2208 1479 2246 recipient
1496 2207 1642 2243 nuntios,
1664 2207 1849 2246 quinimmo
1879 2207 1975 2237 nobis
1990 2209 2176 2247 etpredicte
2192 2209 2328 2239 ecclesie

1318 2261 1434 2290 contra
1462 2260 1672 2290 Manfredum
1698 2260 1808 2298 ipsum
1833 2260 1873 2289 ad
1902 2261 2052 2290 nostrum
2078 2262 2109 2291 et
2136 2262 2327 2292 nuntiorum

1319 2315 1508 2344 nostrorum
1535 2313 1727 2342 mandatum
1754 2314 1904 2351 potenter
1930 2314 1959 2343 et
1984 2314 2133 2351 patenter
2151 2314 2324 2350 assistent,

1319 2366 1442 2404 quibus
1466 2367 1515 2404 (ut
1537 2366 1642 2403 decet)
1664 2366 1722 2395 rite
1756 2366 1911 2404 peractis,
1936 2367 1968 2394 tu
1993 2374 2050 2395 eos
2070 2366 2165 2404 juxta
2186 2366 2325 2396 sormam

1318 2419 1455 2449 ecclesie
1484 2419 1524 2449 ab
1553 2418 1744 2457 hujusmodi
1772 2418 1945 2449 sententiis
1973 2419 2326 2449 excommunicationis

1318 2472 1485 2507 absolvas,
1507 2472 1632 2501 faciens
1650 2471 1768 2501 exinde
1786 2471 1858 2500 fieri
1874 2471 2005 2509 publica
2022 2471 2252 2508 instrumenta,
2270 2472 2326 2502 illa

1319 2525 1415 2555 nobis
1431 2524 1573 2555 fideliter
1590 2524 1860 2558 transmissurus,
1883 2525 1911 2553 et
1930 2524 1995 2553 tam
2018 2532 2074 2554 eos
2091 2533 2189 2562 quam
2206 2533 2324 2554 merca-

1317 2580 1405 2608 tores
1426 2578 1571 2617 prefatos
1587 2586 1646 2616 per
1666 2578 1777 2607 omnia
1797 2577 1869 2606 loca
1885 2577 1919 2606 in
1940 2576 2062 2614 quibus
2080 2577 2244 2615 petierint,
2267 2586 2325 2615 per

1318 2633 1347 2661 te
1360 2633 1391 2661 et
1406 2631 1489 2662 alios
1504 2631 1680 2661 denunties
1696 2630 1864 2660 absolutos
1876 2631 1906 2659 et
1924 2630 2045 2659 nostris
2058 2638 2092 2659 se
2108 2629 2323 2668 beneplacitis

1318 2685 1500 2723 coaptasse,
1526 2692 1591 2714 non
1613 2683 1807 2722 permittens
1833 2683 1921 2721 ipsos
1947 2682 1980 2712 in
2002 2682 2155 2720 personis
2174 2684 2205 2712 et
2226 2682 2323 2712 bonis

1319 2746 1433 2769 eorum
1450 2738 1506 2767 aut
1520 2737 1639 2767 debitis
1655 2737 1803 2775 ipsorum
1819 2735 1990 2766 occasione
2006 2734 2195 2773 huJusmodi
2212 2734 2252 2764 ab
2267 2735 2323 2764 ali·

1319 2800 1383 2830 quo
1403 2790 1583 2821 molestari.
1602 2791 1651 2820 Ex
1672 2790 1764 2828 parte
1781 2797 1910 2827 quoque
1929 2788 2040 2818 nostra
2059 2787 2322 2826 universis-juci-

1318 2844 1412 2875 eibus
1440 2844 1488 2874 eis
1512 2853 1530 2874 a
1551 2843 1628 2873 sede
1651 2841 1831 2881 apostolica
1855 2841 2019 2879 deputatis
2044 2841 2075 2870 et
2100 2840 2324 2878 subdelegatis

1319 2898 1468 2936 ipsorum
1485 2905 1522 2926 ac
1538 2897 1685 2926 locorum
1701 2894 1879 2925 ordinariis
1894 2893 2028 2923 nunties
2043 2894 2078 2923 ut
2095 2893 2134 2923 de
2148 2892 2218 2923 suis
2233 2892 2322 2924 debi-

1320 2950 1448 2981 toribus
1465 2958 1502 2980 ac
1524 2948 1728 2989 quibuslibet
1748 2946 1998 2986 injuriatoribus
2018 2945 2066 2976 eis
2086 2946 2238 2976 studeant
2253 2945 2322 2984 ple-
