2547 3289
211 244 252 273 80
961 238 1213 269 REGISTRES
1237 237 1451 268 D'URBAIN
1476 239 1532 268 IV.

211 325 430 354 sufficientem
446 322 622 361 syndicum
649 329 758 351 coram
776 321 871 350 nobis
888 328 988 359 super
1002 319 1067 349 hiis
1082 319 1218 349 manda-

215 379 256 407 tis
282 377 472 415 aprmtolicis
490 376 640 414 parituri,
657 377 687 405 et
704 374 869 404 ostensuri
888 373 1125 403 nichilominus
1140 379 1217 410 que-

209 438 348 468 cumque
376 430 451 468 jura
483 438 517 458 se
541 428 661 458 habere
693 428 864 457 crederent
896 427 930 456 in
957 427 1043 456 terra
1056 425 1214 464 predicta.

211 484 311 512 Porro
337 482 471 520 quidam
491 481 735 511 ambassatores
752 489 792 510 ex
820 482 909 519 parte
933 479 1011 509 dicti
1029 478 1217 509 communis

207 535 246 565 al
264 537 410 565 nostram
440 535 643 572 presentiam
670 534 863 564 accedentes
882 533 1105 563 exhibuerunt
1121 531 1218 562 nobis

207 590 237 618 et
254 588 412 618 fratribus
430 587 553 617 nostris
575 587 773 626 transcripta
788 587 1008 625 quarumdam
1031 586 1217 615 litterarum

206 650 288 679 quas
313 650 413 680 super
435 641 523 670 dicta
546 642 632 670 terra
660 648 695 670 se
713 640 834 670 habere
849 639 1018 669 dicebant:
1037 637 1218 676 transcrip-

207 696 275 724 tum
291 694 440 724 vicelicet
454 703 497 732 qu
509 694 674 724 rrumdam
691 693 876 723 litterarum
894 693 1000 723 felicis
1018 691 1216 722 recordatio-

209 747 260 777 nis
283 747 479 781 Innocentii,
494 755 588 785 pape,
605 746 852 784 predecessoris
869 745 984 782 nostri,
1009 745 1217 775 continentes

207 801 291 830 inter
321 800 387 830 alia
414 800 501 839 quod
528 800 614 829 idem
634 799 848 837 predecessor
874 799 958 829 bone
984 797 1143 828 memorie
1162 797 1216 831 R„

206 855 318 883 sancte
337 853 441 883 Marte
465 853 499 882 in
514 852 687 883 Cosmidin
713 852 852 882 diacono
870 851 1089 885 cardinali,in
1109 850 1216 880 Patri·

206 907 317 937 monio
336 906 424 936 beati
439 906 530 936 Petri
547 906 580 935 in
596 905 730 940 Tuscia,
743 905 864 935 ducatu
887 905 1065 943 Spoletano
1081 905 1113 934 et
1128 904 1216 933 Mar-

205 960 279 989 01110
291 960 499 989 Anconitana
513 959 722 989 commisitin
734 958 966 997 spiritualibus
982 959 1011 988 et
1028 956 1216 996 temporali-

206 1013 268 1042 bus
285 1013 373 1042 vices
389 1021 479 1047 suas,
496 1013 680 1042 concedens
692 1012 721 1042 ei
737 1011 913 1042 exercendi
924 1011 1082 1050 quicquid
1098 1010 1217 1040 honori

204 1066 312 1105 ipsius
330 1065 469 1096 ecclesie
485 1068 516 1096 et
532 1066 666 1096 utilitati
684 1065 834 1095 fidelium
852 1065 987 1095 illarum
1002 1064 1148 1103 partium
1165 1072 1215 1094 ex-

205 1120 317 1158 petire
328 1119 456 1149 videret
469 1119 502 1149 in
520 1119 669 1157 utrisque
685 1119 891 1157 potestatem.
902 1119 1043 1156 Insuper
1059 1117 1217 1148 exhibue-

206 1173 282 1202 runt
301 1172 535 1210 transcriptum
552 1172 724 1211 cujusdam
745 1172 876 1202 articuli
895 1172 1050 1206 contenti,
1072 1172 1107 1201 ut
1130 1171 1217 1200 dice-

205 1225 293 1261 bant,
304 1225 337 1255 in
353 1225 558 1255 litterisdicti
569 1224 845 1258 cardinalis,tunc
856 1224 888 1254 in
900 1224 1015 1254 eodem
1032 1224 1152 1253 ducatu
1168 1223 1215 1252 vi-

205 1287 258 1308 ces
267 1278 411 1317 gerentis
428 1277 618 1317 hujusmodi
631 1288 638 1313 3
651 1278 705 1316 qui
719 1277 855 1316 quidem
871 1277 1030 1307 articulus
1043 1276 1120 1306 talis
1135 1277 1214 1312 erat,

207 1331 361 1361 videlicet
376 1331 462 1370 quod
476 1331 563 1360 idem
581 1331 897 1367 cardinalis,mlens
911 1330 1068 1360 exaudire
1085 1329 1217 1368 petino-

208 1393 266 1414 nes
282 1384 535 1423 Spoletanorum
553 1384 713 1422 quantum
729 1384 855 1413 indulte
872 1383 938 1413 sibi
961 1382 1167 1413 auctoritatis
1181 1391 1215 1412 se

205 1436 623 1475 1›ossibilitasextendebat,
635 1436 816 1474 predictam
825 1437 947 1465 terram
962 1435 1215 1473 Arnulphorum

201 1490 325 1519 eisdem
343 1489 377 1519 iu
394 1488 551 1519 fidelitate
564 1497 600 1518 ac
613 1488 788 1518 devotione
804 1488 894 1518 sedis
911 1487 1089 1526 apostolice
1105 1495 1214 1526 perse-

199 1541 610 1572 verantibusconcedebat.
634 1541 866 1572 Exhibuerunt
883 1542 913 1571 et
930 1541 1021 1571 aliud
1032 1540 1211 1579 transcrip-

195 1597 205 1625 t
221 1604 264 1625 1111
280 1594 500 1634 quarumdam
515 1594 702 1624 litterarum
721 1594 800 1624 dicti
817 1594 1063 1633 predecessoris
1090 1594 1125 1623 in
1141 1602 1206 1632 quo

195 1649 391 1678 narrabatur
419 1648 507 1686 quod
524 1648 609 1678 idem
627 1648 808 1678 cardinalis
826 1648 968 1686 quedam
996 1648 1043 1678 eis
1072 1648 1210 1678 duxerat

194 1702 413 1736 concedendi,
440 1701 594 1739 quotque
628 1701 715 1731 idem
748 1702 964 1740 predecessor
988 1701 1209 1732 confirmabat

193 1756 281 1794 quod
297 1764 355 1794 per
364 1755 506 1785 eundem
518 1755 720 1785 cardinalem
737 1756 875 1794 provide
892 1755 1015 1785 factum
1033 1756 1113 1785 erat.
1133 1755 1210 1786 Ter-

192 1809 274 1839 tium
285 1817 415 1848 qnoque
434 1809 670 1847 transcr1ptum
681 1809 912 1847 produxerunt
923 1809 1144 1847 quarumdam
1157 1809 1208 1838 lit-

190 1864 334 1892 terarum
367 1862 419 1900 pie
451 1862 609 1892 memorie
638 1862 822 1892 Alexandri
850 1871 947 1901 pape,
960 1863 1206 1901 predecessoris

192 1915 306 1950 nostri,
320 1915 408 1953 quod
426 1916 495 1945 erat
508 1915 709 1945 continentie
727 1915 813 1949 talis.
834 1915 989 1945 videlicet
1011 1915 1099 1954 quod
1117 1915 1206 1946 idem

191 1968 405 2008 predecessor
424 1968 464 1997 A.
493 1968 605 1998 onmia
636 1969 753 2003 castra,
774 1968 883 2003 vill-aS,
904 1968 1097 2002 tenimenta,
1116 1969 1205 2007 jura,

189 2021 394 2052 conditiones
407 2022 435 2050 et
448 2021 708 2050 consuetudines
725 2029 840 2050 eorum
868 2021 1046 2059 Spoletane
1059 2021 1205 2051 civitatis

188 2076 220 2104 et
233 2074 386 2109 diocesis,
408 2073 493 2103 sicut
504 2082 541 2103 ea
557 2073 668 2103 omnia
680 2073 768 2112 juste
784 2082 821 2103 ac
833 2073 968 2112 pacifice
976 2074 1204 2112 possidebant,

189 2128 316 2158 eisdem
347 2127 536 2166 Spolctanis
571 2126 610 2156 de
639 2135 725 2156 novo
750 2126 915 2156 concessit
950 2128 981 2156 et
1010 2127 1204 2157 auctoritate

186 2180 367 2219 apostolica
389 2179 609 2209 confirmavit.
644 2179 714 2209 Nos
732 2188 808 2209 vero
833 2179 1042 2218 transcriptis
1077 2179 1203 2210 eisdem

187 2242 251 2264 non
271 2233 465 2263 adhibentes
482 2232 594 2268 fidem,
613 2232 698 2262 sicut
717 2241 777 2262 nec
793 2232 893 2262 etiam
905 2232 1121 2267 debebamus,
1137 2233 1202 2263 dic·

185 2287 228 2317 tis
240 2286 535 2320 ambassatoribus,
553 2285 687 2315 nomine
712 2285 830 2324 prefati
850 2286 1050 2321 communis,
1075 2287 1201 2316 certum

184 2340 382 2379 prefiximus
407 2339 589 2369 terminum
615 2339 647 2369 in
670 2348 735 2377 quo
751 2347 810 2378 per
830 2338 1052 2369 sufficientem
1070 2348 1201 2378 compa-

186 2394 296 2423 rerent
325 2392 502 2431 syndicum
533 2400 645 2425 coram
671 2391 780 2428 nobis,
817 2392 984 2422 ostensuri
1017 2393 1201 2423 autenticas

184 2445 311 2476 litteras
333 2446 364 2475 et
394 2453 622 2483 quascumque
655 2444 737 2474 alias
755 2445 794 2475 de
816 2445 902 2474 terra
913 2444 1039 2483 prefata
1057 2445 1201 2476 rationes

182 2499 350 2532 haberent,
378 2498 566 2536 nostrisque
605 2506 706 2536 super
737 2497 803 2528 11113
851 2498 992 2536 parituri
1022 2499 1198 2528 mandatis.

183 2552 253 2591 Ipsi
275 2554 386 2582 autem
405 2551 577 2590 Spoletani
611 2559 670 2581 nec
701 2551 908 2581 sufficienter
937 2551 972 2581 in
999 2551 1116 2582 eodem
1136 2554 1198 2582 ter-

184 2605 276 2635 mino
293 2604 473 2643 apostolico
486 2613 521 2634 se
537 2604 731 2643 conspectui
742 2605 973 2642 presentarunt
983 2613 1089 2643 neque
1103 2605 1198 2635 uobis

184 2656 313 2695 aliquas
323 2657 506 2696 scripturas
521 2657 704 2687 autenticas
720 2656 922 2687 obtulerunt.
939 2657 1010 2688 Nos
1026 2659 1135 2688 autem
1146 2667 1198 2688 vo-

185 2708 289 2739 lentes
313 2709 353 2738 ad
383 2718 498 2739 eorum
517 2709 678 2739 malitiam
689 2709 964 2744 convincendam,
994 2710 1029 2739 ut
1048 2709 1197 2749 ipsorum

184 2763 426 2793 contumaciam
436 2765 465 2793 et
478 2763 695 2802 pertinaciam
713 2763 824 2793 nostra
840 2762 1000 2801 patientia
1012 2765 1195 2802 superaret,

185 2815 309 2845 dictum
340 2824 515 2846 commune
543 2824 601 2854 per
619 2815 762 2846 eundem
776 2815 985 2855 capellanum
1004 2815 1117 2847 iterato
1145 2825 1197 2856 pe-

186 2869 361 2907 remptorie
378 2869 471 2898 citari
486 2869 627 2898 fecimus
638 2870 672 2898 ut
688 2868 774 2898 Infra
786 2869 912 2899 certum
930 2869 1108 2899 terminum
1123 2871 1198 2908 post

186 2921 375 2952 citationem
387 2930 481 2951 suam
490 2930 564 2952 cum
575 2921 1117 2960 omnibusjuribus,munimentis,
1129 2923 1194 2962 pri-

1248 319 1251 329 *
1282 319 1415 358 vilegiis
1447 321 1478 350 et
1506 319 1626 350 litteris
1650 321 1826 351 autenticis
1842 329 1878 351 ac
1895 321 2082 352 rationibus
2097 322 2169 352 suis
2183 331 2296 352 coram

1282 372 1378 402 nobis
1396 381 1454 411 per
1469 373 1638 411 ydoneum
1657 374 1834 412 syndicum
1845 376 2085 413 comparerent,
2100 374 2295 406 denuntiato

1280 424 1407 454 eisdem
1439 425 1526 464 quod
1547 425 1620 455 sive
1646 425 1756 456 taliter
1779 426 1944 464 venirent,
1969 426 2041 456 sive
2065 427 2148 457 forte
2176 428 2291 458 venire

1279 479 1574 516 comtempnerent,
1585 487 1646 509 nos
1663 478 1914 515 nichilominus,
1928 488 2044 510 eorum
2060 479 2211 510 absentia
2225 489 2292 510 non

1280 526 1442 562 obstante,
1462 527 1502 557 ad
1518 527 1835 566 pronuntiationem,
1867 529 2067 558 sententiam
2089 529 2121 558 et
2137 528 2296 559 mandata

1279 580 1456 618 procedere
1487 589 1682 610 curaremus
1705 581 1740 611 in
1759 581 1832 619 ipso
1850 581 1993 620 negotio,
2022 582 2121 620 prout
2137 581 2294 621 expedire

1278 632 1399 663 honori
1416 634 1529 664 nostro
1556 634 1587 663 et
1605 633 1744 664 ecclesie
1761 633 1886 673 prefate
1905 634 2096 664 videremus
2114 643 2150 664 ac
2163 635 2296 673 justitia

1278 686 1442 716 suaderet.
1456 687 1494 716 In
1513 687 1585 726 ipso
1602 687 1711 725 itaque
1722 686 1865 717 termino
1883 687 2021 725 syndico
2050 687 2129 717 dicti
2144 696 2293 718 commu-

1279 739 1332 768 nis
1363 739 1405 769 ad
1434 741 1581 770 nostram
1610 740 1811 778 presentiam
1835 740 2021 774 accedente,
2054 741 2123 770 tam
2140 749 2200 779 per
2216 748 2294 771 eum

1279 801 1378 830 quam
1396 792 1480 823 alios
1499 793 1661 823 nonnulla
1674 802 1733 832 pro
1748 794 1840 832 parte
1856 793 1935 823 dicti
1957 794 2145 823 communis
2159 793 2294 824 fuerunt

1277 846 1446 884 proposita
1465 854 1576 876 coram
1591 846 1699 881 nobis,
1710 854 1810 885 super
1824 846 1946 884 quibus
1964 854 2024 876 nos
2040 847 2071 876 et
2087 846 2206 876 fratres
2221 855 2294 877 nos-

1277 899 1319 928 tri
1343 899 1475 938 plenam
1499 899 1703 930 audientiam
1723 899 1771 929 eis
1787 899 1948 929 duximus
1968 899 2204 929 exhibendam.
2221 898 2293 929 Nos

1277 952 1389 991 igitur,
1407 953 1556 991 pensatis
1570 953 1601 983 et
1616 953 1799 991 perspectis
1815 952 1955 982 ecclesie
1983 951 2292 991 Romanejuribus,

1277 1006 1400 1036 auditis
1416 1006 1515 1036 etiam
1532 1007 1563 1036 ct
1576 1007 1710 1045 plenius
1728 1006 1906 1036 intellectis
1919 1015 1982 1044 que
2000 1015 2059 1046 pro
2076 1006 2191 1036 eodem
2205 1014 2294 1036 com-

1275 1059 1369 1089 muni
1384 1059 1418 1088 in
1436 1060 1547 1090 nostra
1562 1060 1593 1089 et
1608 1060 1747 1090 fratrum
1771 1061 1961 1089 nostrorum
1986 1059 2154 1098 presentia
2174 1067 2295 1098 propo-

1277 1112 1341 1142 sita
1370 1113 1559 1147 extiterunt,
1588 1113 1702 1151 eisque
1719 1121 1793 1142 cum
1823 1112 1906 1151 ipsis
1926 1112 2085 1142 fratribus
2100 1112 2198 1151 plena
2213 1111 2293 1142 deli-

1275 1165 1446 1195 beratione
1471 1165 1645 1202 discussis,
1671 1165 1837 1204 prefatum
1855 1165 2033 1203 syndIcum
2058 1165 2194 1194 nomine
2211 1164 2292 1194 dicti

1276 1219 1463 1249 communis
1481 1220 1511 1248 et
1529 1219 1640 1257 ipsum
1661 1226 1838 1248 commune
1865 1218 1908 1248 ad
1924 1218 2156 1248 dimissionem
2172 1219 2202 1247 et
2220 1225 2288 1247 res-

1277 1272 1465 1302 titutionem
1481 1271 1566 1301 dicte
1586 1273 1671 1301 terre
1693 1271 1946 1310 Arnulphorum
1962 1272 1993 1301 et
2011 1270 2290 1309 pertinentiarum

1277 1325 1385 1364 ipsius
1413 1325 1521 1354 eidem
1550 1324 1688 1354 ecclesie
1706 1324 1854 1362 plenarie
1875 1323 2071 1361 faciendam,
2095 1322 2292 1362 cujusjuris

1275 1378 1527 1416 etproprietatis
1541 1377 1664 1411 existit,
1679 1377 1725 1407 ita
1741 1377 1828 1415 quod
1844 1377 1960 1407 eadem
1975 1378 2065 1407 terra
2080 1385 2138 1415 per
2149 1376 2290 1406 eandem

1273 1431 1446 1461 ecclesiam
1464 1431 1493 1460 et
1511 1430 1646 1460 nuntios
1664 1430 1717 1459 vel
1732 1430 1894 1460 officiales
1910 1438 2001 1465 suos,
2017 1429 2103 1460 sicut
2116 1429 2290 1468 proprium

1272 1480 1380 1518 ipsius
1392 1479 1531 1509 ecclesie
1542 1479 1745 1515 demanium,
1755 1479 1862 1518 possit
1876 1479 1916 1509 de
1925 1480 2034 1509 cetero
2049 1479 2170 1517 regi,et
2185 1478 2290 1508 libere

1272 1532 1462 1571 gubernari,
1482 1532 1521 1562 de
1548 1532 1771 1571 predictorum
1789 1532 1931 1562 fratrum
1954 1531 2096 1562 consilio
2112 1531 2289 1562 sententia-

1271 1586 1346 1616 liter
1364 1585 1660 1624 condempnamus.
1677 1585 1773 1616 Nulli
1787 1594 1864 1625 ergo
1881 1586 1992 1615 nostre
2015 1584 2288 1623 condempnatio-

1271 1639 1324 1670 nis
1341 1640 1402 1669 etc.
1419 1639 1542 1669 Datum
1554 1639 1643 1678 apud
1658 1639 1943 1674 Urbemveterem,
1957 1638 2287 1669 xkalendasfebrua-

1270 1693 1323 1730 rii,
1342 1701 1430 1723 anno
1449 1697 1498 1722 11⁰.
1521 1704 1534 1719 »

1815 1869 1939 1902 Orrieto,
1955 1871 1988 1896 22
2000 1869 2115 1905 janvier
2133 1871 2210 1897 ¹263.

1337 1871 1408 1902 193

1302 1928 1527 1955 Conventioncm
1546 1927 1649 1954 initam
1666 1926 1819 1954 confirmat
1837 1927 1912 1954 inter
1928 1927 2056 1962 priorem
2075 1937 2100 1955 s.
2116 1928 2210 1963 Egidii
2226 1928 2281 1955 Ac-

1266 1977 1398 2004 conensis
1413 1976 1624 2010 etmagistrum
1640 1976 1743 2003 domus
1762 1976 1881 2004 Militiae
1902 1977 2013 2012 Templi
2029 1977 2280 2012 jerosolymitani.

1266 2027 1346 2061 (nac.
1364 2027 1408 2057 ⁶26,
1424 2025 1493 2052 anni
1510 2025 1544 2058 11,
1561 2029 1593 2051 n⁰
1609 2026 1652 2057 56,
1668 2025 1715 2052 sol.
1731 2025 1788 2058 67.)

1307 2134 1321 2149 κ
1338 2122 1486 2161 ,11α9ί31νο
1505 2120 1613 2158 Felici,
1630 2121 1786 2160 capellano
1801 2127 1915 2157 nostro,
1928 2122 2032 2161 priori
2046 2122 2167 2153 ecclesie
2177 2128 2275 2153 sanct!

1264 2175 1375 2214 Eyidii
1395 2174 1586 2204 Acconensis.
1607 2174 1691 2205 Cum
1712 2184 1730 2204 a
1748 2174 1844 2205 nobis
1862 2175 1987 2214 petitur
2001 2177 2076 2211 etc,
2092 2185 2199 2215 usque
2231 2176 2277 2207 ef-

1264 2229 1397 2259 fectum.
1415 2229 1500 2259 Sane
1513 2227 1661 2258 exhibita
1682 2227 1777 2257 nobis
1793 2229 1849 2258 tua
1864 2228 1978 2267 petitio
1987 2229 2177 2260 continebat
2191 2229 2280 2268 quod

1262 2288 1297 2316 tu
1314 2285 1487 2316 ecclesiam
1506 2286 1596 2315 tuam
1613 2285 1719 2315 sancti
1734 2285 1843 2324 Egidii
1863 2286 2091 2317 Acconensem
2109 2295 2185 2317 cum
2202 2295 2276 2327 pos-

1262 2339 1483 2374 sessionibus,
1495 2338 1681 2369 redditibus
1692 2339 1721 2368 et
1730 2339 1938 2377 pertinentiis
1950 2340 2022 2370 suis
2031 2340 2149 2371 dilecto
2162 2340 2233 2371 filio
2244 2364 2251 2370 .
2270 2363 2278 2370 .

1261 2393 1419 2431 magistro
1431 2393 1550 2422 domus
1568 2391 1687 2422 Militie
1703 2392 1836 2431 Templi
1854 2392 2120 2423 Jerosolimitani
2144 2401 2276 2424 conces-

1260 2446 1334 2476 sisti
1352 2446 1393 2475 ad
1414 2445 1546 2475 firmam
1571 2453 1630 2484 pro
1655 2445 1800 2484 quadam
1835 2454 1945 2476 annua
1977 2446 2118 2485 pecunie
2150 2446 2280 2486 quanti-

1260 2500 1335 2534 tate,
1354 2507 1454 2537 quam
1471 2498 1560 2528 idem
1587 2498 1745 2537 magister
1768 2498 1808 2528 de
1826 2507 1994 2529 consensu
2009 2499 2149 2530 fratrum
2168 2499 2276 2539 ipsius

1259 2552 1378 2582 domus
1402 2546 1441 2582 de
1464 2551 1620 2582 thesauro
1638 2560 1698 2582 suo
1714 2551 1901 2582 Parisiensi
1919 2552 1991 2587 tibi,
2007 2553 2115 2591 quoad
2133 2552 2275 2588 vixeris,

1260 2605 1313 2635 vel
1327 2605 1533 2644 procuratori
1550 2606 1606 2635 tuo
1637 2606 1726 2635 certo
1738 2605 1880 2635 termino
1896 2606 2049 2644 promisit
2070 2606 2200 2636 solvere
2215 2614 2277 2637 an-

1260 2659 1398 2694 nuatim,
1412 2659 1510 2697 prout
1526 2657 1559 2687 111
1574 2657 1694 2688 litteris
1716 2657 1795 2688 inde
1812 2658 1983 2693 confectis,
2013 2667 2155 2698 quarum
2183 2660 2274 2690 teno-

1258 2720 1328 2742 rem
1344 2711 1384 2742 de
1395 2711 1497 2741 verbo
1509 2710 1550 2741 ad
1559 2711 1697 2741 verbum
1705 2711 1918 2749 presentibus
1934 2711 2037 2742 inseri
2049 2711 2274 2752 fecimus‚ple-

1259 2765 1336 2796 nius
1351 2765 1549 2795 continetur.
1575 2763 1646 2794 Nos
1659 2764 1769 2802 itaque
1783 2764 1850 2794 tuis
1865 2765 2167 2804 supplicationibus
2180 2763 2261 2795 incli

1257 2818 1338 2854 nati,
1360 2817 1448 2856 quod
1474 2825 1574 2856 super
1585 2816 1647 2847 hoc
1659 2817 1797 2855 provide
1808 2817 1931 2847 factum
1949 2819 2010 2853 est,
2028 2819 2137 2848 ratum
2152 2818 2184 2847 et
2198 2824 2258 2856 gra

1255 2872 1327 2901 tum
1335 2870 1543 2906 habentes,id
1555 2869 2178 2908 auctoritateapostolicaconfirmamus
2189 2870 2250 2901 etc.
2259 2892 2267 2906 ,

1255 2932 1360 2963 usque
1371 2923 1630 2958 communimus,
1644 2922 1837 2961 supplentes
1853 2923 2018 2955 defectum
2029 2923 2137 2962 siquis
2149 2922 2184 2953 in
2198 2929 2275 2962 pro·
