2547 3289
1189 243 1404 275 D'URBAIN
1429 242 1487 272 IV.

293 330 456 368 predicta.
470 329 611 364 Verum,
624 328 703 366 quia
720 328 823 357 iidem
836 327 863 357 al
871 327 939 357 ›lias
956 328 986 357 et
1001 327 1184 356 conventus
1200 326 1306 364 Aqui-

293 384 493 418 cinctenses,
504 383 603 420 prout
618 383 785 418 asserunt,
798 382 1073 411 conservatorum
1089 379 1242 417 ipsorum
1255 387 1308 408 co-

294 437 385 475 piam
406 435 576 466 interdum
594 434 715 465 habere
737 443 802 464 non
825 435 977 473 possunt,
1002 432 1099 463 nobis
1127 432 1306 462 humiliter

294 489 571 528 supplicaverunt
588 490 623 518 ut
647 488 824 526 providere
854 488 938 525 ipsis
959 494 1061 525 super
1084 485 1145 515 hoc
1166 487 1306 523 paterna

294 541 526 572 sollicitudine
545 549 752 571 curaremus.
774 542 845 571 Nos
863 541 975 579 igitur,
997 539 1037 569 ad
1062 540 1168 568 instar
1196 538 1306 568 felicis

292 594 733 625 recordationisAlexandri
748 602 845 632 pape,
861 593 1112 631 predecessoris
1130 592 1250 627 nostri,
1263 593 1306 624 te,

293 648 366 678 loco
385 648 551 678 dictorum
567 648 854 680 conservatorum,
875 647 909 675 in
921 645 1114 683 hujusmodi
1130 653 1308 674 conserva-

291 702 395 732 tionis
416 701 550 740 negotio
570 700 803 739 subrogantes,
824 698 1022 728 discretioni
1042 699 1097 727 tue
1120 705 1179 735 per
1210 705 1305 735 apos-

291 755 395 785 tolica
424 754 549 792 scripta
582 753 783 783 mandamus
800 752 977 790 {quatenus
1007 750 1169 789 predictis
1194 749 1307 780 abbati

293 809 325 838 et
344 807 524 837 conventui
551 806 706 845 oportuni
728 805 877 844 presidio
905 804 1031 834 favoris
1060 804 1238 836 assistens,
1266 803 1307 832 ad

293 860 584 890 conservationem
604 860 756 897 ipsorum
785 857 958 896 procedas,
983 857 1079 895 juxta
1103 856 1306 886 directarum

293 914 334 943 ad
358 913 513 943 abbatem
533 914 564 942 et
583 913 729 950 priorem
755 911 924 949 predictos
952 911 1061 948 ipsius
1093 909 1184 938 sedis
1204 909 1307 938 conti-

293 966 441 996 nentiam
462 965 663 1001 litterarum⁷
685 963 900 1003 presentil.›us
925 965 999 1001 post
1034 963 1308 1001 quinquennium

292 1019 435 1049 minime
454 1018 623 1047 valituris.
652 1018 775 1048 Datum
803 1017 891 1055 apud
911 1016 1198 1049 Urbenivetereni,
1231 1015 1308 1046 idus

292 1071 420 1107 martii,
439 1079 524 1101 anno
545 1071 702 1101 secundo.
727 1082 740 1097 »

384 1296 457 1327 380
872 1294 996 1325 Orvieto,
1015 1295 1046 1320 10
1061 1302 1138 1321 mars
1157 1295 1234 1322 1263.

331 1387 471 1422 Episcopo
489 1387 669 1414 Laudunensi
688 1388 806 1414 mandat
824 1389 963 1422 quatenus
983 1387 1155 1422 magistrum
1177 1387 1309 1415 Amorri-

296 1444 361 1463 eum
382 1437 410 1463 in
427 1436 550 1464 ecclesia
567 1437 594 1463 S.
620 1436 767 1471 Gaugcrici
791 1437 1006 1464 Cameracensis
1026 1437 1054 1463 in
1074 1437 1247 1465 canonicum
1268 1445 1312 1464 re-

295 1485 351 1520 cipi
374 1484 461 1512 faciat
480 1485 562 1520 eique
585 1486 618 1512 de
637 1485 798 1520 praebenda
821 1486 848 1512 in
876 1486 977 1513 eadem
998 1485 1120 1513 ecclesia
1147 1486 1307 1520 provideat.

295 1534 374 1568 (Rm.
391 1535 436 1565 27,
454 1534 504 1561 sol.
524 1535 572 1561 107
586 1540 623 1565 νο,
643 1540 671 1560 u⁰
688 1536 727 1567 2.)

338 1661 353 1676 «
377 1676 382 1680 .
403 1675 408 1680 .
430 1650 568 1690 episcopo
590 1649 797 1680 Laudunensi.
829 1651 895 1681 Sua
915 1650 1014 1681 nobis
1044 1650 1186 1681 dilectus
1217 1650 1310 1680 filius

298 1704 460 1742 magister
482 1704 692 1739 Amorraeus,
709 1706 817 1734 rector
837 1704 978 1734 ecclesie
998 1704 1037 1734 de
1058 1704 1204 1738 Fleruis,
1226 1704 1312 1733 Leo-

299 1756 429 1787 diensis
449 1757 606 1793 diocesis,
628 1758 663 1787 in
692 1759 805 1788 nostra
831 1757 1001 1796 presentia
1019 1757 1233 1793 constitutus
1254 1765 1313 1795 pe-

295 1810 414 1841 titione
431 1811 633 1841 monstravit
652 1811 752 1850 quod,
770 1811 848 1841 licet
866 1811 974 1840 felicis
996 1810 1239 1841 recordationis
1258 1811 1310 1841 In-

295 1918 435 1947 nostro..
455 1917 613 1955 episcopo
632 1917 880 1953 Cameracensi‚
902 1926 1004 1955 super
1022 1917 1216 1955 provisione
1242 1917 1309 1947 sibi

297 2023 436 2054 siastico
452 2023 650 2062 prebendali
670 2023 722 2054 vel
741 2024 819 2059 alio,
841 2025 869 2054 si
891 2026 968 2054 tunc
985 2025 1116 2054 vacaret
1135 2024 1188 2053 vel
1205 2031 1306 2062 quam

297 2077 445 2115 primum
466 2077 507 2107 ad
540 2077 575 2107 id
607 2086 642 2107 se
676 2077 818 2108 facultas
851 2078 995 2113 offerret,
1022 2086 1101 2107 suas
1128 2077 1190 2107 sub
1223 2079 1313 2107 certa

297 2129 406 2160 forma
425 2130 555 2161 litteras
574 2131 769 2167 direxisset,
791 2140 828 2161 ac
857 2140 916 2170 per
934 2140 991 2161 eas
1026 2131 1213 2161 decreverit
1238 2131 1314 2160 irri-

296 2185 367 2214 tum
389 2186 419 2214 et
439 2184 538 2214 inane
559 2185 587 2214 si
605 2193 703 2214 secus
719 2193 737 2215 a
756 2193 925 2223 quoquam
943 2185 1152 2222 contingeret
1171 2186 1314 2222 attemp-

296 2236 373 2271 tari,
396 2238 428 2266 et
457 2237 575 2267 eodem
608 2238 848 2276 predecessore
884 2238 916 2267 vi
931 2246 974 2267 un
1004 2238 1162 2267 universe
1200 2237 1314 2267 carnis

298 2289 465 2327 ingresso,
488 2292 563 2321 ante
585 2290 776 2321 litterarum
797 2291 1121 2329 representationem
1147 2291 1313 2328 ipsarum,
1345 2284 1346 2291 ¹

298 2342 352 2380 pie
385 2344 548 2374 memorie
581 2344 774 2374 Alexander
798 2353 895 2383 papa,
934 2344 1153 2383 predecessor
1185 2345 1312 2380 noster,
1345 2330 1346 2355 ³

299 2395 408 2425 eidem
429 2396 587 2436 episcopo
611 2397 798 2437 injunxerit
817 2399 863 2433 ut,
885 2406 951 2427 non
976 2397 1129 2428 obstante
1150 2397 1238 2435 quod
1263 2404 1314 2426 ee-
1345 2391 1346 2406 ³

298 2448 373 2478 dem
394 2448 518 2486 littere,
541 2450 628 2480 dicto
648 2451 678 2481 J.
704 2451 945 2489 predecessore
971 2450 1111 2487 vivente,
1134 2450 1200 2489 ipsi
1226 2450 1315 2489 epis-

299 2510 381 2540 copo
399 2511 464 2532 non
483 2502 619 2533 fuerunt
641 2506 843 2542 presentate,
864 2504 905 2533 ad
925 2504 1034 2542 ipsius
1059 2504 1212 2542 magistri
1237 2512 1316 2541 pro-

299 2555 469 2585 visionem
495 2556 701 2594 procederet,
734 2557 832 2595 juxta
852 2557 1091 2587 continentiam
1122 2557 1313 2587 litterarum

299 2609 512 2644 earumdemg
534 2610 613 2648 quia
640 2612 754 2640 tamen
786 2610 896 2640 dictus
915 2611 1077 2649 magister
1107 2610 1240 2640 nullum
1272 2619 1315 2640 ex

298 2660 360 2691 hoc
386 2661 495 2692 fuerat
514 2663 693 2692 comodum
715 2665 902 2698 assecutus,
924 2663 1014 2693 idem
1033 2663 1072 2694 A.
1093 2663 1315 2702 predecessor

298 2713 384 2745 bone
403 2716 591 2746 memorie..
614 2715 868 2755 archiepiscopo
904 2717 1067 2747 Remensi
1098 2725 1157 2755 per
1183 2715 1314 2746 litteras

300 2776 380 2799 suas
398 2769 546 2807 injunxit
567 2771 612 2806 ut,
635 2770 669 2799 111
689 2770 824 2800 civitate
840 2769 893 2799 vel
914 2769 1041 2800 diocesi
1060 2769 1316 2800 Cameracensi-

299 2821 374 2858 bus,
397 2823 439 2853 ad
469 2823 702 2862 provisionem
722 2823 802 2854 dic-ti
822 2824 975 2862 magistri
994 2823 1200 2862 procederet,
1218 2823 1316 2861 juxta

300 2877 383 2907 dicti
399 2877 429 2907 J.
451 2877 705 2916 predecessoris
726 2877 968 2907 continentiam
990 2877 1195 2907 litterarum.
1217 2876 1258 2906 Et
1276 2876 1316 2906 li-

301 2931 351 2960 cet
378 2930 467 2960 idem
488 2930 763 2969 archiepiscopus
788 2930 984 2960 mandatum
1010 2930 1119 2968 ipsius
1138 2930 1178 2960 A.
1200 2929 1317 2968 prede<

2322 242 2376 271 107

1368 324 1514 354 cessoriS
1551 324 1671 362 exequi
1705 324 1842 362 ceperit,
1879 323 1963 353 illud
2001 326 2111 353 tamen
2146 324 2184 353 ad
2222 324 2372 354 effectum

1368 378 1488 407 ducere
1520 386 1585 407 11011
1621 377 1760 409 curavit,
1802 378 1936 415 propter
1969 377 2055 415 quod
2094 377 2181 406 idem
2215 378 2376 413 magister

1371 432 1488 469 quarto
1500 430 1540 459 ad
1555 430 1773 468 apostolicam
1787 431 1898 459 sedem
1909 430 2077 465 laborans,
2090 430 2241 469 ejusdem
2256 431 2292 460 λ.
2304 440 2376 469 pre-

1369 483 1559 513 decessoris
1585 483 1767 513 addictum
1795 483 2085 521 archiepiscopum
2120 485 2301 521 reportavit
2323 484 2372 514 lit-

1369 538 1470 571 teras,
1491 537 1755 567 continentesut.
1775 536 1803 565 si
1817 538 1906 565 esset
1925 537 1979 571 ita,
1995 545 2102 574 perse
2118 536 2169 565 vel
2191 546 2248 575 per
2268 537 2373 567 alium

1369 589 1410 618 ad
1430 589 1658 626 provisionem
1685 589 1764 618 dicti
1794 589 1946 626 magistri
1969 589 2159 627 procederet
2182 589 2212 618 iu
2241 591 2374 620 civitate

1369 641 1422 670 vel
1459 641 1585 670 diocesi
1618 641 1789 679 predictis.
1828 641 2008 671 cathedrali
2050 642 2189 671 ecclesia
2225 646 2375 681 excepta,

1367 693 1464 731 juxta
1483 694 1688 723 directarum
1709 694 1748 723 ad
1766 694 1909 723 eundem
1931 694 2219 733 arcliiepiscolnum
2238 695 2316 725 dicti
2337 697 2377 726 A.

1370 746 1622 784 predecessoris
1649 747 1887 776 continentiam
1922 747 2124 776 litterarum.
2148 748 2230 777 Cum
2264 750 2375 779 autem

1371 799 1459 828 idem
1480 799 1777 837 archiepiscopus..
1808 800 1933 829 cantori
1954 800 2094 829 ecclesie
2124 802 2378 831 Cameracensis

1370 852 1564 882 mandasset
1584 854 1618 882 ut
1645 853 1788 882 eundem
1820 852 2017 891 magistrum
2042 853 2081 882 ad
2108 853 2323 891 prebendam.
2352 855 2378 884 si

1371 914 1436 943 qua
1456 907 1532 935 tunc
1564 905 1597 934 in
1628 905 1771 935 ecclesia
1801 906 1907 935 sancti
1927 906 2104 944 (isitigerici
2125 907 2378 937 Cameracensis

1371 960 1503 988 vacaret
1517 958 1569 988 vel
1586 960 1747 993 vacasset,
1767 960 1946 997 postquam
1961 959 2047 988 idem
2067 959 2229 998 magister
2249 960 2310 990 iter
2329 970 2378 990 ar-

1371 1011 1476 1050 ripuit
1494 1012 1534 1041 ad
1554 1012 1668 1042 sedem
1695 1012 1914 1050 apostolicam
1934 1012 2102 1046 veniendi⁷
2124 1013 2311 1050 predictum
2333 1013 2378 1043 fa-

1371 1065 1460 1094 ceret
1480 1065 1679 1104 magistrum
1702 1065 1736 1095 in
1754 1065 1871 1095 eadem
1895 1065 2037 1095 ecclesia
2058 1066 2162 1104 recipi
2188 1066 2221 1095 in
2241 1067 2381 1096 canoni-

1371 1126 1447 1147 cum
1466 1121 1496 1148 et
1529 1119 1562 1148 in
1583 1118 1733 1153 fratrem,
1754 1127 1791 1148 ac
1810 1119 1920 1157 ipsam
1949 1118 2113 1148 conferret
2135 1119 2255 1154 eidem,
2286 1120 2378 1149 indu-

1371 1171 1475 1201 cendo
1507 1180 1584 1201 eum
1621 1172 1652 1201 in
1684 1172 1778 1202 illius
1812 1172 2020 1210 corporalem
2064 1173 2316 1210 possessionem
2349 1174 2379 1203 et

1371 1224 1581 1255 defendendo
1612 1225 1796 1259 inductum,
1820 1225 2083 1255 contradictores
2112 1234 2171 1264 per
2202 1235 2379 1256 censuram

1372 1279 1434 1308 etc.
1453 1287 1560 1317 usque
1578 1279 1831 1317 coinpescendo‚
1847 1278 1994 1314 tandem,
2016 1279 2172 1308 ..decano
2185 1281 2215 1309 et
2233 1279 2380 1317 capitulo

1371 1330 1483 1369 ipsius
1516 1331 1657 1361 ecclesie
1688 1331 1907 1362 reddentibus
1934 1340 1969 1361 se
1994 1340 2095 1370 super
2126 1331 2188 1361 hoc
2207 1331 2376 1365 difficiles7

1372 1384 1462 1414 idem
1482 1386 1654 1423 magister,
1672 1385 1714 1414 ad
1733 1385 1931 1415 instantiam
1943 1385 2083 1423 predicti
2095 1385 2243 1423 episcopi
2258 1387 2289 1415 et
2304 1394 2386 1423 quo-

1372 1439 1527 1468 rumdam
1547 1438 1704 1472 aliorum,
1725 1438 1841 1468 decani
1858 1439 1890 1468 et
1907 1438 2044 1476 capituli
2064 1439 2168 1477 gratie
2189 1447 2290 1477 super
2310 1447 2384 1477 pro-

1373 1491 1502 1521 visione
1520 1491 1714 1530 hujusmodi
1739 1500 1774 1521 se
1792 1491 1962 1527 submisit,
1985 1491 2044 1521 sed
2060 1491 2125 1529 ipsi
2144 1491 2256 1521 minus
2272 1494 2385 1530 gratos

1373 1553 1408 1574 se
1430 1545 1607 1575 reddentes
1625 1545 1747 1580 eidem,
1767 1544 1943 1583 providere
1962 1544 2027 1573 sibi
2054 1544 2215 1574 hactenus
2240 1553 2305 1574 non
2327 1553 2386 1574 cu-

1373 1599 1500 1634 rarunt,
1530 1606 1590 1627 nec
1609 1598 1710 1627 ctiam
1736 1600 1933 1636 receperunt
1967 1598 2123 1627 eundem.
2154 1597 2237 1627 Cum
2269 1600 2379 1628 autem

1372 1651 1482 1680 dictus
1497 1652 1668 1689 magister,
1687 1660 1728 1680 ex
1745 1659 1783 1680 eo
1804 1651 1893 1689 quod
1910 1659 1944 1680 se
1961 1652 2078 1688 sponte
2095 1651 2200 1689 gratie
2218 1651 2377 1680 submisit

1373 1713 1500 1740 eorum,
1520 1704 1638 1734 debeat
1656 1705 1826 1742 reportare
1844 1703 2023 1734 comodum
2040 1712 2105 1733 non
2121 1704 2300 1741 jacturam,
2317 1705 2388 1734 cis-

1373 1757 1448 1787 dem
1469 1758 1593 1787 decano
1613 1759 1643 1787 et
1658 1756 1805 1796 capitulo
1820 1757 1946 1787 nostris
1963 1757 2082 1786 damus
2101 1757 2223 1787 litteris
2244 1758 2276 1786 in
2294 1766 2387 1787 man-

1342 1841 1344 1852 ,
1374 1811 1461 1840 datis
1478 1813 1514 1840 ut
1533 1810 1659 1840 dictum
1679 1811 1892 1849 magistrum,
1922 1819 1980 1848 pro
2001 1811 2115 1840 nostra
2135 1812 2163 1840 et
2199 1810 2384 1848 apostolice

296 1864 473 1894 nocentius
492 1872 590 1902 papa,
612 1864 832 1902 predecessor
856 1865 980 1900 noster,
1008 1863 1193 1894 venerabili
1213 1864 1310 1894 fratri
1343 1878 1344 1883 =

1375 1864 1466 1893 sedis
1484 1864 1684 1897 reverentiat
1698 1864 1731 1893 in
1746 1863 1944 1893 canonicum
1959 1863 2160 1901 recipientes
2180 1865 2212 1893 et
2231 1864 2384 1899 fratrem,

1343 1936 1344 1947 1
1374 1917 1548 1947 conferant
1564 1917 1593 1947 ei
1614 1916 1818 1955 prebendam
1840 1917 1880 1946 ad
1911 1925 2027 1946 eorum
2053 1917 2267 1946 collationem
2294 1926 2385 1955 spec—

296 1969 449 2000 fazienda
478 1970 514 2000 in
539 1971 711 2008 provincia
735 1970 929 2001 Coloniensi
954 1971 993 2000 (10
1019 1969 1182 2000 beneficio
1207 1970 1314 2000 eccle·
1343 1961 1344 1973 ³

1374 1971 1512 2004 tantem,
1532 1970 1560 1999 si
1579 1979 1644 2008 qua
1664 1970 1697 1999 in
1717 1970 1859 1999 ecclesia
1885 1971 1957 2008 ipsa
1979 1972 2073 1999 vacat
2091 1969 2135 2008 [ad
2159 1978 2311 2008 presens,
2332 1971 2386 2000 vel

1343 2040 1345 2048 ‚
1376 2024 1640 2062 quamprimum
1673 2024 1713 2053 ad
1734 2024 1767 2052 id
1791 2022 1952 2053 obtulerit
1980 2031 2015 2052 se
2043 2022 2196 2052 facultas.
2223 2023 2387 2058 Quocirca

1376 2077 1578 2107 fraternitati
1596 2078 1651 2106 tue
1671 2085 1729 2114 per
1745 2076 1931 2115 apostolica
1950 2076 2073 2114 scripta
2091 2076 2291 2106 mandamus
2308 2086 2389 2115 qua-

1375 2132 1487 2165 tenus,
1515 2131 1542 2160 si
1564 2130 1705 2168 predicti
1730 2130 1876 2159 decanus
1907 2132 1937 2159 et
1954 2129 2147 2168 :capitulum
2169 2131 2324 2159 nostrum
2355 2131 2389 2159 in

1344 2212 1345 2220 ¹
1375 2182 1436 2213 hac
1458 2185 1551 2221 parte
1582 2183 1778 2213 mandatum
1798 2183 2009 2221 neglexerint
2037 2182 2236 2220 adimplere,
2273 2186 2388 2214 tucos

1377 2236 1417 2266 ad
1437 2236 1471 2266 id
1487 2245 1547 2275 per
1575 2238 1606 2266 te
1627 2237 1678 2266 vel
1700 2245 1758 2274 per
1778 2236 1894 2269 alium,
1921 2235 2106 2265 monitione
2127 2236 2306 2274 premissa,
2329 2245 2389 2274 per

1376 2298 1553 2320 censuram
1574 2290 1848 2325 ecclesiasticam,
1869 2289 2092 2327 appellatione
2126 2291 2265 2323 remota,
2298 2298 2390 2319 com-

1375 2343 1500 2381 pellasg
1521 2352 1586 2373 11011
1619 2343 1770 2373 obstante
1797 2343 1825 2372 si
1860 2343 1909 2372 eis
1930 2342 2118 2371 comuniter
2138 2342 2189 2371 vel
2208 2342 2347 2372 divisim
2372 2352 2390 2372 a

1377 2396 1454 2426 sede
1475 2397 1659 2435 apostolica
1692 2397 1736 2426 sit
1770 2396 1949 2429 indultum,
1980 2395 2068 2433 quod
2088 2395 2129 2424 ad
2161 2396 2389 2433 receptionem

1375 2449 1428 2480 vel
1452 2450 1683 2488 provisionem
1704 2450 1847 2487 alicujus
1865 2449 2005 2478 11111111110
2022 2449 2210 2483 teneantur,
2230 2448 2387 2487 quodque

1376 2503 1417 2532 ad
1434 2503 1466 2532 id
1488 2503 1656 2541 compelli,
1679 2511 1738 2532 seu
1758 2502 1847 2541 quod
1874 2501 2041 2536 interdici,
2064 2501 2225 2539 suspendi
2247 2501 2299 2531 vel
2330 2510 2389 2531 ex-

1375 2556 1582 2586 comunicari
1602 2565 1668 2586 non
1694 2556 1823 2594 possint
1854 2564 1913 2594 per
1943 2554 2072 2584 litteras
2107 2554 2198 2583 sedis
2218 2554 2385 2593 ejusdem,

1376 2618 1440 2648 que
1471 2610 1510 2640 de
1529 2609 1658 2639 indulto
1680 2607 1873 2647 hujusmodi
1893 2607 2028 2646 plenam
2046 2608 2078 2636 et
2097 2614 2297 2644 expressam
2318 2614 2386 2636 non

1376 2662 1517 2693 fecerint
1530 2663 1747 2696 mentionem,
1769 2670 1827 2692 seu
1849 2660 1998 2699 qualibet
2017 2659 2083 2690 alia
2098 2660 2208 2698 ipsius
2226 2659 2318 2689 sedis
2335 2659 2388 2689 in-
2406 2650 2408 2652 .

1376 2716 1561 2755 dulgentia,
1581 2725 1641 2755 per
1658 2724 1759 2754 quam
1775 2715 1911 2745 effectus
1930 2714 2136 2753 presentium
2154 2712 2311 2750 impediri
2329 2721 2388 2742 va-

1375 2769 1440 2800 leat
1460 2770 1512 2800 vel
1541 2769 1679 2799 differri.
1716 2769 1786 2799 Nos
1819 2768 1909 2798 enim
1941 2767 2154 2797 decernimus
2188 2765 2321 2796 irritum
2354 2766 2386 2795 ct

1377 2823 1487 2858 inane,
1516 2824 1544 2853 si
1563 2831 1660 2852 secus
1676 2822 1715 2852 de
1734 2821 1902 2860 prebenda
1918 2819 2112 2859 hujusmodi
2131 2818 2309 2857 contigerit
2335 2820 2384 2848 at-

1377 2876 1547 2915 temptari.
1567 2877 1691 2906 Datum
1708 2875 1795 2913 apud
1806 2874 2093 2909 Urbemmtcrem,
2112 2883 2142 2902 ri
2162 2872 2237 2902 idus
2255 2872 2384 2907 martii,

1378 2938 1464 2960 anno
1482 2929 1640 2959 secundo.
1659 2942 1672 2955 »
