2547 3289
1157 271 1371 303 D'URBAIN
1392 273 1450 304 IV.
2317 279 2356 310 49

272 365 405 387 menses
420 356 493 394 post
509 355 730 386 monitionem
747 355 904 391 vestram,
920 354 1016 393 juxta
1030 354 1215 384 litterarum
1232 353 1285 383 vel

272 409 571 440 instrumentorum
588 409 736 447 ipsorum
750 409 893 442 tenores,
909 408 948 437 de
961 407 1129 445 jamdictis
1146 408 1284 444 pecunie

272 462 415 493 summis
444 470 521 491 cum
538 461 641 499 justis
673 462 703 491 et
725 461 904 491 moderatis
928 459 1085 498 expensis
1112 467 1149 488 ac
1175 459 1285 488 debita

271 515 511 545 restauratione
527 514 760 553 dampnorum,
778 513 891 544 usuris
907 513 1042 542 omnino
1062 511 1283 546 cessantibus,

271 567 408 606 prefatis
432 567 671 597 mercatoribus
700 567 845 597 debitam
871 565 1129 596 satisfactionem
1159 564 1283 602 impen-

271 620 361 650 dant.
394 620 543 655 Quodsi
572 620 659 650 infra
686 620 816 658 tempus
846 617 1039 656 hujusmodi
1070 616 1191 646 vestris
1220 625 1284 646 non

271 672 501 711 acquieverint
527 672 664 702 monitis
688 672 722 701 in
744 671 805 701 hac
826 671 929 709 parte,
956 678 1016 700 vos
1040 670 1161 699 extunc
1186 669 1227 698 ad
1252 669 1285 699 id

272 726 559 765 archiepiscopum
580 726 611 755 et
635 725 862 763 suffraganeos
880 723 973 761 ipsos
997 722 1203 752 districtione
1221 731 1286 760 qua

272 779 439 814 convenit,
463 779 598 809 abbates
615 786 696 808 vero
713 785 750 807 ac
767 776 910 815 majores
931 776 970 806 de
988 776 1143 814 capitulis
1160 777 1190 805 et
1209 783 1284 805 con-

272 831 441 866 ventibus,
466 832 498 861 et
525 830 662 861 comites
685 838 722 859 ac
748 829 902 863 barones,
928 830 960 858 et
979 828 1233 858 communitates
1249 836 1286 858 ac

271 885 372 915 laicos
397 884 604 923 supradictos
623 892 680 922 per
696 882 1052 913 excommunicationis
1076 883 1110 912 in
1126 891 1286 921 personas
1315 883 1317 891 '

271 945 384 967 eorum
402 936 478 967 etin
495 936 640 974 capitula
652 936 682 965 et
694 935 877 966 conventus
888 943 924 964 ac
936 934 1105 968 comitum,
1122 933 1286 963 baronum

272 990 304 1020 et
328 989 604 1020 communitatum
619 988 770 1027 ipsorum
785 989 890 1018 terras
907 987 1073 1017 interdicti
1091 986 1286 1020 sententias,

271 1042 493 1082 appellatione
518 1042 714 1081 postposita,
736 1041 955 1080 compellatis,
978 1040 1136 1071 facientes
1154 1039 1287 1070 easdem

273 1096 456 1126 sententias
479 1104 584 1134 usque
607 1095 648 1125 ad
665 1095 928 1125 satisfactionem
952 1093 1162 1132 condignam,
1180 1092 1237 1122 ubi
1257 1093 1287 1123 et

272 1149 406 1188 quando
421 1149 576 1187 expedire
594 1148 756 1184 videritis,
782 1148 923 1186 pulsatis
939 1146 1110 1185 campanis
1127 1147 1158 1176 et
1173 1146 1287 1176 cande-

272 1201 315 1231 lis
324 1202 484 1236 accensis,
496 1200 983 1239 sollempniterinnovari.Non
998 1199 1147 1230 obstante
1163 1216 1210 1228 -,
1221 1199 1287 1229 Da—

272 1254 344 1284 tum
367 1254 456 1293 apud
485 1253 770 1290 Urbemveterem‚
801 1263 822 1283 v
849 1253 1011 1284 kalendas
1039 1252 1183 1290 augusti,
1200 1260 1287 1282 anno

272 1308 394 1338 cundo.
415 1320 430 1335 »

341 1485 414 1515 172

815 1481 938 1515 Orvieto,
957 1483 990 1508 25
1005 1483 1121 1508 octobre
1138 1482 1217 1508 1203.

309 1567 409 1593 Simile
428 1566 598 1592 mandatum
614 1574 664 1599 pro
684 1566 769 1592 certis
788 1565 851 1592 aliis
873 1565 1084 1591 mercatoribus
1103 1564 1288 1591 Senensibus.

273 1616 353 1650 (1100.
369 1617 415 1647 27,
432 1614 480 1641 sol.
498 1615 530 1640 43
548 1623 590 1647 vu,
608 1622 641 1640 no
656 1615 695 1647 2.)

315 1740 330 1757 «
358 1752 379 1760 ..
396 1728 612 1759 archidiacono
633 1733 661 1757 ec
683 1751 703 1757 ..
724 1727 853 1767 officiali
867 1727 1074 1757 Trecense'bus.
1090 1727 1212 1757 Dilecti
1226 1727 1287 1758 filii

272 1783 510 1814 Bonaventura
546 1781 758 1816 Bernardini,
790 1781 990 1811 Franciscus
1031 1780 1144 1816 Guidi,
1173 1781 1290 1811 Fatius

272 1837 402 1871 Juncte,
415 1835 606 1874 Hugolinus
618 1834 842 1869 Bellimontis,
857 1834 1066 1872 Bonsignore
1082 1834 1244 1872 Raynerii
1260 1835 1290 1864 et

272 1889 477 1920 Tholomeus
499 1887 668 1917 Manentis
680 1888 710 1917 et
732 1886 790 1916 alii
805 1895 926 1918 eorum,
938 1886 1031 1921 socii,
1051 1886 1142 1916 cives
1159 1888 1191 1916 et
1206 1895 1289 1917 mer-

272 1943 399 1973 catores
429 1942 608 1977 Senenses,
636 1939 741 1970 nostri
772 1940 804 1969 et
831 1939 970 1969 ecclesie
992 1939 1143 1969 Romane
1166 1939 1288 1974 devoti,

274 1995 371 2025 nobis
397 1993 587 2032 significare
612 1993 771 2022 curarunt
792 1992 892 2030 quod,
921 1991 998 2021 licet
1019 1991 1085 2030 ipsi
1107 1992 1138 2021 et
1154 1992 1291 2030 quidam

273 2056 315 2078 ex
342 2047 403 2082 eis,
423 2055 483 2077 suo
508 2048 539 2077 et
569 2046 737 2076 sociorum
760 2053 898 2076 suorum
925 2044 1072 2079 nomine,
1107 2044 1291 2074 venerabili

272 2100 368 2131 fratri
395 2101 508 2130 nostro
535 2122 556 2129 ..
584 2098 834 2137 archiepiscopo
853 2097 1051 2131 Senonensi,
1066 2098 1098 2127 et
1119 2097 1291 2127 nonnullis

273 2152 494 2191 suffraganeis
503 2151 611 2191 ipsius
623 2160 659 2182 ac
672 2151 862 2187 abbatibus,
875 2150 1057 2189 prioribus,
1069 2150 1291 2180 conventibus

273 2207 305 2237 et
329 2205 496 2245 capitulis,
522 2204 713 2239 comitibus,
730 2204 925 2239 baronibus,
942 2203 1237 2235 communitatibus
1254 2212 1291 2233 ac

273 2259 475 2298 quibusdam
492 2258 567 2288 aliis
582 2258 713 2288 clericis
729 2258 759 2288 et
775 2257 870 2287 laicis
889 2256 1034 2287 civitatis
1048 2257 1080 2286 et
1095 2256 1237 2286 diocesis
1254 2264 1291 2285 ac

274 2311 445 2350 provincie
477 2311 683 2342 Senonensis
708 2310 872 2349 quasdam
896 2309 1116 2348 pecuniarum
1141 2317 1291 2339 summas

276 2364 470 2398 mutuarint,
500 2364 599 2394 certis
617 2364 666 2393 eis
695 2363 777 2394 locis
806 2364 837 2393 et
859 2362 1014 2392 terminis
1039 2361 1291 2400 persolvendas,

276 2417 546 2447 renuntiantibus
578 2416 736 2455 predictis
768 2415 1029 2454 archiepiscopo,
1060 2415 1290 2453 suffraganeis,

276 2470 464 2505 abbatibus,
480 2469 662 2508 prioribus,
675 2469 896 2499 conventibus
907 2470 937 2498 et
953 2468 1108 2506 capitulis
1120 2468 1150 2498 et
1161 2467 1292 2498 clericis

276 2522 439 2553 beneficio
464 2522 686 2552 restitutionis
710 2522 745 2552 in
762 2522 928 2560 integrum
949 2522 980 2551 et
999 2521 1187 2559 exceptioni
1205 2521 1293 2559 quod

277 2575 469 2615 hujusmodi
489 2575 629 2614 pecunie
653 2575 686 2604 in
708 2574 885 2605 utilitatem
903 2574 1120 2604 ecclesiarum
1138 2582 1197 2604 seu
1224 2582 1293 2604 mo-

278 2629 499 2659 nasteriorum
522 2636 660 2657 suorum
678 2636 745 2658 non
768 2628 836 2657 sint
853 2635 1025 2662 converse,
1047 2635 1084 2656 ac
1101 2626 1226 2657 eisdem
1242 2635 1293 2657 co-

276 2682 425 2716 mitibus,
438 2680 632 2716 baronibus,
645 2680 941 2710 communitatibus
954 2681 985 2710 et
995 2679 1092 2710 laicis
1105 2679 1292 2718 exceptioni

275 2735 351 2771 fori,
368 2743 406 2765 ac
421 2743 456 2765 se
472 2733 745 2764 submittentibus
763 2741 862 2772 super
878 2733 939 2763 hoc
951 2733 1291 2772 jurisdictionieccle-

277 2788 402 2819 siastici
415 2787 552 2827 judicis,
570 2795 708 2817 necnon
723 2786 772 2816 eis
788 2787 820 2816 et
834 2786 910 2815 aliis
922 2786 1077 2816 omnibus
1089 2785 1289 2824 supradictis

277 2840 505 2872 constitutioni
522 2840 562 2870 de
581 2839 711 2870 duabus
729 2838 826 2868 dietis
843 2839 930 2868 edite
941 2839 977 2868 in
988 2838 1130 2869 concilio
1143 2839 1291 2877 generali

277 2896 308 2924 et
321 2894 477 2925 omnibus
489 2892 681 2932 apostolicis
697 2891 916 2929 indulgentiis
930 2891 962 2921 et
973 2891 1092 2921 litteris
1107 2891 1291 2930 impetratis

278 2955 338 2978 seu
349 2946 449 2977 etiam
461 2945 691 2985 impetrandis,
706 2944 803 2983 prout
815 2943 849 2973 in
860 2943 1091 2974 instrumentis
1104 2944 1158 2974 vel
1170 2944 1290 2975 litteris

422 2995 568 3023 URBAIN
589 2993 643 3027 IV,
665 2995 686 3021 t.
709 2993 735 3020 I.
760 2993 835 3026 Reg.
856 2999 936 3019 cam.

1347 354 1423 385 inde
1450 355 1608 386 confectis
1634 356 1766 395 plenius
1794 359 1825 388 ct
1849 366 2005 397 expresse
2032 359 2152 390 dicitur
2178 361 2353 400 contineri,

1347 407 1492 437 nonduin
1516 409 1624 439 tamen
1644 411 1692 439 est
1710 410 1758 440 vis
1773 410 1812 440 de
1829 410 2019 449 hujusmodi
2033 413 2248 450 pecuniarum
2266 422 2355 444 Sum-

1347 459 1410 489 mis
1435 461 1652 497 satisfactum,
1678 471 1878 501 quamquam
1905 464 2107 494 solutionum
2133 466 2267 496 termini
2288 467 2355 497 sint

1345 512 1461 550 elapsi,
1493 515 1625 552 propter
1653 515 1741 552 quod
1769 515 1912 554 dampna
1937 518 2050 555 gravia
2075 520 2105 547 ct
2131 527 2296 557 expensas
2318 528 2353 550 se

1345 566 1497 594 asserunt
1515 565 1708 596 incurrisse.
1727 568 1888 602 Quocirca
1911 570 2106 599 mandamus
2122 573 2278 608 quatinus
2294 581 2353 603 vos

1346 616 1398 645 vc]
1417 617 1498 647 alter
1517 619 1662 647 vestrum
1682 627 1738 656 per
1759 628 1818 649 vos
1837 620 1889 649 vel
1908 630 1965 658 per
1981 622 2082 652 ulium
2106 633 2164 652 scu
2188 624 2270 653 alios
2291 625 2352 655 110-

1341 669 1489 707 jusmodi
1520 670 1697 706 debitoreS,
1727 680 1841 701 eorum
1870 673 2006 702 veritate
2032 676 2171 712 cognita,
2200 677 2286 714 quod
2313 677 2353 707 de

1345 721 1442 751 dictis
1461 723 1678 760 pecuniarum
1697 725 1838 754 summis
1858 724 1890 754 in
1909 726 2030 763 quibus
2049 728 2198 757 tenentur
2216 730 2351 765 eisdem,

1346 782 1420 803 cum
1430 774 1530 811 ,justis
1544 776 1574 805 et
1589 776 1768 806 moderatis
1778 777 1934 815 expensis
1947 786 1982 807 ac
1995 779 2104 808 debita
2118 782 2354 812 restauratione

1346 827 1579 865 dampnorum,
1604 829 1716 858 usuris
1738 829 1874 859 omnino
1903 831 2120 867 cessantibus,
2146 833 2289 863 ‹tebit-ani
2307 835 2355 864 eis

1347 879 1607 911 satissactIouem
1624 881 1711 911 infra
1728 882 1794 912 tres
1810 891 1942 912 menses
1957 885 2031 921 post
2051 885 2266 915 monitionem
2282 895 2354 916 vcs-

1347 933 1441 967 tram,
1466 935 1564 971 prout
1590 934 1726 972 exigunt
1746 935 1930 965 litterarum
1948 937 1979 966 et
1996 937 2291 968 instrumentorum
2311 939 2357 978 ip-

1348 993 1459 1014 sorum
1481 987 1624 1022 tenores,
1650 987 1854 1025 impendant,
1874 997 1915 1018 ex
1938 990 2028 1026 parte
2045 992 2157 1019 nostra
2176 999 2308 1021 monere
2326 993 2357 1021 et

1347 1038 1504 1068 inducere
1530 1039 1700 1070 studeatis.
1727 1040 1823 1076 Quod
1847 1041 1875 1070 si
1904 1041 1991 1071 insra
2013 1043 2143 1080 tempus
2160 1043 2360 1082 ⁴hujusmodi

1349 1091 1470 1121 vestris
1496 1100 1561 1121 non
1586 1093 1814 1130 acrpsseverint
1836 1094 1973 1124 monitis
1998 1095 2028 1124 et
2050 1095 2301 1127 inductionibus
2326 1097 2360 1127 in

1348 1143 1408 1174 hac
1423 1145 1526 1182 parte,
1538 1153 1597 1174 vos
1613 1146 1733 1175 extunc
1746 1145 1780 1175 in
1796 1146 1944 1184 ipsorum
1955 1147 2139 1177 debitorum
2155 1150 2182 1178 et
2199 1149 2361 1187 majorum

1348 1196 1388 1226 dc
1415 1197 1648 1235 conventibus,
1673 1198 1828 1236 capitulis
1854 1200 1883 1229 et
1903 1200 2200 1231 communitatibus
2224 1202 2360 1240 prefatis

1349 1258 1509 1287 personas
1529 1251 1896 1286 excommunicationis,
1924 1252 1957 1281 in
1979 1255 2161 1283 conventus
2182 1263 2260 1284 vero
2277 1255 2362 1293 capi-

1349 1302 1419 1332 tula
1434 1303 1465 1332 et
1480 1304 1736 1334 communitates
1753 1313 1817 1342 que
1836 1305 2074 1336 contumaciter
2090 1307 2226 1336 monitis
2243 1307 2363 1338 vestris

1350 1355 1507 1385 duxerint
1530 1356 1764 1391 resistendum,
1794 1366 1853 1387 vos
1876 1358 1929 1388 vel
1955 1358 2039 1388 alter
2059 1361 2206 1389 vestrum
2224 1368 2281 1398 per
2304 1368 2363 1390 vos

1351 1408 1403 1438 vel
1425 1417 1483 1447 per
1501 1409 1603 1439 alium
1624 1418 1683 1439 seu
1708 1410 1792 1440 alios
1815 1410 1975 1440 studeatis
1999 1411 2164 1442 interdicti
2183 1413 2362 1443 sententias

1349 1461 1573 1499 promulgare,
1594 1471 1677 1500 quas
1696 1471 1801 1501 usque
1817 1464 1858 1493 ad
1874 1464 2134 1495 satisfactionem
2150 1466 2361 1504 condignam,

1350 1513 1407 1543 ubi
1431 1515 1461 1543 et
1480 1515 1612 1552 quando
1629 1516 1784 1554 expedire
1801 1516 1963 1550 videritis,
1984 1518 2126 1556 pulsatis
2146 1519 2316 1557 campanis
2332 1519 2363 1550 et

1350 1567 1498 1596 candelis
1525 1568 1686 1602 accensis,
1715 1568 1845 1599 faciatis
1873 1570 2103 1608 sollempniter
2135 1571 2299 1606 innovari,
2331 1572 2362 1602 et

1350 1619 1426 1649 illos
1444 1619 1484 1649 ab
1500 1620 1576 1649 aliis
1594 1622 1697 1651 artius
1715 1622 1841 1652 evitari.
1860 1623 1931 1652 Non
1956 1622 2164 1653 obstantibus
2176 1640 2223 1653 -.
2238 1624 2361 1654 Datum

1350 1671 1438 1709 apud
1462 1672 1746 1709 Urbemveterem‚
1771 1682 1827 1703 vni
1854 1673 2015 1704 kalendas
2040 1675 2247 1711 novembris,
2273 1684 2360 1706 anno

1349 1723 1456 1754 tertio.
1480 1735 1494 1751 ›>

1419 1910 1490 1940 173

1887 1911 2011 1944 Orvieto,
2031 1913 2060 1938 13
2077 1913 2190 1939 octobre
2212 1915 2286 1941 1263.

1386 1991 1550 2025 Praeposito
1565 1993 1591 2018 et
1608 1991 1714 2019 decano
1733 1993 1870 2019 ecclesiae
1889 2002 1911 2020 s.
1932 1994 2099 2027 Δ1011000111,
2118 1995 2286 2023 Morinensis
2303 1997 2361 2023 dio-

1351 2039 1435 2072 cesis,
1456 2040 1575 2066 mandat
1595 2042 1734 2075 quatenus
1755 2042 1968 2068 bonaventurae
1990 2043 2172 2076 Bernardini,
2194 2045 2360 2072 ildebrando

1351 2089 1557 2122 Ildebrandini,
1575 2090 1727 2116 Francisco
1745 2090 1823 2117 Guidi
1851 2093 1878 2117 et
1895 2091 2036 2125 Raynerio
2054 2093 2222 2119 Bonaccursi
2246 2102 2277 2120 ac
2296 2094 2361 2121 aliis

1350 2146 1449 2164 eorum
1467 2137 1562 2171 sociis,
1576 2138 1685 2165 civibus
1699 2140 1726 2165 et
1742 2139 1949 2166 mercatoribus
1976 2140 2159 2173 Seuensibus,
2188 2142 2298 2169 restitui
2324 2142 2363 2169 sa-

1350 2187 1427 2213 ciant
1462 2187 1537 2213 insra
1568 2195 1657 2214 unum
1681 2195 1812 2214 mensem
1843 2188 1976 2222 pecunias
2001 2189 2036 2215 ab
2060 2189 2127 2222 ipsis
2149 2189 2362 2224 archiepiscopo

1350 2236 1551 2263 Cantuariensi
1566 2238 1594 2262 et
1611 2237 1756 2263 nonnullis
1774 2236 1835 2271 ejus
1851 2237 2039 2271 suffragancis
2056 2240 2218 2266 mutuatas:
2236 2239 2363 2273 alioquin

1351 2285 1378 2311 in
1398 2293 1534 2319 personas
1549 2285 1857 2312 excommunicationis
1874 2288 1902 2312 et
1921 2286 1946 2311 tn
1968 2287 2060 2312 terras
2081 2286 2231 2313 interdicti
2250 2290 2364 2314 senten-

1352 2333 1406 2360 tias
1424 2334 1604 2368 promulgari
1621 2336 1732 2360 curent.
1749 2334 1826 2368 (Res.
1843 2335 1887 2366 ⁶27,
1905 2333 1954 2360 t'ol.
1971 2334 2004 2360 43
2020 2342 2061 2367 ve,
2078 2342 2111 2360 no
2132 2337 2166 2367 1.)

1392 2425 1407 2441 t<
1424 2413 1586 2452 Proposito
1607 2418 1634 2442 ct
1658 2413 1771 2442 decano
1793 2412 1912 2442 ecclesie
1934 2423 1958 2443 s.
1982 2412 2162 2449 Audomari,
2182 2413 2362 2445 Moy-{nensis

1353 2466 1484 2496 diocesis.
1504 2466 1625 2497 Dilecti
1643 2466 1704 2496 filii
1726 2466 1961 2496 Bonaventura
1977 2483 2026 2494 —.
2052 2466 2175 2496 Datum
2194 2468 2281 2505 apud
2299 2468 2360 2499 Ur-

1352 2520 1586 2555 bemveterem,
1602 2529 1637 2549 111
1655 2520 1729 2550 idus
1744 2519 1896 2554 octobris,
1917 2528 2004 2550 anno
2021 2520 2128 2550 tertio.
2150 2532 2163 2547 »

1421 2710 1492 2741 174
1888 2706 2012 2739 Orvicto,
2032 2707 2060 2733 13
2077 2707 2192 2734 octobre
2213 2709 2288 2736 1263.

1388 2792 1499 2819 Similis
1519 2791 1662 2818 sententia
1680 2799 1730 2825 pro
1750 2791 1858 2817 eisdem
1880 2790 1908 2817 iu
1929 2790 2176 2825 archiepiscopum
2197 2791 2358 2819 ltituricen-

1351 2849 1413 2868 scm
1430 2842 1459 2867 ct
1475 2840 1627 2867 nonnullos
1643 2839 1703 2874 ejus
1719 2838 1922 2873 suffraganeos.
1943 2839 2022 2873 (nm.
2040 2840 2084 2872 27,
2100 2838 2148 2866 sol.
2166 2840 2198 2865 43
2215 2848 2255 2872 vo,
2271 2849 2304 2867 no
2318 2842 2359 2875 2,)

1394 2954 1409 2970 «
1436 2941 1658 2972 Arclzidz'acono
1688 2946 1714 2970 ec
1746 2940 1876 2980 officiali
1909 2940 2111 2972 Trecenssbus.
2143 2941 2264 2972 Dilecti
2298 2943 2361 2974 filii

2195 2991 2212 3018 7
