2547 3289
244 237 283 267 20

312 323 359 353 5ss
796 314 920 347 Viterbe,
933 314 968 340 ‘20
985 313 1089 340 sevrier
1106 314 1182 339 1262.

282 395 413 422 Decernit
429 393 503 428 quod
515 392 642 420 canonici
657 391 793 418 ecclcsiae
809 399 832 419 s.
845 389 995 416 Vulsranni
1010 389 1037 415 in
1055 387 1252 420 Abbatisvilla,

245 442 446 470 Ambianensis
467 440 598 473 diocesis,
618 448 687 474 quos
704 448 755 474 pro
775 438 863 474 ipsius
881 437 1017 464 ecclesiae
1035 436 1156 470 negotiis
1176 435 1253 469 capi-

244 490 336 517 tulum
363 496 542 523 quocumque
565 487 677 513 duxerit
702 486 896 518 destinandos,
918 484 1097 519 quotidianas
1117 482 1253 509 distribu-

242 538 333 565 tiones
350 538 497 572 percipere
515 537 637 563 valeant.
657 537 739 571 (Rae.
754 537 787 562 26
801 534 850 562 sol.
871 536 901 560 12
918 538 958 567 10,
976 538 1008 560 n⁰
1023 534 1076 567 56).

284 636 326 653 «..
343 621 454 652 decano
464 625 491 651 el
501 619 638 660 capitulo
650 619 769 649 ecclesie
779 628 804 647 s.
821 617 984 656 Vzclsranni
995 616 1024 645 ἱη
1037 614 1249 650 Abbactsvilla,

241 675 452 706 Ambianensis
465 673 601 704 diocesis.
613 673 701 702 Dum
711 680 730 701 a
743 671 840 702 nobis
850 688 898 699 -.
913 671 999 701 Sane
1014 668 1128 708 petitio
1142 668 1253 698 vestra

242 728 339 759 nobis
355 728 505 758 exhibita
519 725 720 761 continebat,
732 724 832 763 quod,
849 732 924 753 cum
941 723 974 752 in
984 721 1124 752 ecclesia
1142 721 1252 750 vestra
1278 742 1281 761 ,

241 783 285 812 sit
301 782 470 817 statutum,
492 780 572 810 etde
584 778 825 810 consuetudine
838 775 1077 807 nichilominus
1091 774 1252 804 habeatur

241 834 378 869 ibidem,
394 834 429 864 ut
446 832 642 863 absentibus
655 831 825 861 canonicis
841 830 880 860 de
901 827 1078 859 cotidianis
1094 826 1252 856 distribu-

240 887 388 917 tionibus
404 885 506 916 nichil
517 883 802 917 delmatexhiberi,
814 881 974 920 contingit
986 879 1152 910 interdum
1163 878 1250 917 quod

239 948 353 970 eorum
374 939 477 978 aliqui
495 938 613 968 nolunt
628 938 721 967 extra
744 936 865 966 dictam
887 934 1061 964 ecclesiam
1080 940 1250 963 assumere

238 992 348 1031 ipsius
365 991 494 1030 negotia
507 990 715 1030 procuranda
727 997 767 1019 ne
780 987 994 1026 dispendium
1004 986 1037 1016 in
1048 985 1174 1016 elsdem
1186 984 1251 1014 dis-

239 1045 478 1076 tributionibus
491 1045 670 1084 patiantur.
681 1042 776 1073 Unde
793 1050 869 1071 cum
883 1050 924 1071 ex
939 1040 1000 1070 hoc
1016 1039 1130 1070 eadem
1148 1037 1251 1068 eccle-

238 1099 290 1129 sia
306 1099 494 1138 frequenter
514 1097 677 1128 sustineat
689 1097 723 1127 in
736 1096 834 1126 dictis
849 1094 990 1133 negotiis
1001 1093 1248 1126 detrimentum,

240 1152 336 1183 nobis
350 1151 521 1182 humiliter
538 1150 764 1191 supplicastis,
782 1150 818 1179 ut
830 1146 1123 1188 providere‚vobis
1140 1146 1172 1175 in
1189 1145 1249 1175 hac

238 1206 329 1244 parte
350 1204 530 1243 apostoliea
559 1202 783 1233 sollicitudine
810 1208 1013 1231 curaremus.
1046 1199 1116 1229 Nos
1138 1198 1249 1236 itaque

238 1258 361 1288 vestris
379 1256 684 1296 supplicationibus
700 1254 861 1288 inclinati,
875 1254 911 1282 ut
927 1252 1161 1283 concanonicis
1179 1259 1250 1280 ves-

237 1311 310 1347 tris,
335 1319 418 1349 quos
442 1310 630 1348 specialiter
645 1317 703 1348 pro
723 1308 830 1346 ipsius
857 1306 993 1336 ecclesie
1018 1305 1159 1344 negotiis
1172 1312 1249 1343 quo-

237 1373 368 1403 cunque
382 1363 545 1394 duxeritis
562 1362 789 1396 destinandos,
808 1359 945 1399 possitis
961 1359 1000 1389 de
1014 1358 1170 1398 predictis
1184 1358 1249 1387 dis-

235 1417 474 1447 tributionibus
497 1416 583 1446 sicut
606 1415 682 1445 aliis
701 1423 743 1444 ex
763 1412 859 1443 vobis
885 1411 1010 1441 ibidem
1029 1410 1249 1449 personaliter

234 1469 459 1501 residentibus
472 1470 503 1499 et
521 1464 1043 1503 deservientibus,providere,ac
1062 1463 1125 1502 ipsi
1139 1463 1246 1493 ‹listri-

237 1522 392 1552 butiones
414 1522 547 1552 easdem
563 1530 621 1560 pro
638 1529 675 1551 eo
692 1521 838 1558 tempore
857 1525 922 1555 quo
939 1517 973 1546 in
994 1516 1176 1547 eorundem
1193 1524 1247 1546 ne-

237 1575 401 1614 gotiorum
416 1575 648 1614 prosecutione
664 1573 881 1612 prestiterim,
892 1572 995 1602 libere
1010 1570 1179 1610 percipere
1190 1578 1245 1600 va-

236 1629 337 1663 leant,
362 1629 483 1658 statuto
499 1629 530 1658 et
551 1627 790 1657 consuetudine
805 1626 975 1665 predictis,
988 1624 1177 1664 juramento
1193 1623 1246 1653 vel

237 1682 486 1713 confirmatione
511 1681 691 1720 apostolica
712 1689 771 1711 seu
789 1688 986 1719 quacunque
1004 1678 1069 1708 alia
1091 1677 1246 1707 firmitate

236 1734 379 1769 vallatis,
392 1742 603 1773 nequaquam
619 1733 841 1768 obstantibus,
852 1732 1044 1763 auctoritate
1063 1730 1159 1760 vobis
1173 1739 1244 1769 pre-

235 1787 380 1817 sentium
391 1787 611 1825 indulgemus.
624 1786 717 1817 Nulli
733 1795 809 1825 ergo
822 1787 931 1816 nostre
947 1783 1172 1815 concessionis
1184 1784 1244 1814 etc.

236 1840 359 1870 Datum
376 1840 527 1876 viterbii,
548 1851 566 1870 x
583 1840 742 1871 kalendas
758 1839 880 1876 martii,
898 1847 984 1869 anno
1002 1840 1031 1868 1⁰
1049 1850 1076 1868 ».

304 1980 351 2010 59
784 1977 908 2010 Viterbe,
925 1977 958 2002 20
977 1975 1080 2002 sevrier
1101 1977 1176 2002 1262.

271 2039 510 2074 Arehiepiseopis,
520 2039 670 2073 episcopis,
683 2038 834 2065 abbatibus
846 2041 875 2064 et
888 2037 952 2064 aliis
966 2037 1153 2064 ecclesiarum
1168 2045 1249 2071 prae-

234 2087 302 2114 latis
321 2088 440 2115 nunciat
461 2096 489 2113 se
510 2088 625 2114 beatum
648 2087 830 2120 wocardum,
851 2086 994 2121 quondam
1016 2086 1182 2120 episcopum
1204 2085 1247 2111 Ci-

235 2138 413 2163 eestrensem
435 2135 612 2168 mirabilem,
638 2135 667 2162 in
688 2135 759 2162 sesto
781 2135 808 2161 b.
832 2134 1027 2167 Vineentii,Xl
1049 2134 1186 2160 kalendas
1208 2133 1247 2159 se-

236 2185 403 2219 brnarii,(id
419 2186 463 2211 est
475 2186 508 2210 22
521 2184 595 2220 jan.)
613 2186 781 2210 sanctorum
800 2183 929 2218 catalogo
945 2191 1010 2209 cum
1027 2182 1132 2209 celebri
1148 2182 1249 2217 gaudio

235 2233 434 2267 adscripsisse,
451 2233 548 2267 cisque
564 2233 683 2259 mandat
702 2234 731 2259 ut
749 2241 777 2258 111
794 2240 883 2259 nonas
905 2231 1014 2266 aprilis,
1031 2231 1071 2265 (id
1086 2233 1130 2257 est
1147 2232 1161 2257 3
1175 2231 1250 2265 apr.)

235 2281 385 2308 celebriter
404 2281 465 2316 ejus
490 2281 562 2307 sesta
583 2281 719 2313 celebria,
741 2280 895 2307 modulatis
919 2279 1033 2306 vocibus
1059 2281 1087 2306 et
1106 2279 1249 2312 cordibus,

233 2330 317 2356 annis
344 2329 465 2364 singulis
495 2329 649 2356 celebrent.
676 2329 758 2363 (Rae.
777 2329 884 2362 26,11)1.
907 2330 948 2361 13,
970 2336 1001 2355 11¹¹
1019 2330 1061 2355 57.
1096 2329 1249 2360 Porruasr,

236 2378 346 2413 18232.)

276 2469 291 2484 «
307 2457 551 2497 Arclziepiseopc's
580 2461 606 2486 el
636 2456 798 2496 episcopis„
829 2456 997 2491 abbatibus,
1014 2454 1180 2495 prioribus,
1201 2456 1247 2486 (le-

234 2511 327 2546 eanis,
355 2510 589 2545 archidiaconis,
614 2510 800 2550 presbiteris,
828 2509 1087 2549 archipresbiteris
1127 2515 1153 2538 el
1179 2508 1247 2539 aliis

233 2564 424 2594 ecclesiarum
439 2562 579 2603 prelatis,
597 2563 636 2593 ad
653 2563 838 2603 quoslillere
856 2563 908 2592 isle
920 2563 1127 2602 pervenerint.
1144 2563 1236 2592 Exul

235 2618 279 2647 tet
293 2617 441 2655 angelica
460 2616 614 2646 turba—.
637 2617 760 2646 Datum
775 2616 928 2651 Viterbii,
953 2626 971 2645 x
987 2616 1146 2646 kalendas
1165 2624 1248 2646 inar-

232 2670 281 2705 tii,
306 2679 392 2700 anno
412 2672 441 2700 1⁰
456 2682 484 2699 n.

805 2796 929 2830 Viterbe,
950 2797 980 2823 t'i
997 2804 1075 2823 mars
1095 2798 1171 2824 1262.

298 2798 346 2828 60

266 2858 468 2885 Monasterium
487 2867 509 2885 s.
522 2858 610 2885 Mauri
623 2858 803 2886 Virdunensc
821 2858 1045 2893 ajurisdictione
1058 2859 1245 2886 Virdunensis

230 2907 355 2942 episcopi
378 2907 488 2934 eximit.
507 2908 585 2941 <Iti-20.
604 2909 647 2942 26,
665 2907 714 2935 fol.
741 2908 770 2934 ¹4
787 2912 825 2942 νο,
843 2912 873 2934 n⁰
890 2908 946 2943 58.)

998 228 1247 260 REGISTRES
1269 228 1485 259 D'URBAIN
1508 229 1567 259 IV.

1356 324 1370 339 «
1392 311 1516 351 Aquini,
1530 311 1678 341 abbatisse
1699 322 1722 341 s.
1740 312 1842 341 Mauri
1864 311 2072 348 tlh-dunensis,
2089 311 2204 341 ordinis
2224 321 2248 342 s,
2266 311 2322 341 Bc·

1311 365 1430 394 nedicti.
1450 365 1585 396 Dudum
1603 366 1804 396 monasterio
1821 374 1850 396 s.
1870 365 1978 395 Mauri
1994 365 2213 401 virdunensi,
2238 364 2323 395 ordi-

1310 419 1363 448 nis
1374 419 1753 457 s.Benedicti,regimine
1765 419 1933 454 destituto,
1944 428 2015 454 nos,
2026 428 2100 449 cum
2114 418 2322 449 tuncvirdu-

1310 471 1406 502 nensi
1427 472 1564 502 ecclesie
1584 480 1806 510 preessemuS,
1830 473 1860 502 te
1878 472 1917 502 de
1935 473 2030 512 euJ'us
2050 473 2116 502 vite
2144 471 2322 506 munditia,

1309 525 1469 563 gravitate
1488 533 1620 555 morum
1636 526 1667 555 et
1684 525 1895 563 providentie
1913 526 2023 556 stud10
2045 525 2140 564 plene
2163 525 2322 559 constitit,

1310 577 1344 608 in
1365 577 1581 613 abbatissam,
1603 578 1782 608 commissa
1804 577 1900 608 nobis
1921 587 2020 616 super
2036 578 2098 609 hoc
2122 587 2140 608 a
2155 580 2319 608 conventu

1310 630 1418 668 ipsius
1435 630 1631 661 monasterii
1646 631 1819 669 potestate,
1830 630 2031 668 prefecimus
2043 631 2244 660 monasterio
2253 639 2319 660 me-

1309 685 1447 714 morato.
1467 701 1506 706 —-
1520 684 1608 713 Hinc
1627 685 1676 713 est
1693 683 1781 722 quod
1802 691 1863 713 nos
1879 683 1953 722 paci
1969 685 1999 713 et
2020 683 2250 722 tranquillitati
2265 685 2320 714 tue

1308 737 1459 768 volentes
1486 737 1518 767 in
1542 738 1712 776 posterum
1729 737 1866 775 paterna
1891 736 2116 767 sollicitudine
2131 737 2317 775 providere,

1309 791 1344 820 ut
1359 792 1450 821 tanto
1473 790 1612 821 liberius
1634 799 1753 820 vacare
1776 789 1886 828 possis
1907 789 1959 828 pie
1983 790 2048 820 vite
2072 790 2180 820 studio
2197 792 2320 829 quanto

1308 843 1442 882 plenius
1460 843 1639 883 apostolice
1658 843 1747 873 sedis
1764 842 1910 881 presidio
1932 843 2144 881 perspexeris
2163 845 2193 873 te
2212 843 2321 873 muni-

1307 898 1386 932 tam,
1411 897 1576 936 prefatum
1605 896 1856 930 monasterium,
1883 897 1975 925 tuam
1999 897 2031 926 et
2059 896 2144 926 alias
2173 896 2320 935 ejusdem

1308 950 1502 981 monasterii
1516 958 1675 989 personas
1694 949 1735 980 ab
1752 949 1843 979 omni
1861 949 2096 988 jurisdictione
2117 949 2320 980 venerahilis

1308 1003 1421 1034 fratris
1436 1003 1541 1034 nostri
1556 1002 1847 1038 R.,Virdunensis
1862 1002 2021 1040 episcopi,
2040 1003 2232 1033 auctoritate
2248 1011 2318 1041 pre-

1308 1057 1465 1091 sentium,
1478 1057 1638 1095 quamdiu
1650 1056 1788 1090 vixeris,
1800 1055 1958 1085 duximus
1968 1055 2192 1088 eximendam,
2205 1056 2319 1085 eadem

1308 1110 1499 1139 auctoritate
1517 1109 1755 1139 nichilominus
1773 1108 1978 1138 decernendo
1990 1109 2025 1137 ut
2039 1108 2125 1138 idem
2143 1108 2320 1147 episcopus

1308 1163 1342 1193 in
1354 1163 1477 1193 dictum
1493 1163 1731 1193 monasterinm
1743 1163 1772 1192 et
1790 1169 1950 1200 personas
1966 1161 2110 1198 prefatas
2128 1170 2317 1191 excommu-

1308 1216 1496 1251 nicationis,
1514 1215 1746 1254 suspensionis
1764 1215 1819 1244 aut
1834 1213 2001 1243 interdicti
2016 1215 2198 1244 sententias
2212 1215 2319 1244 aucto-

1309 1270 1402 1299 ritate
1420 1269 1588 1299 ordinaria
1604 1269 1828 1307 p1·oserre.aut
1844 1268 1992 1307 aliajura
2007 1267 2210 1306 episcopalia
2227 1276 2319 1298 exer-

1307 1331 1380 1352 cere
1397 1331 1463 1352 non
1486 1322 1590 1361 possit
1602 1322 1726 1360 absque
1745 1322 1882 1360 speciali
1902 1323 2016 1352 nostra
2032 1321 2168 1350 licentia
2185 1321 2318 1360 plenam

1307 1378 1337 1406 et
1362 1383 1554 1414 expressam
1583 1374 1720 1405 faciente
1747 1375 1786 1404 de
1812 1375 2022 1413 exemptione
2043 1382 2080 1404 ac
2105 1374 2318 1404 concessione

1306 1428 1498 1467 hujusmodi
1524 1428 1738 1458 mentionem.
1764 1428 1859 1457 Nulli
1876 1436 1954 1466 ergo
1970 1428 2080 1457 nostre
2097 1427 2319 1466 exemptionis

1307 1483 1338 1512 et
1360 1481 1607 1512 constitutionis
1629 1483 1690 1511 etc.
1716 1481 1840 1511 Datum
1862 1480 2052 1516 Yiterbiim
2081 1480 2159 1510 idus
2190 1480 2312 1515 martii,

1307 1544 1393 1565 anno
1412 1537 1442 1565 1⁰
1457 1545 1482 1564 ».

1896 1686 2022 1717 Yiterbe‚
2040 1686 2054 1711 6
2072 1693 2152 1712 mars
2171 1686 2246 1713 1262.

1372 1688 1416 1719 Gt

1339 1770 1478 1805 Episcopo
1494 1770 1645 1797 Narniensi
1660 1770 1779 1797 mandat
1797 1772 1827 1796 ut
1844 1770 2017 1797 Narnienses
2034 1770 2068 1797 ab
2080 1770 2243 1804 occupando
2259 1777 2319 1796 eas-

1304 1821 1348 1846 tro
1369 1828 1392 1847 S.
1415 1819 1525 1845 Gemini
1542 1819 1697 1851 deterreat,
1716 1820 1943 1853 potestatemque
1960 1827 2060 1846 eorum
2083 1821 2111 1845 et
2133 1818 2316 1852 capitaneum

1305 1867 1506 1902 personaliter,
1532 1867 1710 1894 consiliarios
1736 1870 1835 1894 autem
1859 1870 1887 1894 et
1908 1875 2064 1894 commune
2092 1876 2141 1902 per
2163 1867 2316 1901 syndicum

1305 1924 1404 1943 eoram
1425 1924 1498 1950 papa
1524 1924 1691 1950 comparere
1712 1916 1807 1943 saciat.
1829 1917 1909 1947 (Iino.
1928 1918 1962 1944 ‘26
1982 1916 2031 1944 sol.
2057 1918 2096 1948 ¹5,
2120 1920 2151 1942 n⁰
2181 1917 2228 1947 593
2250 1916 2318 1942 Por-

1307 1973 1393 1992 ‘rnasr
1410 1967 1443 1990 n⁰
1461 1965 1567 1997 18239.)

1349 2067 1390 2086 «..
1410 2056 1548 2095 qaiseapo
1565 2056 1738 2085 Narniensi.
1760 2056 1846 2091 Quia
1864 2056 1965 2086 nimis
1979 2059 2183 2088 excresceret
2200 2076 2240 2088 —.
2254 2059 2319 2089 Da-

1307 2110 1380 2140 tum
1395 2109 1548 2144 Viterbii,
1567 2120 1586 2139 11
1606 2118 1713 2139 nonas
1726 2109 1848 2144 martii,
1863 2118 1951 2139 anno
1969 2112 1998 2139 1ο
2016 2122 2042 2140 ».

1376 2269 1422 2299 62
1846 2267 1976 2300 Yiterbe,
1994 2269 2027 2294 ‘28
2043 2268 2148 2295 sevrier
2168 2270 2243 2296 1262.

1344 2351 1414 2377 Cum
1433 2351 1564 2377 nonnulli
1590 2350 1616 2377 in
1644 2350 1814 2377 Virduuensi
1833 2351 1959 2385 capitulo
1984 2351 2011 2377 in
2034 2352 2186 2378 canonicos
2213 2352 2320 2387 recepti

1309 2400 1378 2433 sint,
1407 2399 1493 2426 nullis
1520 2399 1690 2433 praebendis
1720 2399 1826 2426 ibidem
1852 2400 2031 2431 vacantibus,
2057 2400 2164 2427 decano
2188 2401 2318 2435 ejusdem

1308 2448 1447 2475 ecclcsiae
1464 2448 1583 2474 mandat
1601 2450 1628 2475 ut
1647 2448 1800 2482 diligenter
1817 2448 1945 2482 inquirat
1962 2449 2025 2482 quis
2044 2448 2183 2483 primam,
2200 2450 2261 2484 quis
2277 2457 2320 2476 se-

1308 2497 1436 2523 cundam
1453 2499 1478 2523 et
1499 2497 1560 2531 quis
1583 2497 1683 2523 deinde
1705 2497 1896 2531 praebendam
1919 2497 1947 2523 in
1970 2497 2047 2524 dicta
2069 2498 2191 2525 eeclesia
2218 2498 2318 2525 deb-§at

1307 2546 1451 2572 obtinere.
1470 2546 1548 2580 [ltro.
1566 2545 1663 2572 261111.
1684 2547 1771 2578 15,1ιο
1787 2547 1842 2575 60,)

1349 2650 1392 2669 «..
1407 2638 1518 2667 decano
1538 2638 1658 2667 eceffexie
1673 2637 1928 2677 illonle‘ssalconis,
1943 2639 2092 2668 Remensss
2108 2639 2242 2670 diocesis.
2258 2641 2318 2671 Pe-

1307 2692 1379 2722 titio
1409 2692 1605 2722 dilectorum
1632 2692 1802 2722 filiorum..
1828 2692 1943 2722 decani
1971 2694 2002 2722 et
2025 2693 2163 2731 capituli
2183 2693 2320 2724 ecclesie

1308 2745 1532 2775 Vir-dunensis
1544 2745 1640 2775 nobis
1655 2745 1802 2775 exhibita
1813 2745 2000 2775 continebat
2016 2746 2250 2784 quodquidam
2261 2754 2321 2784 per

1310 2798 1517 2833 monitorias,
1540 2798 1642 2836 aliqui
1662 2806 1719 2837 per
1734 2799 1970 2837 preceptorias,
1995 2799 2147 2829 nonnulli
2173 2807 2232 2837 per
2244 2806 2318 2828 exe-

1312 2851 1457 2882 cutorias
1469 2851 1596 2881 litteras
1610 2851 1897 2890 sedisapostolice,
1911 2851 2015 2890 aliqui
2029 2852 2127 2881 etiam
2144 2852 2234 2881 motu
2246 2859 2319 2889 pro-

1310 2905 1382 2944 prio
1400 2905 1560 2935 dictorum
1572 2904 1685 2935 decani
1703 2906 1734 2935 et
1749 2904 1885 2943 capituli
1904 2904 2046 2934 diversis
2061 2903 2266 2943 temporibus
2284 2904 2317 2935 in
