2547 3289
229 245 268 274 82
1030 231 1249 263 REGISTRE
1271 223 1483 262 CAMERAL

230 327 330 357 clesie
361 327 400 355 de
432 324 591 353 consueta
610 319 892 358 circumpectione
924 317 1015 347 sedis
1047 315 1230 355 apostolice

229 379 414 418 providere,
442 384 478 405 ac
502 375 531 405 ei
558 382 618 412 per
646 372 796 411 ejusdem
815 370 905 401 sedis
929 369 1079 400 studium
1102 369 1141 399 de
1170 368 1232 398 tali

228 431 404 471 providere
427 435 569 466 persona
600 434 659 464 per
686 433 786 463 quam
815 423 941 453 credita
961 421 1059 452 nobis
1080 421 1231 452 ministe-

229 485 357 514 riorum
381 480 521 511 ecclesie
545 479 608 509 Dei
635 477 843 516 dispensatio
873 475 1033 506 reddatur
1065 482 1232 505 commen-

229 535 349 566 dabilis
380 533 468 572 apud
503 533 626 571 ipsum,
659 530 906 560 ordinationem
935 530 967 559 et
1002 527 1232 567 provisionem

228 588 377 627 ejusdem
395 585 534 616 ecclesie
561 585 601 614 de
618 584 774 622 episcopo
794 582 991 618 faciendam,
1008 581 1037 611 si
1063 580 1233 619 contingat

228 640 486 678 citatumipsum
501 637 645 667 adillius
656 636 817 675 regimen,
833 636 869 666 ut
880 634 1075 674 predicitur,
1093 634 1233 664 minime

230 692 420 734 promoveri
453 691 505 722 vel
533 691 574 721 ad
602 692 754 720 nostram
782 688 987 728 presentiam
1012 696 1078 718 non
1105 687 1230 723 venire,

229 746 328 777 nobis
343 745 542 775 auctoritate
572 743 759 782 apostolica
785 750 1009 775 reservamus,
1044 739 1233 770 inhibentes

230 809 270 830 ne
302 798 489 837 capitulum
524 796 664 827 ecclesie
690 795 856 834 sepedicte
893 794 1041 833 aliquem
1074 793 1109 822 in
1140 793 1234 822 illius

234 853 428 892 episcopum
445 851 568 889 eligere
584 850 637 879 vel
652 849 823 887 postulare
840 848 1037 886 presumant
1054 854 1114 875 seu
1133 845 1234 875 etiam

235 906 420 941 nominare,
439 913 476 934 ac
496 904 711 933 decernentes
730 910 861 931 exnunc
884 900 1017 930 irritum
1036 900 1068 929 et
1090 898 1188 928 inane
1205 898 1235 927 si

236 967 333 989 secus
351 958 558 995 contingeret
581 954 785 994 attemptari.
810 953 904 984 Nulli
922 955 983 984 etc.
999 953 1112 983 nostre
1129 960 1235 982 reser-

239 1011 397 1047 vationis,
415 1008 628 1039 inhibitionis
643 1009 675 1038 et
691 1006 942 1038 constitutionis
959 1007 1020 1036 etc.
1035 1005 1070 1036 Si
1086 1005 1163 1044 quis
1181 1013 1236 1034 au-

231 1066 298 1095 tem
321 1066 381 1094 etc.
406 1064 530 1093 Datum
554 1061 643 1100 apud
664 1060 951 1096 Urbemveterem,
974 1058 1129 1089 kalendis
1149 1067 1235 1088 mar-

230 1118 281 1155 tii,
303 1126 389 1147 anno
406 1116 563 1147 secundo.
582 1126 596 1142 n

321 1320 393 1351 304

816 1315 940 1347 Orvieto‚
958 1316 974 1342 4
989 1323 1066 1342 mars
1089 1316 1163 1344 ¹263.

273 1404 342 1431 Cum
360 1402 551 1437 provisionem
569 1401 697 1429 ecclesiae
712 1400 946 1428 Cathalaunensis
965 1400 1019 1427 sibi
1038 1400 1234 1432 reservaverit,

235 1452 372 1487 episcopo
393 1452 524 1478 'l'recensi
547 1451 664 1477 mandat
683 1453 714 1477 ut
739 1449 962 1477 reservationem
990 1449 1083 1484 ipsam
1113 1449 1237 1484 capitulo

236 1501 459 1528 Cathalaunensi
478 1503 575 1527 notam
594 1500 684 1526 facere
699 1501 789 1526 curet.
808 1499 885 1531 (nm.
906 1500 949 1529 ⁶27,
969 1498 1016 1524 sol.
1034 1499 1076 1529 82,
1096 1504 1125 1524 n⁰
1144 1498 1183 1532 3.)

275 1620 291 1636 «
313 1608 469 1646 Episcopo
490 1605 636 1635 Trecensi.
650 1605 745 1635 Circa
758 1613 871 1634 curam
885 1605 946 1634 etc.
961 1620 998 1624 —
1012 1604 1137 1633 Datum
1150 1603 1239 1641 apud

238 1661 527 1695 Urbemveterem,
550 1669 596 1688 1111
615 1667 720 1688 nonas
740 1657 864 1694 martii,
881 1665 966 1687 anno
985 1656 1142 1686 secundo.
1163 1667 1177 1682 »

325 1869 397 1899 305

820 1863 945 1897 Orvieto,
963 1864 997 1889 ‘28
1016 1862 1074 1889 mai
1093 1863 1167 1890 ¹263,

271 1951 459 1985 Insruscripto
482 1949 611 1977 concedit
638 1949 805 1975 facultatem
833 1947 988 1982 recipiendi
1014 1948 1083 1974 duas
1107 1954 1243 1981 personas

238 1999 354 2026 idoneas
373 2000 400 2025 in
425 1997 592 2025 monasterii
607 1997 649 2024 sui
662 1996 813 2024 canonicos
828 1999 856 2023 et
872 1997 900 2023 in
913 1996 1014 2023 fratres
1027 2004 1059 2022 ac
1077 1995 1244 2030 providendi

237 2048 278 2075 eis
295 2049 327 2074 de
356 2047 544 2078 nevessariis,
558 2047 630 2073 sicut.
656 2046 720 2073 aliis
743 2046 872 2081 ejusdem
899 2044 1066 2072 monasterii
1086 2043 1243 2071 canonicis.

240 2096 317 2132 (lim.
333 2097 377 2127 27,
395 2095 443 2122 sol.
466 2097 497 2122 82
515 2100 554 2127 νῦ,
572 2101 601 2122 n⁰
623 2095 658 2128 1.)

282 2205 294 2218 «
312 2191 423 2221 Abbati
451 2192 627 2221 monasterii
647 2191 784 2220 Omnium
803 2190 985 2220 Sanctorum
1005 2189 1041 2220 de
1066 2189 1170 2220 Insula
1189 2189 1245 2220 Ca-

239 2244 442 2279 clzolaunensi‚
463 2244 578 2273 ordinis
595 2244 629 2274 S.
649 2243 823 2283 Auyustini.
845 2244 885 2273 Et
901 2243 1090 2273 devotionis
1107 2242 1244 2273 sinceri-

239 2299 291 2328 tas
309 2315 357 2327 —.
376 2298 500 2327 Datum
518 2297 605 2336 apud
624 2296 909 2332 Urbemveterem,
927 2306 944 2325 v
969 2296 1130 2326 kalendas
1143 2295 1242 2334 junii,

242 2359 328 2380 anno
346 2350 502 2380 secundo.
525 2363 540 2378 η

331 2555 404 2585 30ss
833 2551 956 2583 Orvieto,
973 2551 1006 2578 '28
1022 2550 1079 2577 mai
1100 2552 1173 2579 ¹263.

277 2637 375 2663 Eidem
395 2637 525 2664 concedit
550 2636 721 2663 facultatem
746 2635 902 2670 recipiendi
928 2636 957 2663 in
978 2636 1147 2663 canonicum
1166 2638 1194 2664 et
1219 2636 1248 2663 in
1278 2645 1279 2653 ¹

243 2685 362 2713 fratrem
387 2685 531 2721 ltgidium,
554 2685 732 2713 canonicum
749 2684 867 2712 ecclesie
889 2684 916 2712 S.
935 2684 1029 2712 Manui
1044 2685 1249 2713 cathalaunen-

244 2735 294 2767 sis,
311 2735 418 2762 ordiuis
435 2736 461 2761 S.
478 2735 640 2770 Augustini.
658 2736 738 2771 (Rue.
759 2736 802 2767 27,
817 2734 864 2762 sol.
881 2736 914 2762 82
928 2740 964 2767 v⁶,
981 2741 1011 2762 n⁰
1024 2735 1070 2770 2.)

286 2849 300 2864 «
321 2837 439 2867 Eidmn.
470 2838 600 2868 Dilecto
628 2837 698 2868 filio
718 2838 818 2868 fratre
846 2855 898 2869 —.
927 2838 1051 2869 Datum
1077 2839 1165 2878 apud
1189 2839 1248 2870 Ur-

246 2889 482 2925 bemveterem,
501 2900 517 2920 v
535 2891 696 2921 kalendas
711 2891 809 2929 junii,
828 2899 914 2922 anno
932 2891 1089 2922 secundo.
1110 2901 1125 2920 »

1379 315 1451 346 307

1875 311 2000 343 Orvieto,
2017 313 2033 339 8
2049 320 2126 339 mars
2150 314 2226 340 ¹263.

1325 393 1490 425 Robertum,
1507 393 1720 428 capellanorum
1746 391 1969 426 apostolicorum
1990 392 2135 419 consortio
2147 394 2297 427 aggregat.

1291 441 1367 477 (Bm.
1384 443 1427 472 27,
1444 442 1492 468 sol.
1511 443 1545 468 82
1562 447 1597 472 w,
1617 447 1647 467 n0
1662 441 1702 474 3.)

1331 539 1479 569 «Dilecto
1507 539 1572 578 filio
1602 537 1742 572 Boberlo,
1775 542 1847 566 nato
1872 535 2023 576 quondam
2046 535 2187 575 Huqonis
2219 535 2302 566 Cler-

1293 591 1400 627 brand,
1419 592 1519 632 priori
1543 591 1720 621 monasterii
1738 590 1771 619 S.
1799 588 1985 623 Eadmundi,
2007 588 2210 618 Norwicensis
2236 588 2301 618 dio-

1293 646 1375 676 cesis.
1396 646 1538 676 Gratum
1566 645 1750 675 sentientes
1771 643 1810 673 de
1830 661 1879 671 —.
1899 642 2025 672 Datum
2049 642 2138 680 apud
2163 641 2303 672 Urbem-

1292 700 1452 734 veterem,
1474 707 1533 727 ν111
1551 698 1626 727 idus
1648 696 1773 733 martii,
1791 704 1878 726 anno
1897 694 2057 725 secundo.
2077 706 2091 721 »

1384 882 1458 913 308

1880 878 2006 912 Orvieto‚
2024 879 2058 905 ’28
2077 877 2134 904 mai
2156 878 2232 904 1263.

1329 960 1451 986 Remeat
1467 958 1682 986 concessionem
1696 958 1846 993 cujusdam
1861 958 1927 990 loci,
1943 958 1979 984 ad
1992 958 2038 993 jus
2055 959 2083 984 et
2099 957 2306 992 proprietatem

1294 1007 1463 1035 monasterii
1491 1008 1518 1035 S.
1544 1006 1715 1038 Eadmundi,
1748 1005 1939 1033 Norwicensis
1975 1006 2108 1037 diocesis,
2138 1004 2307 1040 spectantis,

1295 1057 1401 1084 factam
1436 1056 1529 1084 ordini
1550 1056 1702 1087 Minomm,
1725 1057 1754 1081 et
1785 1054 1899 1089 incepta
1930 1054 2001 1081 inibi
2031 1054 2152 1081 aedificia
2179 1053 2309 1081 amoveri

1294 1106 1422 1132 mandat.
1440 1105 1514 1140 (Bm.
1532 1106 1576 1136 Ξῖ,
1594 1104 1642 1131 fol.
1662 1105 1706 1135 83,
1720 1109 1749 1130 11ο
1770 1104 1799 1135 ¹;
1816 1104 1963 1130 PorrnAsr
1986 1102 2093 1137 ¹8525.)

1339 1217 1353 1232 «
1370 1204 1512 1234 Ministro
1538 1201 1727 1243 provinciali
1743 1206 1771 1231 et
1788 1200 1941 1240 fratribus
1956 1200 2074 1230 ordinis
2096 1200 2251 1230 ‚uiuorum
2276 1199 2310 1229 in

1297 1256 1426 1296 Anqlia.
1446 1257 1685 1295 Exposuerunt
1700 1254 1799 1285 nobis
1816 1254 1931 1284 dilecti
1954 1254 2042 1283 filii..
2062 1252 2165 1283 abbas
2185 1254 2217 1283 et
2234 1261 2310 1283 con-

1296 1312 1417 1341 ventus
1436 1309 1635 1339 monasterii
1661 1308 1693 1338 S.
1714 1307 1917 1343 Eadmundi,
1942 1306 1983 1336 ad
2000 1307 2188 1337 Romanam
2207 1305 2310 1336 eccle-

1297 1364 1383 1393 siam
1406 1362 1499 1392 nullo
1528 1361 1639 1391 medio
1667 1360 1880 1399 pertinentis,
1904 1359 2033 1389 ordinis
2059 1358 2092 1389 S.
2123 1357 2309 1392 Benedicti,

1297 1415 1517 1446 Norviceneis
1535 1414 1694 1448 diocesis,
1715 1413 1803 1452 quod
1829 1413 1923 1448 olim,
1949 1413 2107 1450 suggesto
2135 1410 2244 1441 felicis
2260 1419 2311 1441 re-

1298 1467 1504 1499 cordationis
1518 1466 1713 1496 Alexandro
1723 1474 1819 1504 pape,
1834 1456 2067 1503 predecessori
2079 1465 2207 1499 nostro,
2221 1463 2312 1502 quod

1298 1521 1333 1550 in
1349 1520 1431 1549 villa
1449 1520 1481 1549 S.
1504 1518 1706 1550 Eadmundi,
1727 1517 1818 1555 regis
1837 1518 1867 1546 et
1891 1516 2054 1552 martiris,
2077 1524 2141 1554 que
2166 1515 2246 1554 Bet-9
2262 1515 2313 1545 di-

1299 1573 1396 1608 citur,
1414 1574 1445 1602 et
1464 1572 1496 1601 in
1511 1580 1576 1610 qua
1590 1571 1692 1600 iidem
1710 1569 1815 1600 abbas
1832 1571 1863 1599 et
1879 1570 2065 1599 conventus
2080 1568 2312 1598 omnimodam

1296 1625 1568 1665 jurisdictionem
1596 1622 1811 1662 spiritualem
1841 1624 1873 1652 et
1892 1622 2115 1661 temporalem
2144 1621 2310 1658 obtinent,

1300 1677 1523 1708 consideratis
1550 1677 1617 1706 hiis
1640 1685 1704 1714 que
1724 1675 1868 1705 salutem
1892 1674 2079 1714 respiciunt
2107 1674 2311 1711 animarum,

1300 1731 1421 1761 domus
1438 1731 1471 1760 in
1488 1739 1553 1769 qua
1572 1729 1762 1759 habitarent
1781 1728 1887 1767 aliqui
1903 1728 1943 1758 de
1962 1728 2080 1758 ordine
2097 1729 2221 1763 vestro,
2241 1728 2314 1757 erat

1300 1784 1486 1822 plurimum
1507 1784 1707 1821 opportuna,
1728 1781 1816 1811 idem
1832 1781 2055 1819 predecessor
2067 1781 2224 1810 ministro
2238 1788 2314 1819 pro-

1300 1836 1439 1866 vinciali
1467 1835 1618 1874 ejusdcm
1640 1835 1743 1864 vestri
1773 1833 1904 1863 ordinis
1936 1833 1971 1863 in
2000 1833 2124 1872 Anglia
2153 1842 2212 1872 per
2233 1841 2313 1863 suas

1301 1889 1468 1919 concessit
1501 1888 1634 1918 litteras
1654 1889 1702 1921 ut,
1724 1887 1753 1916 si
1780 1886 1958 1916 devotione
1984 1886 2136 1916 fidelium
2162 1886 2214 1916 vel
2244 1885 2312 1916 alio

1304 1949 1503 1981 quocunque
1518 1940 1611 1979 justo
1631 1940 1730 1969 modo
1746 1940 1775 1969 ei
1795 1939 1890 1969 locus
1905 1939 1946 1968 ad
1963 1938 2024 1969 hoc
2042 1939 2138 1968 utilis
2155 1938 2314 1968 concede-

1304 1997 1408 2030 retur,
1424 1996 1539 2032 posset
1556 1992 1639 2022 inibi
1656 1993 1793 2022 domum
1811 1992 1920 2030 ipsam
1932 1993 2127 2021 construere
2140 2000 2176 2021 ac
2191 1991 2313 2022 habere

1304 2047 1491 2077 oratorium
1508 2046 1561 2076 vel
1582 2045 1800 2079 cimiterium,
1813 2044 1910 2083 juxta
1928 2044 2057 2074 indulta
2079 2044 2189 2074 eidem
2204 2043 2315 2074 ordini

1303 2101 1416 2130 vestro
1434 2099 1474 2129 ab
1493 2098 1678 2138 apostoliea
1693 2098 1771 2127 sede
1789 2106 1959 2133 concessa,
1976 2106 2044 2127 non
2058 2096 2212 2127 obstante
2226 2096 2317 2135 quod

1304 2153 1386 2183 dicti
1403 2153 1508 2183 abbas
1535 2154 1565 2182 et
1590 2152 1776 2181 conventus
1797 2150 2011 2189 spiritualem
2042 2152 2073 2180 et
2092 2150 2314 2188 temporalem

1301 2205 1574 2245 jurisdictionem
1604 2204 1637 2233 in
1659 2204 1741 2233 villa
1757 2203 1907 2233 obtinent
1934 2203 2138 2242 supradicta,
2161 2203 2316 2241 quodque

1305 2259 1390 2298 ipsis
1408 2258 1449 2288 ab
1467 2258 1584 2287 eadem
1602 2257 1680 2286 sede.
1701 2255 1871 2285 indultum
1891 2254 1962 2285 fore
1979 2254 2164 2290 dicebatur,
2187 2257 2221 2284 ut
2245 2254 2319 2284 nul-

1304 2311 1348 2340 lis
1373 2310 1510 2341 omnino
1542 2308 1714 2348 religiosis
1745 2308 1833 2337 intra
1864 2316 1923 2337 sue
1951 2307 2120 2337 libertatis
2137 2307 2318 2346 ‚terminos

1306 2363 1484 2394 ecclesiam
1517 2362 1571 2392 vel
1604 2361 1791 2400 cappellam
1821 2362 2016 2391 construere
2033 2360 2086 2390 vel
2111 2360 2318 2390 cimiterium

1305 2416 1427 2447 habere
1450 2416 1561 2452 liceat,
1581 2414 1708 2453 absque
1725 2422 1842 2444 eorum
1858 2412 2070 2451 beneplacito
2093 2415 2126 2444 et
2147 2413 2317 2450 mandato,

1307 2478 1366 2500 seu
1384 2476 1594 2508 quacumque
1612 2467 1678 2498 alia
1700 2466 1921 2505 indulgentia,
1945 2465 2216 2505 quibuscumque
2241 2473 2317 2496 con-

1307 2532 1413 2559 cessa,
1424 2531 1484 2561 per
1501 2530 1601 2560 quam
1617 2519 1776 2560 impediri
1792 2520 1918 2549 valeret
1933 2519 2127 2558 hujusmodi
2145 2520 2254 2559 gratIa
2265 2519 2320 2551 vel

1307 2575 1435 2607 differri
1456 2576 1488 2605 et
1511 2575 1550 2605 de
1567 2583 1633 2613 qua
1649 2573 1783 2612 plenam
1802 2574 1833 2603 et
1851 2581 2062 2612 expressam,
2081 2581 2141 2604 seu
2158 2573 2198 2604 de
2216 2571 2319 2604 verbo

1307 2629 1349 2660 ad
1366 2628 1518 2664 verbum,
1534 2627 1569 2657 in
1585 2627 1685 2657 dictis
1697 2626 1819 2656 litteris
1830 2628 1999 2665 oporteret
2012 2626 2083 2657 fieri
2097 2626 2314 2657 mentionem.

1308 2683 1459 2721 Cumque
1483 2681 1571 2711 dicto
1599 2679 1757 2710 ministro
1777 2679 1810 2709 in
1829 2679 1946 2709 eadem
1964 2679 2046 2709 villa
2069 2679 2207 2718 quidam
2225 2679 2319 2709 locus

1308 2735 1425 2766 adhoc
1440 2735 1538 2764 datus
1558 2733 1690 2765 suisset.
1710 2732 1789 2762 dicti
1810 2732 1914 2762 abbas
1929 2734 1961 2763 et
1977 2733 2174 2767 conventus,
2195 2731 2320 2770 quibus

1308 2797 1327 2819 a
1345 2788 1424 2818 sede
1442 2787 1591 2826 pre-dieta
1609 2785 1779 2816 indultum
1798 2785 1915 2816 existit
1936 2787 1971 2816 ut
1992 2785 2107 2815 nullus
2125 2784 2212 2814 infra
2233 2784 2321 2814 limi-

1307 2842 1359 2870 tes
1378 2839 1487 2878 ipsius
1500 2838 1697 2868 monasterii
1717 2837 1758 2867 ab
1772 2837 1870 2867 altari
1888 2837 2039 2875 ejusdem
2055 2844 2114 2875 per
2132 2844 2235 2865 unum
2258 2835 2319 2866 mi-

1308 2892 1391 2923 liare
1409 2893 1599 2923 Romanum
1623 2891 1799 2927 distantes,
1819 2890 1906 2920 infra
1922 2898 2008 2929 quos
2034 2888 2127 2919 loeus
2152 2890 2222 2927 ipse
2243 2897 2317 2919 con·
