2547 3289
213 258 253 288 48
969 242 1219 274 REGISTRES
1241 239 1456 272 D‘URBAIN
1480 239 1538 269 IV.

214 340 256 371 ob
271 339 303 369 id
320 338 426 368 cleros
442 335 472 364 ct
492 331 632 372 populos
647 331 807 363 locorum,
826 328 861 358 in
883 326 1004 365 quibus
1023 322 1214 363 hujusmodi

212 390 350 421 verbum
363 386 470 416 crucis
478 391 659 424 proponere
670 390 728 411 vos
739 377 1216 417 continget,quotienscumque

212 445 244 474 et
259 441 458 477 ubicumque
469 436 592 467 videris
606 434 772 473 expedire,
787 433 822 462 ut
837 429 1128 471 processionaliter
1147 436 1216 466 pre-

213 492 435 526 dicationibus
460 489 581 521 vestris
604 496 680 518 cuin
702 485 878 517 devotione
905 483 1071 518 intersint3
1092 489 1219 511 necnon

211 549 243 578 et
256 545 417 586 largiendi
429 542 585 574 omnibus
596 549 672 571 vere
688 538 914 579 penitentibus
927 537 958 567 et
972 534 1146 570 confessis,
1163 533 1219 572 qui

213 600 255 631 ad
270 593 724 638 hujusmodiconvocationes
737 593 767 622 et
778 590 1020 630 predicationes
1031 588 1157 618 vestras
1170 594 1218 616 ac-

214 651 383 686 cesserint,
393 647 610 688 quadraginta
619 646 671 676 vel
680 646 812 676 centum
825 644 953 673 dierum
966 640 1219 678 indulgentiam,

209 706 306 746 juxta
322 705 377 734 tue
392 700 601 732 discretionis
621 698 796 729 arbitrium
820 694 1068 728 moderandam,
1089 693 1221 732 plenam

214 757 427 789 concedimus
442 753 635 786 auctoritate
651 750 856 791 presentium
871 748 1076 787 potestatem.
1090 757 1105 772 »
1120 745 1140 775 ¹.

287 903 356 934 132
821 893 947 925 Viterbe,
965 894 979 918 5
993 891 1056 926 juin
1072 891 1150 916 1262.

252 979 403 1010 Ludovico,
432 976 492 1012 regi
519 976 710 1006 Francorum,
735 975 836 999 notum
863 970 933 998 facit
954 978 984 997 se
1012 972 1043 996 ut
1067 967 1222 1003 imperium

217 1025 567 1060 Constantinopolitanum
585 1025 613 1050 et
626 1031 676 1057 per
691 1028 867 1055 consequens
879 1020 967 1046 Terra
980 1018 1085 1045 Sancta
1099 1016 1222 1043 celerem

217 1079 246 1104 et
263 1078 393 1111 optatum
405 1075 537 1109 speratae
557 1070 754 1099 subventionis
774 1069 986 1103 consequantur
1003 1066 1224 1099 effectum‚cum

216 1128 245 1153 et
260 1126 380 1153 barones
404 1126 431 1151 et
447 1130 578 1158 proceres
594 1123 623 1147 et
641 1121 791 1154 magnates
808 1117 926 1144 Latinae
943 1115 1036 1150 gentis
1057 1113 1106 1148 qui
1122 1112 1227 1148 princi-

217 1176 300 1210 patus
321 1173 445 1200 Achaiae
462 1179 494 1198 ac
514 1171 625 1198 Moreae
645 1169 826 1201 aliarumque
847 1168 993 1192 terrarum
1015 1165 1043 1189 et
1063 1162 1224 1189 insularum

219 1223 349 1259 ejusdem
367 1220 482 1256 imperii
498 1219 660 1246 dominium
672 1216 813 1247 obtinent,
830 1222 894 1241 cum
908 1216 1024 1240 strenua
1041 1209 1225 1237 multitudine

220 1271 393 1300 bellatorum
412 1278 462 1304 per
479 1271 587 1296 terram
607 1269 636 1293 et
656 1266 713 1293 dux
734 1272 766 1291 ac
786 1270 940 1291 commune
963 1262 1138 1288 Venetorum
1160 1267 1226 1285 eum

221 1319 374 1355 magnifico
393 1318 477 1345 stolio
495 1318 643 1353 galearum
664 1323 713 1349 per
734 1316 829 1348 partes
849 1311 1014 1338 maritimas
1037 1309 1072 1336 ad
1091 1308 1227 1335 resisten-
1255 1328 1256 1335 ,

221 1369 290 1396 dum
310 1367 527 1402 occupatoribus
548 1365 677 1401 ejusdem
701 1359 1017 1396 imperii‚praecipites,
1040 1360 1068 1384 ct
1092 1357 1127 1383 ad
1147 1355 1226 1382 exhi·
1256 1359 1257 1369 ¹

223 1417 347 1444 bendum
363 1415 496 1442 omnibus
510 1414 585 1440 dicto
602 1412 724 1446 imperio
739 1408 971 1437 succurrentibus
988 1406 1154 1441 passagium
1168 1404 1229 1430 sine

223 1465 309 1492 naulo
325 1464 383 1490 sint
396 1462 500 1497 parati,
517 1461 632 1488 mittere
650 1460 685 1485 ad
701 1466 768 1485 eum
784 1457 929 1484 Andream
947 1455 980 1481 de
993 1454 1119 1488 Spoleto,
1137 1452 1231 1479 archi-

222 1513 375 1541 diaconum
403 1511 593 1545 paphensem,
620 1508 802 1542 capellanum
831 1512 928 1537 suum,
944 1511 994 1538 pro
1021 1502 1230 1529 acceleratione

223 1560 418 1589 subventionis
441 1558 631 1594 procuranda.
650 1557 785 1583 Hortatur
802 1562 899 1589 regem
921 1555 951 1580 ut
968 1552 1042 1578 dicto
1061 1550 1182 1585 imperio
1203 1551 1231 1576 et

225 1609 340 1636 Venetis
360 1611 388 1635 et
408 1607 516 1635 Latinis
536 1606 642 1634 ibidem
664 1604 842 1631 morantibus
863 1602 1010 1628 dexteram
1033 1607 1099 1626 suae
1121 1600 1230 1633 protec-

223 1658 309 1685 tionis
325 1657 469 1684 cxtendat.
486 1656 565 1689 (Rea.
582 1655 626 1686 26,
642 1653 690 1680 fol.
707 1655 751 1685 35,
767 1656 798 1678 n⁰
816 1652 878 1684 130;
897 1651 1035 1677 Portum
1054 1648 1160 1681 18350.)

266 1750 305 1769 «..
322 1738 388 1777 reyi
403 1737 590 1767 Francorum
602 1734 726 1764 illustri.
740 1734 889 1765 Simater
900 1730 1096 1762 ecclesia—.
1109 1728 1234 1759 Datum

226 1791 379 1826 viterbii,
400 1790 497 1820 nonis
511 1789 610 1828 Junii,
629 1796 714 1818 anno
736 1786 855 1825 primo.
877 1796 891 1811 >³

296 1919 367 1950 133

262 1991 400 2026 Episcopo
426 1988 588 2025 Agennensi
616 1987 735 2014 mandat
759 1988 899 2021 quatenus
927 1985 956 2011 in
982 1992 1070 2018 regno
1098 1982 1235 2009 Franciac

229 2042 322 2068 certas
340 2038 528 2074 pecuniarum
547 2044 677 2064 summas
695 2036 797 2062 Terrae
817 2035 938 2060 Sanctae
954 2031 1079 2059 subsidio
1097 2031 1236 2065 deputan-

230 2089 280 2116 das
298 2088 422 2123 colligat.
441 2087 519 2121 (lise.
536 2087 582 2119 ⁶20,
598 2084 646 2111 sol.
664 2085 708 2116 36,
725 2092 756 2109 no
777 2083 848 2116 ¹31.)

826 1910 952 1943 Viterbe,
971 1910 985 1936 9
1000 1909 1063 1945 juin
1086 1909 1162 1934 1252.

271 2167 460 2206 «..ep2'scopo
475 2164 658 2205 AyennensI.
677 2163 801 2194 Crebra
818 2161 951 2201 imperii
963 2159 1239 2198 Constantinopo-
1268 2157 1270 2180 ἵ

230 2219 326 2252 litani
352 2217 532 2258 quassatio,
555 2217 750 2254 instansque
774 2214 982 2245 necessitatis
1008 2212 1179 2246 articulus,
1206 2211 1240 2241 in
1270 2232 1271 2243 1

231 2282 295 2314 quo
310 2273 360 2304 est
377 2272 465 2302 idem
481 2270 659 2309 imperium
674 2269 735 2299 hoc
758 2270 905 2307 tempore
923 2266 1151 2300 constitutum,
1166 2273 1240 2302 pro-

231 2325 379 2367 pensiori
395 2333 455 2355 nos
471 2332 549 2354 eura
564 2322 731 2356 sollicitat,
744 2323 780 2351 ut
799 2321 885 2351 inter
901 2328 1029 2359 queque
1047 2319 1149 2348 ardua
1168 2326 1240 2347 nos·
1272 2342 1273 2346 ,

231 2381 281 2411 tre
303 2377 474 2417 vigilantie
494 2375 720 2406 incumbentia
735 2374 774 2404 de
790 2373 897 2413 ipsius
924 2372 1103 2411 spectaculi
1125 2371 1242 2409 cogite-

234 2440 310 2463 mus
334 2429 495 2461 subsidiis
517 2430 547 2459 et
569 2428 706 2458 auxiliis
728 2426 914 2467 oportunis,
932 2426 1054 2464 quibus
1069 2426 1099 2455 et
1115 2424 1156 2454 ab
1179 2424 1243 2453 im-
1274 2455 1275 2459 ,

234 2483 440 2514 minentibus
455 2481 563 2512 valeat
576 2480 711 2510 liberari
726 2478 894 2518 pressuris
910 2478 941 2508 ct
958 2477 1043 2507 inter
1066 2476 1245 2515 angustan-

235 2538 285 2568 tes
302 2536 387 2567 illud
403 2534 574 2574 angustias
593 2533 767 2572 respirare.
779 2532 863 2562 Cum
875 2531 964 2561 enim
978 2531 1011 2560 in
1025 2537 1161 2568 corpore
1174 2527 1245 2558 uni-

237 2642 367 2677 existat‚
391 2641 432 2672 ad
454 2640 507 2671 sui
532 2639 692 2670 nimirum
715 2638 844 2677 capitis,
858 2636 946 2675 quod
967 2636 1016 2666 est
1037 2635 1247 2666 sacrosancta

239 2695 391 2726 Romana
403 2693 755 2729 ecelesia‚cunct0rum
768 2690 918 2721 fidelium
936 2690 1041 2719 mater
1058 2689 1088 2718 et
1099 2687 1244 2722 domina,

240 2747 480 2778 incrementum
496 2745 620 2776 accedit
635 2745 663 2775 si
684 2743 870 2774 membrum
891 2742 978 2772 idem
995 2743 1064 2772 tam
1086 2739 1247 2770 honoriti-

240 2807 316 2830 cum
335 2798 375 2829 ab
392 2807 430 2828 ea
442 2797 642 2828 subsidiaria
658 2796 744 2827 dona
760 2795 895 2835 recipiat
917 2795 948 2824 et
971 2792 1119 2823 efficacia
1143 2791 1248 2831 perci—
1278 2823 1279 2829 ἵ
1360 2822 1382 2829 ..
1432 2813 1462 2843 ,1
1548 2813 1569 2828 ,.
1589 2822 1595 2829 v
1758 2812 1787 2842 h·
1803 2812 1823 2842 b
1845 2821 1852 2829 ¹
1889 2813 1900 2842 t
1938 2812 1968 2826 .,
2028 2811 2038 2841 l
2074 2820 2087 2828 ..
2253 2809 2260 2815 .

241 2851 310 2891 piat
324 2851 525 2890 adjumenta.
544 2850 631 2880 Hinc
652 2847 803 2887 estquod
826 2856 887 2878 nos
909 2846 1017 2886 ipsius
1046 2843 1247 2875 necessitati·
1278 2832 1280 2869 i
1308 2822 1449 2852 pelbom
1465 2821 1529 2849 em’
1545 2821 1615 2844 me
1638 2821 1743 2843 uuum
1783 2821 1801 2842 δ’
1826 2820 1886 2843 e‘m
1917 2820 1988 2842 ειη
2004 2820 2025 2851 p
2042 2820 2111 2847 ⁰¹⁸¹'
2126 2817 2320 2850 pervemen’

275 2935 300 2958 1.
317 2934 388 2959 Sans
401 2933 471 2958 dato.

1277 321 1341 351 bus
1354 320 1485 359 imperii
1498 319 1680 358 cupiente&
1691 319 1789 357 prout
1805 319 1957 348 tenemur
1972 326 2014 347 ex
2026 316 2232 356 apostolatus
2243 317 2291 348 of-

1278 373 1366 408 fisio,
1394 373 1581 412 providere,
1601 380 1637 402 ac
1665 371 1874 401 medietatem
1900 370 2050 400 omnium
2067 370 2291 408 proventuum

1278 427 1345 456 tam
1358 425 1556 464 dignitatum
1566 425 1597 455 et
1605 424 1853 463 personatuum,
1863 432 1963 462 quam
1973 422 2232 462 prebendarum,
2241 429 2291 452 ec-

1279 478 1469 514 clesiarum,
1493 477 1700 516 aliorumque
1724 476 1963 506 beneficiorum
1992 475 2292 506 ecclesiasticorum

1279 539 1498 570 personarum
1512 530 1647 560 illarum
1660 537 1722 568 que
1738 529 1772 558 in
1789 528 1871 567 ipsis
1882 537 1942 568 per
1959 537 2018 558 sex
2030 536 2162 558 menses
2177 527 2216 557 ad
2231 526 2293 557 mi-

1281 592 1345 614 nus
1356 583 1571 614 residentiam
1587 591 1653 613 non
1666 582 1792 613 faciunt
1806 581 2026 621 personalem,
2037 581 2108 611 sive
2121 589 2225 610 unum
2236 579 2294 610 ha-

1279 637 1380 667 beant
1395 636 1466 666 sive
1486 635 1583 674 plura
1599 635 1866 674 pervenientium
1883 634 1924 664 ad
1946 642 2106 673 personas
2121 634 2222 673 ipsas,
2241 632 2292 662 eis

1282 698 1344 728 que
1363 689 1487 719 nostris
1504 689 1535 719 et
1552 689 1690 719 fratrum
1710 689 1912 721 nostrornm,
1928 695 1964 717 ac
1987 694 2125 716 suorum
2151 685 2290 725 prelato·
2324 693 2330 698 ’

1282 751 1356 772 rum
1371 742 1591 772 immorantur
1608 741 1791 780 obsequiis,
1807 741 1864 770 aut
1879 741 1956 770 sunt
1973 739 2007 769 in
2025 739 2291 778 peregrinatione

1282 795 1336 826 vel
1351 795 1462 830 scolis,
1476 803 1535 825 scu
1554 795 1770 825 ecclesiarum
1785 801 1921 823 suarum
1939 792 2071 831 negotia
2083 792 2123 822 de
2140 791 2291 830 ipsorum

1281 848 1483 888 prelatorum
1513 847 1667 877 mandato
1694 847 1872 886 procurant
1896 846 1953 875 aut
1973 844 2216 883 assumpserint
2240 843 2296 874 vel

1283 901 1456 931 assument
1471 900 1580 930 crucis
1599 899 1809 939 signaculum
1825 899 1859 929 in
1877 900 1961 928 terre
1984 899 2095 928 sancte
2114 896 2167 927 vel
2182 904 2295 936 perso-

1284 954 1403 984 naliter
1428 953 1463 983 in
1489 953 1638 992 ejusdem
1667 952 1797 991 imperii
1815 951 2068 990 proficiscentur
2088 957 2297 984 succursum,

1283 1006 1442 1045 exceptis,
1459 1007 1490 1037 et
1512 1006 1542 1036 si
1553 1005 1658 1044 aliqui
1674 1004 1859 1035 eorundum
1879 1005 2091 1043 exceptorum
2111 1004 2220 1042 preter
2235 1002 2297 1032 hu-

1280 1060 1428 1099 jusmodi
1444 1059 1690 1097 crusesignatos
1706 1059 1737 1088 et
1752 1058 1982 1097 procuratores
1998 1065 2034 1086 ac
2050 1056 2298 1095 proficiscentes

1285 1114 1316 1144 et
1331 1113 1454 1143 nostris
1469 1113 1499 1142 et
1514 1113 1653 1142 fratrum
1668 1112 1817 1151 ipsorum
1834 1110 2004 1149 obsequiis
2021 1107 2296 1142 i1n1n0rantes,de

1285 1166 1470 1197 redditibus
1490 1165 1724 1195 ecclesiasticis
1750 1163 1929 1193 valentiam
1955 1164 2085 1193 centum
2108 1169 2298 1192 marcarum

1287 1219 1413 1258 argenti
1429 1218 1617 1258 percipiunt
1632 1217 1815 1250 annuatim,
1827 1216 2008 1246 eorundem
2024 1216 2156 1245 centum
2171 1221 2298 1244 marca-

1287 1281 1362 1302 rum
1385 1271 1578 1301 vicesimam
1600 1278 1705 1308 usque
1724 1269 1765 1299 ad
1784 1269 1965 1299 triennium
1984 1266 2198 1297 subventioni
2213 1266 2299 1304 ejus-

1288 1325 1363 1355 dem
1397 1323 1530 1362 imperii
1566 1331 1642 1352 cum
1673 1322 1781 1352 felicis
1815 1320 2054 1351 recordationis
2082 1319 2298 1350 Innocentius

1288 1385 1374 1415 papa
1389 1376 1467 1410 IIII,
1480 1375 1694 1414 predecessor
1706 1375 1829 1408 noster,
1840 1374 1923 1403 alias
1935 1372 2127 1412 hujusmodi
2144 1371 2300 1402 medieta-

1288 1431 1355 1460 tem
1374 1428 1570 1459 vicesimam
1586 1428 1615 1457 ct
1631 1427 1762 1457 tertiam
1787 1426 2028 1465 premissorum
2056 1425 2206 1455 omnium
2229 1431 2302 1454 suc-

1290 1482 1404 1512 cursui
1415 1481 1564 1520 ejusdcm
1572 1480 1705 1519 imperii
1717 1479 1926 1518 deputaverit
1935 1479 1965 1508 et
1980 1478 2090 1517 colligi
2103 1477 2218 1508 fecerit
2228 1485 2302 1506 auc-

1260 1553 1261 1558 =
1289 1534 1420 1564 toritate
1445 1533 1626 1572 apostoliea
1649 1532 1834 1572 deputatas,
1858 1531 1891 1561 in
1910 1531 2168 1561 subventionem
2189 1529 2305 1568 hujus-

1291 1587 1381 1617 modi
1398 1587 1541 1617 totaliter
1559 1584 2016 1619 convertendas‚fraternitati
2031 1584 2086 1613 tue
2102 1591 2162 1622 per
2177 1583 2305 1621 aposto-

1262 1663 1263 1683 3
1291 1640 1356 1670 lica
1378 1639 1500 1678 scripta
1519 1638 1666 1669 districte
1686 1637 1900 1677 precipiendo
1924 1637 2122 1667 mandamus
2142 1636 2307 1674 quatenus

1293 1693 1516 1727 medietatem,
1536 1692 1667 1722 tertiam
1683 1692 1713 1721 et
1732 1691 1927 1721 vicesimam
1939 1689 2132 1729 hujusmodi
2148 1697 2207 1728 per
2222 1689 2253 1718 te
2269 1695 2307 1718 ac

1294 1747 1375 1776 alios
1393 1746 1484 1776 viros
1502 1745 1661 1784 providos
1683 1745 1715 1774 et
1731 1744 1903 1778 discretos,
1927 1751 2010 1781 quos
2028 1743 2069 1772 ad
2089 1742 2150 1772 hoc
2168 1741 2308 1772 idoneos

1295 1808 1366 1830 esse
1383 1798 1579 1838 cognoveris
1599 1797 1790 1828 auctoritate
1810 1798 1925 1827 nostra
1940 1804 2046 1835 usque
2063 1795 2104 1825 ad
2121 1794 2308 1834 predictum

1294 1852 1475 1883 triennium
1491 1859 1549 1890 pro
1565 1850 1758 1890 hujusmodi
1775 1850 1924 1889 ejusdem
1937 1849 2069 1887 imperii
2085 1847 2306 1878 subventione

1295 1906 1330 1936 in
1345 1904 1595 1944 regnoFrancie
1612 1904 1736 1942 integre
1747 1912 1782 1933 ac
1797 1903 1937 1933 sollicite
1953 1902 2124 1940 colligens,
2137 1901 2229 1940 ipsas
2244 1899 2308 1930 sub

1266 1980 1267 1986 1
1296 1958 1540 1996 fidedignarum
1552 1964 1772 1995 personarum
1784 1955 1977 1985 testimonio
1991 1954 2138 1993 deponas
2153 1954 2187 1983 in
2199 1953 2312 1992 aliquo

1266 2009 1268 2036 l
1296 2012 1364 2041 tuto
1379 2009 1553 2048 locoquid
1569 2011 1599 2039 et
1620 2010 1781 2048 quantum
1797 2009 1828 2039 et
1843 2017 1861 2037 a
1877 2007 2000 2046 quibus
2009 2007 2183 2037 collectum
2199 2005 2311 2041 fuerit,

1298 2063 1395 2094 nobis
1412 2063 1553 2093 fideliter
1569 2062 1802 2101 rescripturus.
1823 2060 2089 2091 Contradictores
2105 2061 2154 2090 etc
2167 2075 2217 2087 -.
2235 2057 2313 2089 Non

1299 2117 1450 2147 obstante
1487 2132 1536 2144 —.
1574 2115 1697 2145 Datum
1730 2113 1886 2149 Viterbii,
1922 2123 1941 2141 v
1976 2112 2052 2143 idus
2087 2112 2186 2151 junii,
2223 2119 2313 2142 anno

1300 2178 1420 2209 primo.
1439 2181 1453 2195 ν

1370 2297 1441 2328 134
1907 2293 2035 2326 Vitcrbe,
2053 2293 2068 2318 9
2080 2293 2145 2328 juin
2163 2292 2244 2319 1262.

1338 2368 1375 2394 De
1391 2366 1558 2394 collectione
1572 2365 1759 2400 pecuniarum
1775 2365 1803 2391 in
1817 2365 1921 2391 Terrae
1938 2364 2060 2391 Sanctae
2071 2363 2232 2390 subsidium
2248 2369 2314 2389 con-

1302 2416 1520 2443 vertendarum.
1536 2415 1616 2450 (Rae.
1634 2416 1679 2447 ⁶26,
1696 2414 1744 2441 sol.
1762 2415 1805 2445 36,
1823 2418 1854 2440 ι]ο
1873 2414 1944 2447 ¹32.)

1344 2508 1358 2523 α
1378 2495 1500 2525 Eidem.
1521 2493 1786 2525 Necessitatibus
1806 2493 2167 2533 Constantinopolitani
2184 2491 2320 2532 imperii

350 2589 356 2595 ,
501 2587 507 2593 ,
610 2586 616 2592 ,
667 2586 672 2591 ,
939 2583 945 2588 ,
1275 2556 1277 2589 2
1305 2549 1486 2588 cupientes,
1504 2549 1602 2588 prout
1619 2549 1770 2578 tenemur
1787 2556 1829 2578 ex
1840 2547 2043 2587 apostolatus
2061 2546 2185 2581 officio,
2208 2545 2318 2585 provi-

236 2589 377 2620 versalis
392 2588 529 2620 ecclesie
542 2586 651 2617 nobile
665 2593 776 2625 ipsum
792 2585 823 2615 et
833 2590 1049 2622 conspicuum
1061 2581 1246 2612 membrum
1276 2591 1277 2595 ¹

1305 2603 1394 2638 dere,
1411 2602 1621 2632 medietatem
1638 2600 1789 2631 omnium
1801 2602 2024 2640 proventuum
2043 2602 2108 2630 tam
2120 2599 2321 2638 dignitatum

1276 2679 1278 2691 ,
1305 2658 1337 2686 et
1351 2656 1602 2694 personatuum,
1617 2663 1717 2694 quam
1734 2654 1978 2693 prebendarum
1999 2653 2208 2692 aliorumque
2222 2651 2320 2682 bene-

1307 2709 1458 2738 ficiorum
1483 2707 1785 2738 ecclesiasticorum
1813 2714 2031 2746 personarum
2049 2705 2184 2736 illarum
2200 2713 2264 2744 que
2281 2703 2317 2734 in

1307 2761 1391 2800 ipsis
1407 2769 1466 2800 per
1481 2769 1541 2791 sex
1553 2768 1686 2791 menses
1700 2759 1741 2790 ad
1756 2759 1868 2789 minus
1885 2759 2099 2789 residentiam
2114 2766 2180 2788 non
2197 2755 2322 2788 faciunt

1309 2867 1393 2897 tium
1407 2866 1447 2896 ad
1462 2874 1623 2905 personas
1640 2865 1741 2904 ipsas,
1758 2865 1807 2895 eis
1824 2873 1887 2904 que
1904 2864 2027 2895 nostris
2051 2865 2082 2894 et
2095 2863 2232 2893 fratrum
2247 2869 2324 2891 nos-

1310 2920 1438 2950 trorum
1454 2927 1491 2949 ac
1507 2926 1646 2950 suorum
1667 2918 1872 2957 prelatorum
1895 2917 2113 2947 immorantur
2138 2913 2324 2954 obsequiis,
