2547 3289
1072 231 1312 268 'rnoismim
1336 238 1426 268 ANN
1436 231 1501 268 nn.
2272 241 2330 269 2229

245 321 403 351 mamiato
424 321 515 350 sedis
540 321 688 359 predicte
716 321 821 354 tactis,
853 321 986 350 modum
1010 321 1040 349 in
1060 320 1258 357 colligendis

245 373 408 411 predictis
426 374 589 403 excedant
608 373 760 412 aliasque
785 374 816 402 in
843 373 966 403 talibus
988 373 1169 411 pernitioso
1187 381 1258 401 ver-

245 429 363 456 sentur
376 436 381 461 ;
396 435 469 461 nos,
484 426 637 456 nolentes
653 426 718 455 ista
734 426 796 455 sub
807 426 1081 455 dissinmlatione
1099 425 1256 457 transire,

246 488 286 509 ne
306 480 337 509 in
364 488 463 517 grave
483 479 585 517 (quod
612 478 715 511 absit)
743 481 881 515 vergant
911 478 1061 516 ejusdem
1082 480 1180 509 terre.
1202 486 1258 515 pcr

244 532 509 562 subtractionem
531 532 582 561 vel
607 532 866 561 diminutionem
885 531 1003 569 prefati
1029 530 1186 563 subsidii,
1205 530 1258 559 de—

245 585 456 621 trimentum,
478 586 634 614 volumus
663 586 699 614 ut
725 585 757 613 in
783 585 933 623 predicto
962 592 1074 622 regno,
1101 583 1258 613 omnibus

245 638 484 668 executoribus
516 638 643 668 eisdem
676 638 830 676 personis
859 639 889 667 ct
922 637 1006 666 loeis
1046 636 1215 674 deputatis
1241 645 1258 664 a

245 692 395 730 predicta.
408 691 486 721 sede
498 699 600 729 super
610 691 803 728 hujusmodi
815 690 1151 723 concessionil›11s‚ex
1165 691 1257 727 parto

245 746 361 774 nostra
380 744 520 774 tirmiter
538 743 690 773 inhibere
710 752 881 781 procures,
905 751 944 771 ne
965 742 1198 780 quoquomodo
1217 742 1257 770 ad

245 797 433 835 colligenda
460 796 629 835 premissa
655 796 847 834 procedant,
875 804 944 830 eos,
975 795 1003 824 si
1033 797 1147 824 contra
1166 797 1256 824 tuam

245 850 483 880 inhibitionem
513 849 693 887 procedere
723 848 806 878 sorte
836 848 1118 886 presumpserint,
1149 857 1163 875 a
1187 857 1258 885 pre-

245 902 647 941 sumptionehujusmodi
667 911 726 940 per
743 902 883 931 eandem
903 910 1093 934 censuram,
1111 900 1257 938 appella—

244 957 334 986 tione
365 955 566 994 postposita,
587 955 841 993 compescendo.
870 955 910 983 Et
929 953 1170 983 nichilominus
1193 963 1258 991 qua

244 1009 444 1039 auctoritate
463 1007 821 1046 quibusquepersonis
841 1009 869 1036 et
882 1007 975 1039 locis,
997 1006 1058 1035 sub
1072 1015 1136 1044 qua
1152 1006 1257 1035 forma

245 1062 276 1092 et
297 1062 328 1090 in
348 1070 414 1099 qua
434 1061 620 1100 quantitate
641 1060 763 1090 suerint
787 1060 936 1098 predicta
956 1068 1126 1094 crnicessa,
1146 1061 1175 1088 et
1195 1068 1258 1097 que

244 1116 277 1144 et
304 1117 384 1152 quot
408 1116 439 1144 et
467 1114 499 1143 in
531 1113 657 1152 quibus
684 1113 767 1143 locis
794 1113 834 1142 ab
860 1113 987 1142 eisdem
1019 1111 1258 1142 executoribus

244 1167 521 1197 fuerintcollecta
536 1176 595 1205 per
610 1175 667 1195 eos·
686 1166 883 1205 diligentius
900 1166 1086 1204 inquirens,
1104 1174 1141 1194 ea
1160 1164 1257 1194 nobis

244 1229 305 1259 per
322 1222 398 1250 tuas
417 1220 549 1250 litteras
568 1220 704 1249 studeas
724 1219 868 1249 fideliter
888 1219 1057 1248 intimare.
1076 1219 1146 1248 Nos
1168 1218 1257 1247 enim

245 1273 483 1304 concessiones
498 1273 666 1312 predictas
680 1272 829 1311 aliquem
844 1272 993 1310 vigorem
1005 1271 1125 1301 habere
1137 1281 1173 1301 ac
1189 1271 1259 1300 illa-

244 1335 319 1356 rum
348 1329 503 1365 pretextu
529 1326 708 1365 quicquam
736 1325 863 1364 percipi
890 1325 1058 1359 nolumus,
1078 1325 1182 1354 donec
1200 1333 1259 1363 per

244 1381 336 1409 tuam
358 1380 621 1409 insinuationem
643 1379 789 1409 sciamus
810 1387 911 1417 super
928 1378 1108 1417 premissis
1124 1378 1258 1416 plenius

245 1423 434 1466 veritatem,
455 1442 491 1462 ac
509 1433 548 1462 de
565 1433 642 1466 11115,
660 1434 757 1470 prout
776 1432 960 1470 expediens
979 1432 1047 1461 fore
1059 1431 1257 1467 viderimus,

245 1486 478 1524 disponamus.
503 1486 552 1516 Tu
571 1487 683 1515 autem
702 1485 838 1515 interim
857 1485 1118 1523 redemptiones³
1136 1485 1257 1523 legata,

245 1539 375 1573 relicta⁷
398 1539 474 1568 data
492 1540 524 1568 et
548 1538 768 1568 obventiones
792 1538 987 1576 hujusmodi
1007 1546 1065 1575 per
1082 1539 1112 1567 te
1130 1537 1180 1567 vel
1201 1546 1260 1575 per

245 1592 350 1622 alium
367 1601 425 1622 seu
446 1592 544 1626 alios,
563 1601 647 1630 quos
662 1592 701 1621 ad
718 1591 779 1621 hoc
796 1591 946 1629 ydoneos
959 1599 1033 1620 esse
1048 1591 1258 1629 cognoveris,

246 1645 376 1683 integre.
402 1645 576 1683 colligens,
608 1644 769 1683 (1111100111
796 1644 835 1674 110
860 1643 924 1673 hiis
944 1643 1122 1673 collectum
1146 1643 1258 1679 fuerit,

245 1697 376 1727 nuntiis
392 1697 479 1727 dicte
500 1698 588 1726 terre
605 1697 656 1726 vel
677 1705 792 1726 eorum
813 1696 1090 1735 procuratori]»us
1105 1705 1163 1725 seu
1182 1695 1261 1725 alte-

244 1751 317 1780 rius
342 1751 550 1784 eorumdem,
575 1750 838 1780 convertendum
862 1750 895 1779 in
918 1749 1027 1787 ipsius
1045 1751 1133 1779 terre
1152 1749 1260 1778 subsi-

244 1804 350 1839 dium,
368 1803 543 1842 assignare
568 1803 718 1833 totaliter
744 1812 808 1832 non
835 1803 982 1833 omittas.
1006 1803 1131 1833 Omnes
1158 1803 1259 1832 etiam

244 1857 498 1895 crucesignatos
511 1858 543 1886 et
560 1856 844 1895 crucesignandos
862 1865 921 1894 pro
940 1856 1027 1885 ‹Vlicte
1046 1858 1134 1885 terre
1152 1856 1260 1885 subsi-

244 1911 312 1943 dio,
343 1919 430 1949 quos
450 1909 512 1939 sub
534 1912 651 1940 nostra
677 1911 708 1939 et
735 1909 920 1948 apostolice
946 1909 1037 1939 sedis
1052 1910 1260 1947 protectione

244 1963 467 2001 suscipimus,
492 1972 557 1992 11011
585 1963 765 2001 permittas
792 1971 850 2001 per
879 1963 910 1992 te
930 1962 981 1992 vel
999 1971 1057 2000 per
1077 1962 1182 1992 alium
1202 1971 1261 1992 seu

245 2017 342 2053 alios,
356 2018 471 2047 contra
485 2016 718 2046 immunitates
728 2017 760 2046 et
769 2015 949 2054 privilegia
965 2016 1207 2054 crucesignatis
1221 2016 1261 2045 ab

246 2071 364 2100 eadem
383 2070 461 2099 sede
480 2078 651 2101 concessa,
664 2068 704 2099 ab
717 2069 890 2107 aliquibus
908 2068 1054 2099 indebite
1072 2069 1259 2103 molestari,

245 2123 482 2153 molestatores
495 2122 689 2161 hujusmodi
702 2132 761 2161 per
775 2123 915 2152 eandem
929 2131 1117 2159 censuram,
1128 2122 1262 2152 sublato

245 2176 426 2215 cujuslibet
445 2176 684 2215 appellationis
703 2176 888 2212 obstaculo,
908 2176 1164 2214 compescendo.

286 2229 337 2259 Ad
367 2229 437 2262 hec,
470 2238 545 2259 cum
574 2229 760 2268 predicatio
788 2229 907 2259 Crucis
937 2229 970 2258 111
999 2231 1185 2259 memorato
1209 2239 1261 2259 re-

246 2292 322 2322 gno,
346 2292 405 2321 pro
429 2283 580 2321 ejusdem
608 2284 696 2313 terre
724 2291 898 2317 succursu,
916 2281 978 2312 tibi
1004 2291 1064 2321 per
1090 2282 1175 2312 alias
1200 2283 1262 2312 sub

245 2338 337 2366 certa
356 2335 466 2365 forma
482 2336 615 2366 litteras
635 2336 680 2366 sit
695 2336 890 2372 commissa,
908 2344 970 2365 nos
988 2336 1140 2366 volentes
1153 2337 1189 2366 ut
1208 2345 1261 2366 ne-

244 2388 375 2428 gotium
394 2397 432 2418 eo
459 2389 630 2419 efficacius
650 2389 881 2427 prosequaris,
902 2397 967 2428 quo
985 2388 1106 2427 majori
1122 2397 1182 2427 per
1201 2398 1262 2420 nos

246 2442 353 2472 fueris
381 2442 580 2472 auctoritate
605 2441 769 2478 munitus,
798 2441 995 2481 injungendi
1023 2441 1129 2472 libere
1148 2451 1208 2481 per
1230 2444 1262 2473 te

245 2495 299 2525 vel
329 2503 388 2533 per
418 2494 524 2524 alium
553 2503 612 2525 seu
639 2495 726 2525 alios
758 2494 914 2525 omnibus
939 2495 1210 2534 predicatoribus
1230 2496 1262 2526 et

246 2547 486 2578 executoribus
505 2547 623 2578 Crucis
640 2547 894 2584 ecclesiasticis,
910 2548 1122 2578 secularibus
1138 2550 1171 2579 et
1187 2549 1263 2579 reli-

246 2601 366 2641 giosis,
385 2609 446 2640 pro
463 2601 566 2630 Terre
580 2601 700 2631 Sancte
717 2600 872 2631 subsidio
888 2601 921 2630 in
937 2601 1025 2631 dicto
1038 2609 1139 2640 regno
1152 2611 1170 2632 a
1184 2601 1262 2632 sede

247 2654 436 2694 apostolica
448 2654 619 2692 deputatis
632 2655 688 2684 aut
703 2653 737 2683 in
755 2655 930 2692 posterum
947 2654 1163 2692 deputandis,
1179 2656 1215 2685 ut
1229 2656 1263 2685 in

246 2707 418 2743 omnibus,
437 2715 501 2746 que
518 2707 722 2746 promotioni
740 2707 820 2736 dicti
837 2707 1134 2746 negotiiexpedire
1144 2717 1262 2748 cogno-

247 2761 350 2795 veris,
377 2760 439 2790 tibi
467 2760 641 2797 assistant,
661 2759 830 2796 obediant,
851 2761 992 2798 pareant
1015 2762 1047 2791 et
1063 2761 1261 2796 intendant3

249 2813 448 2844 assumendi
475 2813 578 2844 etiam
600 2813 734 2852 aliquos
752 2812 974 2843 ecclesiarum
995 2813 1143 2852 prelatos
1162 2814 1262 2845 alios-

247 2875 313 2906 que
333 2866 512 2906 religiosos
533 2867 566 2897 et
582 2865 753 2896 seculares
776 2865 928 2905 ejusdem
947 2866 1054 2906 regni,
1077 2867 1117 2897 de
1139 2867 1263 2906 quibus

248 2920 410 2959 expedire
440 2919 577 2956 videris,
603 2921 639 2950 ut
656 2919 690 2949 in
715 2918 793 2956 hiis,
815 2928 879 2958 que
908 2920 1062 2958 spectant
1090 2920 1131 2950 ad
1153 2920 1263 2959 ipsius

1322 321 1445 359 negotii
1464 320 1723 359 promotionem,
1745 321 1802 351 tibi
1825 321 1997 357 assistant,
2019 322 2189 351 intendant
2209 322 2330 351 01010·-

1320 373 1424 407 diant,
1455 376 1487 403 et
1512 376 1579 403 tam
1613 374 1839 411 predicatores
1869 376 1899 403 ct
1932 376 2129 404 executores
2163 375 2330 412 predictos

1320 435 1419 464 qnam
1443 426 1589 464 prelatos
1609 426 1761 464 aliosque
1782 427 1959 463 1011111οεος
1978 429 2005 457 ct
2031 428 2202 456 seculares
2219 427 2331 465 liujus-

1320 479 1408 508 modi
1429 480 1468 509 ad
1484 480 1553 511 hec„
1574 480 1600 508 si
1621 488 1756 509 neccsse
1782 481 1889 515 tuerit,
1912 481 2109 509 auctm'itate
2128 482 2253 515 nostra,
2275 490 2330 518 ap-

1319 532 1501 570 pellatione
1533 534 1671 565 remota,
1701 533 1863 568 cogendi;
1890 533 2030 561 l'aciendi
2057 533 2155 562 etiam
2181 534 2330 571 quinque

1320 584 1452 613 clericis
1472 585 1526 623 qni
1548 587 1656 614 tecum
1676 585 1707 614 in
1729 586 1800 623 ipso
1823 586 1955 623 negotio
1978 585 2189 616 laborabunt.
2210 586 2330 616 beneti-

1320 637 1459 673 ciorum,
1474 638 1716 676 prclwmlarnm
1729 641 1756 667 ct
1771 638 1988 667 ecclesiarum
2000 648 2135 667 suarum
2149 642 2332 676 proventus

1320 692 1427 727 perte
1446 691 1497 719 vel
1518 700 1576 728 per
1594 691 1698 720 alium
1724 700 1782 720 seu
1802 691 1899 725 alios,
1923 691 2103 720 cotidianis
2122 692 2330 721 distributio>

1321 743 1419 772 nibus
1447 744 1621 773 dumtaxat
1639 744 1800 781 exceptis,
1822 744 1948 781 inti-gre
1968 745 2167 779 ministrari,
2193 755 2228 773 ac
2250 746 2277 774 si
2299 746 2330 774 in

1320 796 1484 829 ecclesiis,
1500 806 1584 834 quas
1599 805 1656 825 seu
1677 797 1709 825 in
1729 796 1852 834 quibus
1873 808 1908 825 ca
1923 797 2086 832 obtinent,
2110 798 2331 835 personaliter

1321 849 1517 881 residerent,
1537 852 1568 878 01,
1586 850 1849 878 contradictores
1867 858 1923 887 per
1941 859 2115 879 censuram
2131 851 2332 880 ecclesiasti-

1319 910 1403 937 cam,
1424 902 1651 940 appellatione
1672 903 1871 940 postposita,
1891 903 2138 940 wulpem-endi,
2156 907 2331 933 consuetu>

1319 954 1456 984 dinibus
1486 955 1537 983 vel
1566 956 1701 984 statutis
1727 956 1906 984 contrariis
1935 956 2153 985 ecclesiarum
2181 957 2328 994 ipsarum

1316 1007 1521 1044 juramento,
1549 1008 1802 1036 csmtirmatione
1833 1008 2017 1045 apostolica
2048 1009 2097 1037 vol
2121 1018 2331 1047 quacumque

1321 1060 1387 1089 alia
1406 1060 1563 1090 firmitate
1583 1060 1729 1091 vallatis,
1752 1069 1962 1098 nequaquam
1983 1061 2207 1095 obstantum&
2227 1062 2332 1091 libexa

1321 1113 1364 1141 sit
1381 1112 1442 1142 tibi
1461 1113 1500 1142 de
1519 1115 1634 1142 nostra
1650 1113 1875 1151 permissione
1894 1114 2046 1143 tat-ultas.

1360 1166 1574 1195 Prosentium
1594 1176 1726 1204 quoque
1752 1167 1950 1196 auctoritate
1973 1168 2187 1196 con‹w‹liinus
2208 1170 2241 1197 ut
2263 1177 2332 1205 pre-

1320 1218 1488 1248 dicatores
1511 1219 1639 1253 (ja-ucis,
1659 1228 1743 1257 quos
1763 1220 1801 1248 ad
1827 1219 1858 1248 id
1884 1219 2023 1249 duxeris
2049 1220 2271 1258 deputandos,
2294 1229 2332 1249 ne

1320 1271 1513 1309 hujusmodi
1533 1281 1647 1301 eorum
1672 1272 1961 1310 predicationilms
1984 1273 2262 1310 impedimentum
2283 1274 2333 1303 vel

1321 1325 1457 1364 aliquod
1487 1325 1698 1355 obstaculum
1731 1325 1912 1363 ingeratur,
1935 1326 2142 1364 questuariis
2165 1326 2334 1356 universis

1321 1380 1352 1408 et
1368 1379 1446 1408 aliis
1464 1378 1673 1416 quibuslibet
1698 1379 1872 1416 predicare
1898 1379 2103 1413 videntibus,
2125 1380 2333 1418 proponendi

1321 1432 1450 1470 aliquid
1473 1432 1610 1470 populo,
1632 1432 1712 1461 dum
1738 1431 1778 1461 ab
1806 1431 1891 1469 ipsis
1919 1432 2189 1470 predicatoribus
2217 1433 2334 1463 Crucis·

1322 1485 1493 1523 negotium
1521 1487 1738 1522 proponetur,
1768 1485 1939 1514 licentiam
1966 1485 2164 1515 interdicere
2190 1486 2333 1515 valeant.

1322 1547 1357 1568 ac
1378 1546 1591 1575 compescen¹
1613 1546 1670 1576 per
1691 1547 1868 1567 censuram
1898 1538 2175 1575 ecclesiasticam,
2200 1539 2333 1568 sublato

1322 1590 1502 1629 cujuslibet
1515 1591 1755 1629 appellat-ionis
1771 1591 1956 1622 obstaculo.
1975 1592 2197 1621 temeritatem
2218 1601 2332 1622 eorum

1323 1644 1379 1682 qui
1400 1653 1496 1674 secus
1518 1644 1676 1673 duxerint
1703 1644 1978 1682 presumendum.
2001 1645 2224 1674 (Icincedimus
2244 1645 2334 1674 insu-

1323 1697 1452 1735 pertibi
1472 1699 1517 1729 ut.
1532 1706 1607 1726 cum
1625 1697 1666 1726 ad
1685 1697 1831 1735 aliquam
1846 1697 1961 1726 villam
1979 1698 2030 1727 vel
2049 1698 2226 1727 ecclesiam
2240 1699 2332 1736 regni

1322 1751 1464 1789 predicti
1489 1751 1718 1780 ecclesiastico
1747 1750 1924 1780 interdicto
1943 1751 2165 1789 suppositaim
2186 1753 2215 1780 te
2235 1751 2334 1781 decli-

1323 1813 1401 1834 nare
1435 1804 1624 1842 contigerit,
1653 1804 1766 1842 possis
1794 1803 2011 1833 interdictum
2036 1804 2229 1842 hujusmodi
2260 1814 2332 1834 sus-

1323 1858 1479 1896 pendere⁷
1500 1866 1535 1887 ac
1553 1857 1668 1886 divina
1688 1857 1810 1892 01110111,
1830 1857 1908 1886 dum
1933 1857 2057 1887 ibidem
2081 1866 2209 1886 moram
2228 1860 2333 1887 traxe-

1323 1911 1381 1944 ris,
1404 1911 1436 1940 in
1458 1910 1573 1940 eadem
1594 1910 1747 1945 ecclesia,
1767 1912 1902 1948 propter
1922 1910 2039 1939 Crucis
2057 1910 2332 1948 predicationem,

1323 1964 1472 1993 exclusis
1489 1963 1791 1993 excommunicatis
1802 1966 1833 1992 et
1849 1962 1915 1992 hiis
1933 1963 1988 2001 qni
2007 1972 2142 1993 causam
2157 1964 2334 1993 interdicto

1323 2017 1488 2050 dederint.
1509 2016 1678 2046 celebrare
1696 2025 1732 2045 ac
1750 2016 1855 2045 facere
1871 2016 2045 2046 celebrari.
2064 2017 2191 2046 Etcum
2208 2017 2248 2046 ad
2264 2017 2335 2046 loca

1324 2071 1503 2100 interdicta
1520 2071 1552 2100 te
1569 2070 1739 2099 declinare
1757 2069 1946 2106 contigerit,
1966 2070 2208 2108 crucesignatis
2221 2073 2252 2099 et
2264 2079 2334 2099 cru-

1324 2123 1742 2162 cesignandis,dummodo
1752 2123 2035 2153 excommunicati
2055 2132 2120 2152 non
2139 2123 2263 2153 suerint
2276 2132 2335 2153 nec

1324 2186 1459 2206 causam
1479 2176 1633 2206 dederint
1655 2176 1843 2210 interdicto,
1863 2175 2032 2211 audiendi,
2051 2178 2080 2206 te
2100 2178 2268 2214 presente,
2288 2177 2335 2205 di—

1324 2230 1401 2259 vina
1418 2229 1529 2259 officia
1549 2229 1582 2259 in
1600 2229 1670 2258 illis
1687 2228 1843 2258 ecclesiis
1862 2227 2034 2266 inquibus
2051 2230 2193 2266 possunt
2210 2237 2251 2258 ex
2269 2229 2334 2266 pri-

1325 2283 1458 2322 vilegiis
1496 2283 1587 2313 sedis
1625 2281 1811 2320 apostolice
1843 2283 1921 2311 tunc
1957 2282 2120 2319 temporis
2158 2281 2331 2317 celebrari⁷

1324 2337 1496 2366 licentiam
1512 2336 1626 2365 valeas
1640 2335 1818 2374 impertiri.
1836 2335 1994 2364 Preterea
2010 2333 2219 2367 absolvendi,
2230 2343 2288 2372 per
2303 2337 2333 2364 te

1325 2391 1376 2420 vel
1396 2399 1454 2429 per
1473 2389 1578 2419 alium
1598 2398 1657 2419 seu
1676 2388 1773 2424 alios
1795 2396 1852 2418 eos
1867 2388 1924 2426 qui
1942 2389 2055 2418 contra
2070 2387 2332 2426 prohibitionem

1323 2444 1472 2482 predicte
1497 2442 1588 2473 sedis
1607 2442 1659 2472 vel
1682 2442 1868 2479 legatorum
1886 2441 1969 2479 ejus,
1988 2440 2203 2479 sepulchrum
2221 2441 2331 2470 Domi-

1324 2497 1436 2527 nicum
1463 2496 1656 2527 visitarunt,
1685 2504 1722 2524 ac
1739 2495 1816 2524 illos
1844 2494 1901 2532 qui
1924 2495 2140 2533 portaverunt
2161 2494 2169 2510 ¹
2195 2494 2334 2528 ferrum,

1324 2558 1427 2586 arma,
1446 2549 1632 2587 lignamina
1648 2549 1680 2577 et
1699 2556 1828 2577 merces
1846 2546 2036 2585 prohibitas
2053 2546 2259 2583 Sarracenis,
2280 2547 2333 2576 vel

1324 2603 1409 2634 alias
1428 2603 1544 2632 contra
1562 2600 1765 2631 christianos
1781 2600 1945 2629 dederunt
1961 2600 2010 2630 eis
2028 2599 2221 2636 consilium,
2239 2600 2335 2630 auxi·

1324 2656 1408 2686 lium
1425 2655 1477 2685 vel
1507 2655 1675 2688 favorem3
1702 2652 1871 2692 quoslibet
1887 2653 1988 2683 etiam
2010 2653 2151 2683 clericos
2169 2654 2203 2682 in
2227 2653 2335 2692 prela-

1324 2709 1422 2745 turis,
1437 2706 1659 2747 dignitatibus
1671 2706 1724 2737 vel
1735 2705 2194 2745 personatibusconstitutos,
2205 2715 2335 2737 necnon

1323 2761 1541 2801 presbyteros
1556 2760 1625 2799 qui,
1642 2761 1758 2790 contra
1778 2759 2054 2789 constitutionem
2070 2759 2223 2794 ecclesie,
2243 2759 2335 2799 leges

1324 2815 1377 2846 vel
1410 2814 1588 2853 physicam
1622 2812 1835 2848 audiverunt,
1873 2811 1914 2842 ab
1945 2813 2334 2843 excommunicationum

1357 2929 1377 2952 1.
1396 2927 1433 2952 Ce
1450 2929 1506 2951 mot
1524 2928 1567 2951 est
1586 2927 1679 2958 ajout&
1700 2933 1732 2951 en
1750 2933 1856 2957 inarge.
