2547 3289
1073 286 1303 323 ramnum-2
1326 287 1491 323 Annua.

248 378 419 409 tendentes
447 379 556 408 autem
572 377 660 416 quod
678 378 712 406 in
728 379 758 406 te
775 377 926 415 geniture
942 375 1105 405 maculam
1124 374 1258 405 virtutis

248 432 351 461 decus
364 431 551 470 abstergere
569 429 690 459 dicitur
707 430 792 459 etex
808 431 939 459 tuorum
950 429 1111 468 pudicitia
1127 436 1257 458 morum

246 484 353 522 pudor
365 483 507 522 originis
520 482 658 516 aboleri,
675 484 706 512 te
717 482 756 512 de
773 482 952 521 apostolice
970 482 1141 520 potestatis
1154 481 1257 520 pleni-

245 536 360 566 tudine
390 535 613 574 legitiinitatis
640 535 734 565 titulo
763 536 821 565 dec
830 544 970 570 >ramus
996 535 1145 564 nolentes
1170 534 1257 572 quod

246 597 305 628 per
319 588 542 619 cassationem
559 588 731 618 electionis
740 588 889 627 ejusdem
899 588 984 617 fame
1001 587 1258 617 diminutionem

246 641 301 671 vel
316 642 430 672 notam
446 641 607 679 aliquam,
625 650 725 679 quam
749 649 791 671 ex
807 650 895 671 nunc
918 640 1054 680 penitus
1073 640 1257 674 abolen‘ius,

244 694 408 724 incurras.
422 695 556 728 Verum,
570 695 606 724 ut
621 694 885 724 benevolentiam
903 694 991 723 sedis
1004 694 1182 732 apostolice
1199 693 1256 722 tibi

245 747 371 777 sentias
394 747 532 777 uberius
554 747 746 786 gratiosam,
769 748 878 777 tecum
897 748 933 776 ut
953 746 1142 782 hujusmodi
1168 748 1258 775 nata-

245 800 328 830 lium
344 800 474 830 defectu
497 801 528 830 et
538 800 723 830 cassatione
741 800 910 838 predictis,
921 799 975 829 vel
991 799 1078 837 quod
1093 798 1257 827 abbatiam

245 853 442 883 monasterii
457 853 496 882 de
512 852 730 887 Midtleltone‚
744 852 928 891 prioratum
943 851 1212 880 XYintoniensem
1227 851 1259 879 et

245 905 462 944 quamplures
489 905 795 935 administrationes
823 905 871 934 tui
899 903 1027 934 ordinis
1053 903 1204 938 tenuisti,
1227 904 1269 943 et.

248 959 376 989 fructus
398 958 573 997 percepisti
601 966 643 988 ex
664 958 724 991 eis,
748 966 831 995 quos
848 957 909 986 tibi
940 957 978 986 de
995 957 1101 995 gratia
1119 956 1255 995 speciali

245 1012 459 1046 remittimus,
487 1019 547 1040 seu
576 1010 665 1049 quod
695 1010 729 1040 iu
756 1010 922 1048 susceptis
938 1010 1115 1040 ordinibus
1132 1009 1256 1048 absque

243 1064 430 1094 sufficiente
449 1063 700 1102 dispensatione
731 1063 820 1092 sedis
846 1062 1026 1101 apostolice
1056 1063 1256 1093 ministrasti

243 1125 454 1155 nequaquam
469 1116 690 1151 obstantibus,
709 1116 750 1146 ad
762 1116 957 1155 dignitatem
967 1116 1189 1154 episcopalem
1199 1125 1258 1154 per

242 1170 438 1201 electionem
448 1169 640 1200 canonicam
653 1178 711 1199 seu
720 1169 977 1208 postulationem
990 1169 1185 1199 concordem
1202 1171 1258 1199 aut

243 1224 310 1254 alio
327 1224 447 1262 quovis
464 1223 621 1252 canonico
637 1222 734 1252 modo
749 1222 854 1252 libere
866 1223 976 1260 possis
993 1223 1132 1256 assumi,
1148 1224 1257 1252 aucto-

243 1277 338 1306 ritate
353 1275 559 1315 presentium
572 1276 612 1305 de
623 1275 760 1314 speciali
778 1276 883 1314 gratia
899 1275 1145 1314 dispensamus.
1163 1276 1258 1305 Nulli

242 1337 320 1367 ergo
336 1330 446 1359 nostre
458 1328 721 1367 dispensationis
732 1330 791 1358 etc.
807 1328 930 1358 Datum
947 1329 1100 1358 Viterbii.
1116 1339 1138 1357 11
1154 1337 1256 1359 nonas

241 1382 331 1420 julii,
351 1391 437 1412 anno
454 1382 572 1420 primo.
597 1394 610 1408 n

851 1552 976 1584 Viterbe,
992 1553 1006 1576 *2
1020 1551 1082 1586 juin
1107 1553 1181 1578 1262.

317 1553 386 1584 114

276 1631 398 1658 Guidoni
415 1631 448 1657 de
467 1631 606 1657 Borbonio
624 1631 750 1665 indulget
775 1633 805 1657 ut
822 1639 910 1664 usque
931 1631 966 1657 ad
983 1633 1104 1665 quatuor
1124 1634 1254 1666 tempora

241 1680 350 1707 mensis
367 1680 540 1714 septembris
556 1679 687 1713 proximo
699 1679 798 1710 futuri,
810 1680 1024 1714 presbyteratus
1040 1680 1171 1706 ordinem
1184 1681 1253 1707 reci-

241 1737 306 1764 pere
325 1729 367 1755 vel
385 1729 572 1755 residentiam
593 1728 686 1755 facere
705 1728 733 1755 in
750 1729 871 1755 ecelesia
888 1729 1112 1763 {tornomagensi
1130 1730 1252 1756 minime

239 1780 382 1804 teneatur.
401 1778 480 1807 (Rae.
498 1778 540 1809 26,
558 1776 607 1803 l'ol.
627 1778 657 1802 ¹27
674 1781 714 1807 νῦ,
730 1781 761 1802 n⁰
779 1777 852 1810 1¹2.)

279 1865 410 1895 Gnidum*
429 1864 465 1894 de
489 1865 650 1900 Borbonio,
679 1864 835 1904 capellano
853 1870 966 1901 nostro,
990 1866 1138 1895 avunculo
1157 1869 1247 1896 varis-

238 1919 305 1948 simi
322 1919 354 1948 in
374 1918 495 1948 Clzriseo
511 1918 572 1956 filli
586 1918 683 1946 nostri
703 1941 726 1947 ..
748 1917 875 1946 illustris
899 1918 978 1957 repis
995 1919 1146 1955 Navarre,
1164 1921 1248 1949 comi-

239 1972 278 2001 tis
297 1971 462 2011 Campanie
484 1981 519 2000 ac
544 1970 627 2004 Brie,
649 1970 764 1999 decano
784 1970 1028 2010 llollzomaqensi.
1048 1973 1167 2003 l'etitio
1193 1975 1249 2003 tua

239 2024 335 2055 nobis
350 2023 496 2054 exhibita
511 2023 700 2054 continebat
724 2024 823 2062 quod,
841 2032 916 2053 cuni
932 2025 1134 2055 venerabilis
1149 2026 1249 2056 frater

239 2078 377 2107 noster..
398 2076 669 2115 archiepiscopus
687 2076 978 2115 Rothomagensis.
1004 2078 1184 2116 recepisset
1208 2079 1248 2109 ab

237 2130 419 2169 apostolica
433 2129 510 2159 sede
530 2129 659 2159 litteras
684 2129 891 2160 continentes
908 2133 944 2160 ut
961 2132 990 2160 te
1007 2131 1048 2160 ad
1064 2132 1248 2170 suscipien-

234 2183 314 2213 dum
328 2183 561 2221 ordines,quos
573 2182 753 2213 decanatus
762 2183 810 2212 tui
822 2183 1101 2222 Rotliomagensis
1111 2185 1248 2215 ecclesie

236 2244 316 2266 cura
329 2235 481 2274 requirit,
493 2237 524 2266 et
541 2235 581 2265 ad
598 2236 786 2266 faciendum
805 2236 1016 2275 personalem
1033 2238 1249 2268 residentiam

1289 397 1291 411 t

1289 413 1290 424 i

2288 302 2325 328 35»

1321 383 1400 405 vero
1420 376 1506 406 infra
1522 377 1621 406 unius
1637 378 1715 407 anni
1733 379 1875 416 spatium
1889 382 1962 418 post
1974 380 2164 418 hujiismodi
2182 383 2329 421 tempora

1321 437 1388 458 non
1405 429 1592 468 susciperes
1612 431 1745 461 eosdem
1764 432 1910 467 ordines,
1928 434 2048 462 extunc
2067 434 2254 472 resignares
2274 435 2327 464 de-

1322 482 1475 511 canatum
1491 483 1631 513 eundem
1649 484 1680 514 ct
1697 493 1755 522 pro
1773 485 1937 523 resignato
1953 486 2102 521 haberes
2121 487 2165 516 ita
2187 488 2275 526 quod
2296 488 2327 517 in

1321 535 1392 573 ipso
1417 535 1519 564 nichil
1542 535 1600 565 tibi
1619 536 1706 574 jilris
1731 546 1846 575 posses
1862 538 2002 568 ulterius
2031 539 2218 577 vendicare,
2237 542 2268 571 et
2289 542 2329 570 ad

1321 588 1484 626 premissa
1500 589 1663 618 servanda
1680 590 1766 620 etad
1784 591 1997 621 residentiam
2015 592 2048 621 in
2066 593 2213 631 predicta
2229 594 2329 624 eccle-

1322 640 1372 670 sia
1389 640 1574 671 faciendam
1589 642 1685 680 juxta
1706 643 1948 673 ordinationei‘n
1966 646 1996 673 et
2012 645 2184 675 arbitrium
2212 647 2330 685 prefati

1321 693 1559 733 archiepiscopi
1586 696 1757 733 prestitisti
1781 697 1996 735 corporaliter
2020 698 2256 735 juramentum,
2283 708 2330 729 re-

1322 746 1456 776 nutians
1492 747 1731 777 nichilominus
1769 749 1924 779 omnibus·
1958 750 2096 785 litteris,
2130 752 2327 791 privilegiis,

1321 799 1436 836 gratiis
1453 801 1484 829 et
1500 800 1717 838 indulgentiis
1734 802 1978 841 su1·e1·l1ocper
1994 805 2022 833 te
2038 804 2090 833 vel
2107 804 2211 834 alium
2224 814 2242 834 a
2255 805 2331 835 sede

1320 851 1501 890 apostolica
1527 854 1709 891 impetratis
1734 854 1785 883 vel
1811 855 1909 884 etiam
1927 856 2157 894 impetrandis,
2178 858 2276 887 etiam
2302 859 2330 888 si

1289 904 1290 913 ¹
1321 912 1358 933 ea
1383 905 1640 935 concederemus
1668 914 1708 935 ex
1734 907 1843 936 ostii-io
1870 909 1981 938 nostro
1999 911 2029 938 et
2054 910 2279 940 contineretur
2297 911 2329 940 in

1320 956 1403 995 ipsis
1419 957 1505 994 quod
1524 966 1623 996 super
1640 958 1701 988 hoc
1718 960 1950 998 procederetur
1963 962 2013 991 vel
2028 962 2214 993 obtinerent
2230 964 2331 994 robur

1320 1009 1693 1048 firmitatis‚jura1nento
1710 1011 1903 1050 hujusmodi
1916 1022 1979 1043 non
1997 1014 2159 1051 obstante,
2176 1025 2212 1045 ac
2228 1018 2258 1046 te
2274 1025 2329 1046 su-

1318 1070 1376 1100 per
1387 1062 1451 1092 biis
1462 1063 1663 1093 ordinationi
1676 1065 1849 1095 memorati
1862 1065 2101 1106 archiepiscopi
2114 1068 2326 1104 summisisti,

1320 1114 1366 1144 ita
1379 1115 1466 1153 quod
1480 1117 1510 1145 te
1527 1116 1723 1154 compellere
1736 1120 1845 1156 posset
1859 1118 1899 1147 ad
1913 1118 2179 1150 observationem
2193 1121 2330 1160 premis-

1320 1172 1434 1193 sorum
1462 1164 1667 1195 districtione
1693 1174 1757 1203 qna
1783 1168 1933 1196 nosceret
1960 1169 2126 1206 expedire.
2156 1170 2329 1200 Predictus

1321 1218 1430 1246 autem
1456 1217 1728 1255 archiepiscopus
1753 1219 1987 1250 determinavit
2013 1222 2044 1250 et
2061 1221 2239 1252 arbitratus
2268 1223 2330 1252 suit

1319 1270 1408 1307 quod
1436 1270 1471 1300 in
1499 1270 1615 1300 eadem
1646 1271 1786 1301 ecclesia
1819 1272 1962 1310 singulis
1992 1273 2089 1303 annis
2118 1283 2176 1312 per
2206 1277 2329 1313 septem

1320 1331 1452 1352 menses
1478 1323 1687 1361 personalem
1712 1324 1926 1354 residentiam
1954 1325 2056 1355 facias
2070 1327 2163 1364 juxta
2189 1327 2329 1357 formam

1320 1384 1420 1414 qnam
1446 1375 1596 1405 canonici
1623 1377 1773 1415 ejusdem
1800 1377 1938 1408 ecclesie
1966 1378 2120 1409 denarios
2146 1380 2185 1410 de
2210 1381 2329 1419 Anglia

1319 1428 1519 1467 percepturi,
1538 1431 1781 1460 consueverunt
1804 1431 1838 1460 in
1854 1431 2001 1468 predicta
2017 1432 2156 1463 ecclesia
2173 1434 2327 1464 residere.

1321 1481 1430 1516 Quare
1448 1481 1546 1511 nobis
1568 1482 1740 1513 hmniliter
1767 1483 1963 1522 supplicasti
1989 1485 2034 1519 ut,
2053 1494 2126 1515 cum
2145 1486 2179 1516 in
2197 1488 2329 1517 statutis

1319 1534 1359 1563 ad
1384 1535 1445 1564 hoc
1461 1535 1669 1573 temporibus
1697 1538 1727 1565 te
1745 1536 1864 1566 feceris
1889 1537 1929 1567 ad
1956 1537 2150 1568 diaconatus
2178 1540 2327 1570 ordinem

1317 1587 1517 1627 promoveri,
1538 1597 1638 1626 super
1658 1589 1719 1618 hoc
1739 1589 1914 1628 providere
1931 1590 1991 1620 tibi
2010 1592 2145 1629 paterna
2167 1593 2327 1623 sollicitu-

1318 1640 1389 1670 dini
1413 1649 1616 1670 curaremus.
1636 1641 1720 1671 Tuis
1742 1642 1854 1680 itaque
1872 1643 2000 1672 devotis
2027 1644 2326 1682 supplicationibus

1316 1693 1477 1729 inclinati,
1496 1693 1645 1724 volentes
1657 1703 1756 1733 super
1771 1694 1831 1724 boc
1848 1695 1907 1725 tibi
1921 1697 2060 1734 gratiam
2078 1697 2184 1728 facere
2202 1699 2324 1737 specia-

1316 1748 1393 1781 lem,
1414 1747 1474 1776 tibi
1503 1747 1542 1776 de
1576 1747 1713 1776 fratrum
1747 1750 1935 1778 nostrorum
1965 1749 2104 1779 consilio
2132 1752 2323 1782 auctoritate

1314 1799 1518 1838 presentium
1542 1799 1755 1838 indulgemus
1771 1802 1806 1830 ut
1825 1809 1932 1840 usque
1954 1802 1995 1831 ad
2011 1804 2151 1840 quatuor
2174 1805 2322 1843 tempora

1312 1853 1440 1882 mensis
1458 1852 1658 1890 septembris
1674 1853 1824 1891 proximo
1851 1854 1954 1884 futuri
1970 1855 2208 1893 presbiteratus
2232 1858 2319 1888 ordi-

1312 1914 1387 1935 nem
1402 1905 1548 1943 recipere
1560 1905 1611 1935 vel
1628 1905 1841 1936 residentiam
1855 1907 1962 1937 facere
1977 1907 2011 1937 in
2023 1909 2170 1946 predicta
2179 1910 2318 1941 ecclesia

1310 1958 1448 1988 minime
1461 1958 1616 1993 tenearis,
1630 1959 1879 1998 restituenteste
1893 1960 2130 1991 nichilominus
2141 1963 2184 1992 ad
2195 1963 2316 1993 famam

1310 2011 1338 2041 si
1357 2019 1420 2041 non
1441 2010 1616 2041 residendo
1633 2011 1852 2049 personaliter
1871 2012 1906 2042 in
1928 2013 2054 2052 prefata
2069 2014 2208 2045 ecclesia
2222 2017 2318 2054 juxta

1310 2063 1619 2093 determinationem
1632 2065 1664 2093 et
1685 2064 1861 2094 arbitrium
1889 2065 2038 2104 ejusdem
2062 2068 2315 2108 archiepiscopi,

1311 2117 1421 2147 notam
1442 2116 1581 2155 perjurii
1613 2117 1750 2148 forsitan
1775 2118 1957 2152 incurristi,
1987 2119 2032 2149 ita
2057 2121 2146 2158 quod
2172 2130 2231 2160 per
2257 2122 2318 2152 hoc

1310 2170 1502 2209 hujusmodi
1518 2171 1594 2199 nota
1612 2179 1670 2200 seu
1698 2170 1834 2201 infamia
1853 2171 1913 2201 tibi
1930 2181 1997 2202 non
2021 2174 2125 2210 possit
2145 2174 2317 2213 injudicio

1278 2227 1279 2245 ἰ
1310 2224 1361 2253 vel
1377 2224 1469 2253 extra
1487 2223 1653 2261 judicium
1678 2223 1848 2259 obici,nec
1864 2233 1964 2263 super
1983 2227 2192 2265 perceptione
2216 2228 2316 2258 dicto-

235 2289 270 2319 in
294 2289 409 2319 eodem
426 2297 485 2328 per
506 2288 764 2319 subtractionem
786 2291 1009 2327 proventuum
1027 2290 1176 2328 ejusdem
1197 2292 1248 2321 de-
1279 2305 1280 2311 1

235 2342 384 2376 canatus,
408 2341 590 2371 monitione
613 2341 1022 2380 premissa,appellatione
1053 2344 1245 2382 postposita,

231 2394 405 2427 coartaret,
425 2393 512 2424 idem
529 2394 800 2433 archiepiscopus
816 2395 1015 2433 pretendens
1031 2397 1119 2434 quod
1135 2397 1176 2427 ad
1191 2397 1247 2427 hu.

229 2446 379 2484 jusmodi
392 2446 526 2476 ordines
541 2448 570 2476 te
582 2448 773 2485 promoveri
788 2457 853 2478 non
865 2448 991 2479 feceras
1006 2458 1064 2479 nec
1077 2450 1248 2480 resederas

235 2499 270 2529 in
296 2499 437 2529 ecclesia
454 2500 656 2538 supradicta,
675 2502 858 2539 proventus
883 2502 1017 2532 eosdem
1032 2502 1093 2532 tibi
1119 2503 1247 2533 subtra-

234 2552 362 2582 hendos
378 2560 451 2582 esse
467 2552 612 2582 decrevit
631 2553 824 2583 auctoritate
840 2553 1030 2592 hujusmodi
1048 2555 1245 2586 litterarum.

232 2605 451 2636 Postmodum
467 2606 576 2635 autem
593 2606 629 2635 tu
646 2614 704 2644 per
719 2608 880 2644 quantum
896 2608 1027 2646 tenipus
1051 2609 1173 2638 teneris
1198 2617 1245 2639 re-

232 2658 410 2688 sidentiam
430 2658 538 2688 facere
556 2657 588 2687 in
606 2658 754 2696 predicta
770 2659 1133 2695 ecclesia‚ordinationi
1148 2662 1179 2691 et
1195 2670 1245 2691 ar-

230 2710 331 2741 bitrio
346 2710 495 2749 ejusdem
511 2710 752 2750 archiepiscopi
769 2713 800 2741 te
816 2713 1039 2747 summit-tens,
1059 2714 1246 2752 promisisti

229 2763 317 2803 quod
339 2763 425 2793 infra
451 2764 576 2793 certum
594 2764 774 2793 terminum
796 2765 835 2793 ad
860 2765 1055 2796 diaconatus
1072 2767 1103 2797 et
1119 2756 1159 2796 in
1177 2767 1243 2797 ins-

230 2816 377 2847 tantibus
390 2817 467 2846 tunc
481 2816 689 2854 temporibus
706 2816 773 2847 diei
789 2817 917 2847 sabbati
932 2819 1007 2856 post
1024 2819 1146 2849 festum
1160 2819 1243 2850 Pen-

228 2870 371 2900 tecostes
387 2869 428 2900 ad
445 2869 683 2907 presbiteratus
701 2869 835 2899 ordines
851 2871 881 2899 te
896 2870 1022 2901 faceres
1040 2872 1242 2910 promoveri,

229 2922 379 2961 alioquin
405 2931 444 2952 ex
471 2923 549 2952 tunc
571 2922 755 2961 capitulum
773 2923 922 2960 ejusdem
944 2923 1102 2954 eccclesie
1127 2932 1243 2954 omnes

1311 2284 1384 2305 rum
1409 2276 1578 2306 fructuum
1594 2278 1624 2306 et
1650 2277 1839 2307 reddituum
1857 2278 1963 2316 ipsius
1980 2279 2160 2310 decanatus
2183 2281 2316 2319 aliquod

1309 2329 1530 2367 prejudicium
1545 2329 1697 2367 generari
1715 2330 1768 2360 vel
1794 2330 2001 2361 obstaculum
2021 2332 2197 2371 interponi.
2214 2334 2317 2363 Nolu-

1309 2389 1385 2411 mus
1394 2383 1505 2411 autem
1516 2381 1576 2411 tibi
1586 2382 1727 2420 gratiani
1737 2383 1927 2421 hujusmodi
1942 2384 2127 2423 suffragari,
2137 2386 2316 2424 ‹pmminus

1310 2435 1350 2464 ad
1378 2434 1629 2473 suscipiendum
1661 2435 1695 2465 in
1724 2436 1847 2465 eisdem
1883 2437 2089 2475 temporibus
2123 2438 2314 2477 hujusmodi

1278 2504 1279 2509 =
1309 2488 1547 2518 sacerdotalem
1566 2488 1716 2518 ordinem
1734 2490 1764 2518 et
1791 2488 1832 2518 ad
1853 2489 2066 2519 residendum
2084 2492 2160 2520 tunc
2184 2491 2218 2521 in
2245 2492 2316 2530 ipsa

1308 2540 1460 2575 ecclesia,
1475 2542 1573 2579 prout
1591 2541 1713 2571 teneris
1724 2541 1818 2579 juxta
1834 2541 2077 2572 ordinationem
2088 2543 2194 2581 ipsius
2210 2545 2314 2574 archi—

1278 2615 1279 2620 ,
1308 2593 1468 2632 episcopi,
1487 2594 1634 2632 eJ'usdem
1655 2594 1842 2632 juramento
1866 2595 1998 2625 vinculo
2022 2596 2069 2625 sis
2086 2597 2240 2626 astrictus
2266 2615 2310 2627 —i

230 2976 360 3006 fructus
388 2976 418 3005 et
446 2975 594 3005 redditus
619 2975 765 3013 ejusdem
791 2976 973 3014 perciperet
997 2976 1186 3006 decanatus.
1205 2977 1240 3008 Si
1273 2989 1275 2997 t

1311 2647 1431 2676 Datum
1447 2646 1601 2682 Viterbii,
1619 2656 1666 2676 1111
1686 2656 1791 2676 nonas
1804 2648 1903 2685 Junii,
1923 2656 2009 2677 anno
2028 2649 2146 2686 primo.
2174 2662 2188 2676 n

1378 2809 1446 2838 115

1857 2808 1980 2841 Viterne,
2002 2811 2038 2833 ίετ
2050 2809 2147 2845 juillet
2166 2812 2242 2837 1262.

1343 2886 1506 2920 Reginaldo,
1528 2887 1603 2912 dicto
1625 2887 1860 2920 Carumtempus,
1881 2889 2010 2915 concedit
2031 2892 2060 2915 ut
2082 2893 2196 2924 praeter
2217 2892 2312 2919 archi-

1306 2933 1489 2960 diaconatum
1504 2933 1612 2960 Bclsiae
1629 2934 1657 2960 in
1668 2933 1789 2960 eeclesia
1804 2935 2015 2970 Aureliunensi,
2030 2945 2129 2964 curam
2145 2939 2311 2966 animarum

1306 2982 1470 3014 habentem,
1494 2982 1610 3008 unicum
1632 2982 1724 3008 adhuc
1744 2983 1972 3010 ecclesiasticum
1993 2985 2174 3019 beneficium,
2195 2988 2311 3015 etiamsi
