2547 3289
241 279 303 316 ipsi
323 278 402 313 Deo,
428 277 513 305 sicut
534 277 563 304 te
593 274 759 303 eredimus
779 282 889 307 nosse,
907 272 1105 310 displiceant
1125 272 1155 300 et
1175 279 1246 299 ver-

240 333 315 369 gant
334 331 364 359 in
386 329 471 358 dicte
490 328 580 357 sedis
599 326 828 365 obprobrium,
848 324 911 354 sub
924 325 1019 362 cujus
1034 333 1114 353 cura
1131 325 1246 362 etpro-

240 383 382 413 tectione
401 382 555 411 universe
575 382 640 409 tam
659 379 808 417 predicta
828 387 927 416 quam
949 379 1056 407 cetere
1081 376 1173 407 orbis
1197 385 1246 406 ec-

240 437 353 469 clesie,
389 434 529 464 Domino
557 433 766 470 disponente,
799 430 998 465 consistunt,
1038 429 1246 459 nobilitatem

241 490 329 519 tuam
362 495 519 523 rogamus
546 487 578 515 et
607 485 781 514 hortamur
810 485 937 514 attente
970 483 1130 521 quatinus
1160 482 1247 520 apud

240 542 380 571 eundem
403 541 516 569 natum
543 542 649 571 tuum,
671 538 795 576 quoda
819 535 1056 566 vexationibus
1076 537 1107 566 et
1128 535 1248 565 moles-

239 595 296 624 tiis
314 593 454 623 ecclesie
469 593 652 622 memorate
666 591 800 629 penitus
811 590 1039 628 conquiescat,
1054 589 1248 626 interponas

240 647 364 677 et'tieaei
388 646 499 675 studio
518 646 631 683 partes
650 645 737 677 tuas,
756 644 802 673 ita
819 643 909 681 quod
927 642 1049 672 exinde
1068 642 1174 680 possit
1191 642 1248 670 tua

239 700 371 730 devotio
396 699 516 729 merito
540 697 780 733 commendari,
807 705 865 725 nec
889 696 1041 734 oporteat
1068 703 1169 733 super
1188 694 1249 723 hoc

238 762 297 791 per
321 752 541 791 apostolicam
566 750 812 789 providentiam
832 749 923 779 aliud
941 748 1127 778 remedium
1158 746 1249 776 adhi-

238 805 321 841 beri,
341 805 419 843 quia
438 804 584 833 tinaliter
603 811 667 833 non
681 810 861 841 possemus
878 802 1008 831 tantum
1025 800 1178 839 ejusdem
1196 808 1249 829 ee-

238 858 340 888 clesie
359 857 575 896 dispendium
595 855 819 894 equanimiter
834 854 990 884 tolerare.
1012 854 1137 883 Datum
1160 852 1248 890 apud

239 911 527 946 Urbemveterem,
542 919 583 938 xv
599 908 761 939 kalendas
781 907 981 943 decembris,
999 915 1084 936 anno
1101 906 1170 936 1110.
1193 916 1207 934 ))

328 1101 400 1132 452
875 1095 908 1123 28
925 1095 1079 1121 novembre
1102 1094 1176 1121 1263.

276 1184 402 1216 Petrum,
430 1182 573 1217 quondam
601 1181 725 1215 priorem
748 1181 774 1206 S
800 1179 905 1211 Quirici
934 1178 1051 1210 Lucani,
1075 1177 1248 1204 monachum

237 1231 403 1259 monasterii
436 1230 602 1264 (tusae-Dei,
635 1230 661 1256 in
693 1229 826 1255 abbatem
860 1227 1037 1255 monasterio
1067 1227 1248 1261 Ageduuensi

237 1281 374 1316 praeficit.
389 1280 469 1315 (lino.
488 1282 533 1313 2²8,
556 1279 603 1305 sol.
626 1280 664 1309 17,
686 1286 751 1304 ann.
770 1278 814 1307 Ill,
830 1283 859 1303 ιιο
877 1277 935 1309 55.)

278 1399 291 1417 ‹<
312 1388 412 1423 Pell-0,
430 1386 532 1416 abbati
551 1385 726 1415 monasterii
743 1383 962 1422 .-'lchuncnsis‚
982 1381 1098 1411 ordinis
1115 1392 1138 1410 s.
1158 1381 1249 1410 Bene-

236 1441 320 1477 dicti,
349 1439 563 1470 LcmovicensiS
584 1438 719 1468 diocesis.
741 1438 870 1475 Sponso
888 1435 1003 1465 celesti
1021 1435 1078 1473 qui
1094 1452 1144 1463 -.
1163 1434 1248 1464 Sane

236 1494 441 1525 monasterio
462 1491 678 1531 Agedunensi
694 1491 819 1520 dudum
840 1489 972 1519 abbatis
995 1488 1159 1526 regimine
1176 1487 1248 1517 des-

235 1548 347 1583 tituto,
368 1547 481 1577 dilecti
508 1545 608 1582 tilii..,
628 1544 720 1583 prior
743 1545 773 1573 et
799 1544 984 1572 conventus
1009 1541 1161 1579 ejusdem
1177 1540 1247 1570 Ste-

235 1600 394 1639 phanum,
421 1599 546 1629 dictum
577 1596 755 1632 manliam,
779 1596 887 1635 ipsius
916 1594 1113 1624 monasterii
1137 1602 1248 1623 mona-

236 1654 345 1689 chum,
358 1653 390 1683 in
409 1652 563 1682 abbatem
582 1660 697 1681 eorum
711 1652 741 1680 et
760 1649 910 1688 ejusdem
927 1648 1136 1682 monasterii,
1148 1648 1247 1685 prout

236 1707 438 1745 accepimuS,
451 1705 660 1735 concorditer
673 1704 857 1742 elegerunt.
870 1702 934 1732 Sed
951 1702 1030 1740 quia
1043 1700 1248 1731 venerabilis

238 1750 339 1790 frater
366 1761 517 1795 noster„
544 1758 723 1796 episcopus
738 1755 1002 1789 LemovicensiS,
1019 1754 1082 1784 loci
1101 1754 1248 1783 diocesa-

237 1822 311 1849 nus,
335 1813 562 1852 presentatum
582 1810 646 1840 sibi
666 1809 863 1840 electionem
879 1807 1085 1847 hujusmodi,
1105 1815 1164 1845 per
1180 1808 1248 1836 tres
1278 1822 1280 1848 ς

237 1877 371 1898 meuses
386 1868 417 1897 et
435 1866 592 1904 amplius,
608 1865 639 1894 in
657 1864 807 1902 ipsorum
820 1862 979 1900 Stephani
999 1862 1030 1891 et
1049 1860 1248 1890 monasterii

237 1920 475 1960 prejudicium,
498 1919 697 1948 confirmare
725 1926 784 1955 pro
818 1925 878 1945 sua
910 1915 1080 1945 voluntate
1102 1913 1247 1948 distulit,

238 1974 327 2003 idem
354 1973 554 2011 Stephanus,
576 1970 725 2000 sentiens
745 1978 784 1999 ex
804 1969 863 1998 hoc
885 1967 1032 1997 indebito
1052 1976 1087 1995 se
1104 1967 1246 2005 gravari,

238 2079 432 2118 hujusmodi
463 2077 688 2116 appellatione
719 2076 922 2112 contempta,
950 2074 1108 2103 dilectum
1141 2072 1248 2101 tilium

239 2133 461 2164 Guilleluuun
481 2130 632 2165 Arnaldi,
648 2129 801 2159 abbatem
818 2127 1016 2157 monasterii
1034 2125 1249 2155 Aureliacen-
1279 2137 1280 2142 ι

239 2187 300 2222 siS,
319 2183 608 2216 tjlaromontensis
627 2182 783 2216 diocesis,
804 2183 880 2211 tunc
899 2179 1097 2209 monachum
1117 2186 1249 2208 monas-

239 2239 316 2270 terii
338 2248 364 2267 s.
395 2236 565 2267 Marcialis
592 2234 857 2269 LemovicensiS,
881 2232 1021 2272 predicti
1047 2230 1187 2266 ordinis,
1209 2230 1248 2260 de

240 2292 338 2325 facto,
353 2300 427 2320 cum
447 2290 486 2319 de
500 2290 575 2329 jure
594 2297 658 2318 non
675 2288 800 2326 posset,
818 2286 926 2316 eidem
945 2284 1149 2315 monasterio
1166 2285 1250 2321 Age—

241 2344 382 2375 dunensi
404 2343 543 2382 presecit
559 2341 758 2372 auctoritate
773 2339 911 2379 propria
928 2339 960 2368 in
977 2337 1143 2368 abbatem.
1156 2338 1250 2366 I‘ost-
1280 2355 1281 2358 =

239 2398 376 2428 modum
396 2405 486 2432 vero,
503 2396 619 2426 eodem
643 2395 696 2431 G„
718 2402 819 2424 causa
844 2391 1071 2431 prosequendi
1099 2390 1250 2429 predicte
1280 2390 1281 2394 ’

241 2451 415 2482 electionis
430 2449 613 2489 negotium,
634 2448 674 2478 ad
690 2447 803 2477 sedem
823 2445 1042 2485 apostolicam
1060 2444 1248 2479 accedente,
1280 2437 1281 2475 ἶ

241 2505 384 2535 dilectus
401 2504 491 2533 tilius
510 2503 623 2533 noster
639 2501 690 2537 O.,
709 2510 735 2531 S.
754 2500 894 2531 Adriani
913 2499 1074 2528 diaconus
1099 2497 1250 2527 cardina-

241 2557 297 2594 lis,
318 2566 416 2596 quem
447 2557 479 2586 in
504 2556 620 2586 eodem
645 2554 776 2593 negotio
800 2553 955 2583 dedimus
982 2551 1183 2583 auditorem,
1210 2550 1249 2579 de

242 2611 465 2649 appellatione
492 2609 641 2648 predicta
665 2607 814 2646 legitime
845 2606 989 2643 cognito,
1018 2603 1249 2643 pronuntiavit

241 2664 409 2702 prefatum
429 2663 595 2701 negotium
610 2670 667 2700 per
685 2660 945 2699 appellationem
966 2658 1104 2687 eandem
1120 2666 1195 2687 esse
1210 2657 1249 2686 ad

243 2717 355 2746 sedem
373 2717 479 2754 ipsam
499 2715 647 2752 legitime
663 2714 857 2744 devolutum
877 2722 913 2742 uc
933 2712 1021 2750 apud
1038 2720 1111 2741 eam
1128 2710 1248 2740 debere

242 2769 391 2800 tractari.
415 2770 553 2806 Propter
579 2767 667 2806 quod
686 2775 747 2796 nos
767 2766 908 2796 eundem
928 2765 968 2795 G.
988 2767 1019 2794 et
1044 2772 1171 2799 omnes,
1191 2763 1247 2802 qui

242 2831 303 2852 sua
331 2822 503 2851 crederent
531 2822 703 2855 iuteresse,
738 2828 796 2858 per
826 2819 956 2848 litteras
984 2820 1116 2847 nostras
1151 2816 1248 2846 citari

242 2876 523 2906 mandavimusut
538 2876 626 2903 certo
647 2873 789 2903 termino
808 2881 920 2902 eoram
941 2871 1037 2901 nobis
1053 2878 1247 2908 comparere

242 196 299 223 ωε)Ο
994 189 1060 218 ΗΕ(
1071 187 1236 218 usTRES
1263 187 1476 218 D’L'RBAIN
1506 187 1561 216 [v.

1308 271 1475 304 curarent,
1506 268 1626 298 facturi
1650 270 1681 298 et
1704 268 1872 307 recepturi
1900 277 2002 306 super
2032 268 2148 298 eodem
2183 268 2316 307 negotio

1277 330 1278 339 ¹
1308 322 1397 360 quod
1426 322 1506 351 ordo
1534 322 1731 360 exposceret
1760 320 1912 350 rationis.
1939 321 2043 350 Porro
2057 321 2257 359 jamdictum
2275 322 2313 351 (ι’.

1308 375 1501 413 supradicto
1519 374 1751 404 Aureliacensi
1772 374 2078 407 1nonasterio‚tunc
2095 375 2236 410 vacanti,
2249 383 2317 404 me-

1308 428 1363 457 dio
1389 429 1539 466 tempore
1564 428 1769 466 prefecimus
1793 427 1826 456 in
1855 426 2022 462 abbatem,
2048 426 2226 464 dictusque
2249 428 2319 457 Ste-

1308 480 1439 519 phanus
1465 481 1556 510 omni
1581 480 1661 519 juri,
1690 480 1778 518 quod
1804 479 1867 509 sibi
1898 488 1939 509 ex
1961 479 2130 517 sepedicta
2157 479 2319 509 electione

1309 534 1510 572 acquisitum
1543 534 1663 567 fuerat,
1689 533 1720 563 in
1744 532 1902 563 manibus
1923 532 2039 570 prefati
2060 531 2254 567 cardinalis,
2271 540 2318 561 re-

1309 586 1466 624 cipientis
1494 586 1533 615 de
1562 585 1720 615 mandato
1750 587 1865 615 nostro
1897 585 2084 615 cessionem
2114 584 2318 622 hujusmodi,

1309 640 1428 677 sponte
1457 639 1569 669 cessit.
1594 640 1718 668 Verum
1747 647 1819 672 nos,
1841 638 1881 667 ad
1901 638 2133 676 supradictum
2153 639 2319 666 monaste-

1309 692 1397 721 rium
1426 692 1661 730 Agedunense,
1689 700 1729 721 ne
1756 693 1893 730 propter
1920 691 2126 720 vacationem
2155 690 2322 719 diutinam

1309 745 1550 775 detrimentum
1568 745 1765 779 incurreret,
1784 743 1957 773 conversis
1975 743 2081 773 oculis
2099 745 2212 772 nostre
2231 750 2321 772 men-

1308 797 1365 834 tis,
1377 797 1537 836 quicquid
1553 806 1612 836 per
1628 797 1796 835 prefatum
1812 796 2009 835 episcopum
2031 796 2320 830 Lemovicensem‚

1309 852 1386 889 post
1403 851 1526 881 dictam
1541 850 1817 889 appellationem,
1839 851 2073 887 attemptatum
2089 850 2208 883 tuerat,
2226 856 2322 886 apos-

1308 904 1410 934 tolica
1429 903 1629 934 auctoritate
1651 906 1835 939 cassantes,
1854 903 1989 933 demum
2014 904 2058 936 te,
2078 904 2155 932 tunc
2174 901 2322 940 priorem

1309 966 1336 987 s.
1366 957 1495 992 Quirici
1523 957 1666 993 Lucani,
1694 956 1893 986 monachum
1922 955 2117 986 monasterii
2145 953 2321 990 Case-Dei,

1310 1010 1495 1049 supradicti
1525 1010 1666 1045 ordinis,
1683 1010 1812 1048 prefato
1828 1008 2045 1048 Agedunensi
2063 1007 2269 1038 monasterio
2289 1007 2323 1036 in

1310 1063 1465 1093 abbatem
1490 1064 1694 1101 prefecimus
1719 1063 1758 1092 de
1778 1062 1962 1101 apostolice
1984 1061 2194 1100 plenitudine
2213 1063 2325 1099 potes-

1310 1116 1401 1153 tatis,
1421 1116 1484 1146 tibi
1508 1116 1838 1145 administrationem
1860 1115 1969 1153 ipsius
1987 1114 2183 1144 monasterii
2203 1116 2270 1143 tam
2289 1113 2323 1142 in

1311 1169 1547 1208 spiritualibus
1569 1178 1669 1207 quam
1690 1168 1934 1207 temporalibus
1952 1168 2213 1203 committentes,
2228 1166 2324 1196 firma

1310 1224 1471 1261 concepta
1487 1221 1609 1252 fiducia
1627 1222 1726 1260 quod,
1750 1230 1825 1251 cum
1842 1222 1876 1251 tu
1896 1220 2047 1251 noscaris
2066 1228 2140 1250 esse
2158 1220 2325 1249 discretus

1310 1278 1341 1306 et
1371 1275 1533 1314 providus
1567 1284 1602 1305 ac
1638 1275 1824 1304 instructus
1860 1273 2077 1304 laudabiliter
2111 1272 2324 1312 regularibus

1310 1328 1479 1358 institutis
1503 1330 1535 1358 et
1563 1328 1595 1357 in
1621 1336 1737 1357 eorum
1759 1326 1974 1358 observantia
1990 1326 2175 1359 studiosus,
2197 1326 2324 1355 dictum

1310 1381 1554 1411 monasterium
1581 1381 1804 1420 Agedunense
1832 1389 1892 1418 per
1923 1379 2125 1409 industriam
2143 1380 2248 1413 tuam,
2276 1378 2324 1407 di-

1310 1434 1387 1464 vina
1414 1434 1547 1464 favente
1572 1434 1763 1469 clementia,
1786 1433 1816 1462 in
1840 1434 1964 1463 statum
1981 1432 2102 1462 salutis
2122 1431 2222 1470 dirigi
2241 1433 2273 1462 et
2291 1431 2324 1461 in

1309 1488 1484 1526 prosperis
1531 1487 1650 1518 debeat
1689 1487 1857 1526 ampliari.
1889 1486 2053 1521 Quocirca
2082 1485 2324 1515 discretionem

1308 1542 1401 1571 tuam
1419 1549 1578 1579 rogamus
1594 1543 1626 1571 et
1643 1540 1818 1571 hortamur
1835 1541 1972 1574 attente,
1991 1548 2050 1577 per
2069 1537 2325 1576 apostolia-aiibi

1310 1594 1438 1633 scripta
1453 1594 1597 1624 firmiter
1615 1593 1832 1632 precipiendo
1845 1593 2045 1623 mandantes
2063 1592 2224 1630 quatinus
2240 1599 2326 1621 onus

1310 1647 1487 1686 regin‘iinis
1514 1647 1655 1686 predicti
1679 1646 1875 1676 monasterii
1895 1645 2130 1684 Agedunensis
2149 1646 2259 1674 mente
2274 1643 2327 1674 de-

1310 1703 1387 1731 vota
1403 1703 1435 1731 et
1462 1701 1575 1731 animo
1594 1701 1786 1739 suscipiens
1803 1700 1983 1731 reverenti.
2003 1701 2035 1728 te
2053 1699 2086 1728 in
2106 1699 2222 1728 eodem
2242 1698 2324 1736 regi-

1311 1755 1400 1784 mine
1420 1754 1522 1784 talem
1546 1755 1644 1784 corde
1673 1754 1820 1783 sollicito
1838 1753 1975 1783 studeas
1999 1751 2169 1787 exhibere,
2189 1754 2223 1781 ut
2240 1760 2323 1790 grex

1310 1809 1365 1837 tue
1378 1817 1455 1837 cure
1466 1807 1684 1842 commissus,
1697 1807 1729 1837 in
1743 1809 1774 1837 te
1784 1806 1906 1836 salutis
1921 1805 2117 1835 ministrum
2133 1805 2322 1843 repperisse

1309 1861 1452 1900 gaudeat
1473 1862 1502 1891 et
1528 1861 1663 1891 tandem
1688 1862 1825 1899 propter
1848 1859 1907 1889 hoc
1935 1859 1996 1888 tibi
2021 1858 2187 1888 claritatis
2207 1859 2321 1887 eterne

1278 1933 1279 1962 ι
1309 1915 1425 1944 radius
1443 1915 1630 1944 illucescat.
1651 1914 1775 1944 Datum
1794 1913 1882 1951 apud
1904 1912 2192 1947 [rbemvetereim
2212 1921 2246 1940 ιιι
2269 1911 2324 1941 ka-

1278 1965 1279 1984 *
1309 1968 1425 1998 lendas
1443 1967 1641 2003 decembris,
1664 1976 1748 1997 anno
1767 1967 1877 1997 tertio.
1901 1977 1915 1995 ι)

238 2027 278 2057 ad
302 2026 414 2056 sedem
440 2024 659 2063 apostolicam
686 2022 882 2061 appellavit.
900 2022 942 2050 At
964 2020 1144 2058 episeopus
1164 2019 1248 2057 ipse,
1278 2034 1279 2040 .

1803 2115 1926 2142 orvieto.
1949 2117 1981 2142 22
2000 2115 2154 2141 novembre
2176 2115 2250 2141 1:¹3.

1350 2195 1386 2223 In
1406 2203 1422 2224 e
1442 2203 1511 2224 m...
1532 2193 1636 2232 priori
1656 2195 1686 2223 et
1711 2192 1889 2222 conventui
1913 2191 2109 2221 monasterii
2129 2191 2324 2229 Agedunen-

1311 2247 1370 2283 sis,
1415 2247 1543 2276 ordinis
1584 2256 1610 2275 s.
1652 2245 1838 2276 Benedicti.

1310 2302 1439 2339 Sponso
1463 2300 1579 2330 celesti
1608 2302 1670 2329 etc.
1694 2317 1741 2329 —.
1770 2299 1893 2329 Datum
1919 2299 2005 2337 apud
2034 2297 2321 2332 [1-ben1veterem,

1310 2363 1330 2383 x
1347 2353 1508 2384 kalendas
1523 2352 1724 2388 decembris,
1743 2361 1829 2381 anno
1847 2351 1916 2381 111⁰.

1875 2245 2127 2274 {minoricensis
2163 2243 2320 2273 diocesis.

1402 2545 1471 2575 453
1808 2540 1932 2567 Orvieto.
1950 2542 1984 2567 2³9
2001 2539 2155 2566 novembre
2175 2540 2250 2566 1203.

1346 2628 1446 2654 Abbati
1461 2630 1486 2653 et
1505 2627 1657 2654 conventui
1674 2626 1844 2653 monasterii
1864 2635 1886 2652 s.
1905 2625 2007 2658 Sergii.
2021 2624 2171 2651 bibliensis
2187 2623 2320 2654 diocesis,

1310 2677 1436 2711 indulget
1460 2679 1489 2703 ut
1513 2677 1585 2703 bona
1605 2684 1656 2702 sua
1676 2677 1709 2702 ‹le
1736 2675 1914 2701 civitatibus.
1937 2674 2040 2701 castris
2058 2676 2084 2700 et
2103 2673 2167 2700 aliis
2193 2672 2261 2699 locis
2277 2680 2323 2699 ex-

1309 2726 1395 2758 trahi,
1413 2734 1445 2752 ue
1467 2726 1527 2760 ipsa
1543 2733 1593 2759 per
1607 2727 1714 2751 terram
1731 2732 1779 2750 seu
1794 2732 1843 2758 per
1860 2731 1939 2750 mare
1955 2724 1990 2749 ad
2008 2722 2214 2749 monasterium
2226 2724 2254 2748 et
2264 2721 2321 2748 alia

1309 2775 1370 2801 loca
1390 2783 1450 2806 sua,
1468 2775 1527 2801 siue
1543 2774 1662 2808 alicujus
1679 2773 1855 2799 exhibitione
1873 2772 1984 2807 pedagii
2002 2771 2044 2797 vel
2061 2770 2179 2797 alterius
2195 2770 2323 2805 rei,quo-

1309 2832 1428 2858 cumque
1445 2823 1560 2849 nomine
1579 2824 1740 2848 censentur.
1765 2822 1858 2848 saa-ere
1875 2820 2020 2855 deportari
2039 2820 2160 2846 valeant.
2181 2819 2260 2846 «Rau.
2276 2818 2320 2849 28,

1310 2874 1357 2900 fol.
1379 2874 1407 2899 17
1424 2878 1460 2902 νο,
1477 2877 1508 2898 11⁰
1524 2873 1580 2905 56.)
