<?xml version="1.0" encoding="UTF-8"?>
<!DOCTYPE html PUBLIC "-//W3C//DTD XHTML 1.0 Transitional//EN"
    "http://www.w3.org/TR/xhtml1/DTD/xhtml1-transitional.dtd">
<html xmlns="http://www.w3.org/1999/xhtml" xml:lang="en" lang="en">
 <head>
  <title>
</title>
<meta http-equiv="Content-Type" content="text/html;charset=utf-8" />
  <meta name='ocr-system' content='tesseract 3.04.00' />
  <meta name='ocr-capabilities' content='ocr_page ocr_carea ocr_par ocr_line ocrx_word'/>
</head>
<body>
  <div class='ocr_page' id='page_1' title='image "./lesregistresdurb12cath/lesregistresdurb12cath_0116.png"; bbox 0 0 2547 3289; ppageno 0'>
   <div class='ocr_carea' id='block_1_1' title="bbox 176 280 234 310">
    <p class='ocr_par' dir='ltr' id='par_1_1' title="bbox 176 280 234 310">
     <span class='ocr_line' id='line_1_1' title="bbox 176 280 234 310; baseline -0.017 0"><span class='ocrx_word' id='word_1_1' title='bbox 176 280 234 310; x_wconf 80' lang='lat'>104</span> 
     </span>
    </p>
   </div>
   <div class='ocr_carea' id='block_1_2' title="bbox 165 353 1182 2622">
    <p class='ocr_par' dir='ltr' id='par_1_2' title="bbox 165 353 1182 2622">
     <span class='ocr_line' id='line_1_2' title="bbox 173 353 1179 393; baseline -0.009 -2"><span class='ocrx_word' id='word_1_2' title='bbox 173 360 379 391; x_wconf 79' lang='lat' dir='ltr'>matrimonii</span> <span class='ocrx_word' id='word_1_3' title='bbox 407 367 490 388; x_wconf 76' lang='lat' dir='ltr'>uxor</span> <span class='ocrx_word' id='word_1_4' title='bbox 515 357 599 393; x_wconf 83' lang='lat' dir='ltr'>viro,</span> <span class='ocrx_word' id='word_1_5' title='bbox 628 356 668 385; x_wconf 85' lang='lat' dir='ltr'>do</span> <span class='ocrx_word' id='word_1_6' title='bbox 694 356 836 385; x_wconf 79' lang='lat' dir='ltr'>fratrum</span> <span class='ocrx_word' id='word_1_7' title='bbox 862 362 1001 384; x_wconf 87' lang='lat' dir='ltr'>suorum</span> <span class='ocrx_word' id='word_1_8' title='bbox 1024 353 1179 389; x_wconf 90' lang='lat' dir='ltr'>consilio,</span> 
     </span>
     <span class='ocr_line' id='line_1_3' title="bbox 171 406 1178 449; baseline -0.008 -6"><span class='ocrx_word' id='word_1_9' title='bbox 171 413 367 443; x_wconf 85' lang='lat' dir='ltr'>auctoritate</span> <span class='ocrx_word' id='word_1_10' title='bbox 386 410 580 449; x_wconf 83' lang='lat' dir='ltr'>apostolica,</span> <span class='ocrx_word' id='word_1_11' title='bbox 596 408 846 438; x_wconf 78' lang='lat' dir='ltr'>sententialiter</span> <span class='ocrx_word' id='word_1_12' title='bbox 869 406 1050 445; x_wconf 86' lang='lat' dir='ltr'>separavit.</span> <span class='ocrx_word' id='word_1_13' title='bbox 1072 406 1178 439; x_wconf 79' lang='lat' dir='ltr'>Unde,</span> 
     </span>
     <span class='ocr_line' id='line_1_4' title="bbox 170 459 1182 501; baseline -0.007 -6"><span class='ocrx_word' id='word_1_14' title='bbox 170 474 235 496; x_wconf 90' lang='lat' dir='ltr'>non</span> <span class='ocrx_word' id='word_1_15' title='bbox 261 465 369 494; x_wconf 91' lang='lat' dir='ltr'>solum</span> <span class='ocrx_word' id='word_1_16' title='bbox 388 473 427 493; x_wconf 77' lang='lat' dir='ltr'>ex</span> <span class='ocrx_word' id='word_1_17' title='bbox 453 465 545 501; x_wconf 85' lang='lat' dir='ltr'>parte</span> <span class='ocrx_word' id='word_1_18' title='bbox 568 463 625 492; x_wconf 88' lang='lat' dir='ltr'>tua</span> <span class='ocrx_word' id='word_1_19' title='bbox 643 461 701 490; x_wconf 92' lang='lat' dir='ltr'>sed</span> <span class='ocrx_word' id='word_1_20' title='bbox 711 460 823 500; x_wconf 37' lang='lat' dir='ltr'>,ctiam</span> <span class='ocrx_word' id='word_1_21' title='bbox 850 459 1098 490; x_wconf 89' lang='lat' dir='ltr'>venerabilium</span> <span class='ocrx_word' id='word_1_22' title='bbox 1118 459 1182 488; x_wconf 85' lang='lat' dir='ltr'>fra-</span> 
     </span>
     <span class='ocr_line' id='line_1_5' title="bbox 170 512 1180 553; baseline -0.008 -4"><span class='ocrx_word' id='word_1_23' title='bbox 170 521 258 549; x_wconf 87' lang='lat' dir='ltr'>trum</span> <span class='ocrx_word' id='word_1_24' title='bbox 291 518 484 547; x_wconf 87' lang='lat' dir='ltr'>nostrorum</span> <span class='ocrx_word' id='word_1_25' title='bbox 522 540 528 546; x_wconf 83' lang='lat'>.</span> <span class='ocrx_word' id='word_1_26' title='bbox 561 541 566 545; x_wconf 94' lang='lat'>.</span> <span class='ocrx_word' id='word_1_27' title='bbox 600 514 844 553; x_wconf 84' lang='lat' dir='ltr'>archiepiscopi</span> <span class='ocrx_word' id='word_1_28' title='bbox 870 512 1114 543; x_wconf 80' lang='lat' dir='ltr'>Bracharensis</span> <span class='ocrx_word' id='word_1_29' title='bbox 1143 521 1180 542; x_wconf 89' lang='lat' dir='ltr'>ac</span> 
     </span>
     <span class='ocr_line' id='line_1_6' title="bbox 169 566 1181 607; baseline -0.007 -6"><span class='ocrx_word' id='word_1_30' title='bbox 169 572 356 601; x_wconf 88' lang='lat' dir='ltr'>ceterorum</span> <span class='ocrx_word' id='word_1_31' title='bbox 382 569 617 607; x_wconf 88' lang='lat' dir='ltr'>episcoporum</span> <span class='ocrx_word' id='word_1_32' title='bbox 649 569 681 598; x_wconf 90' lang='lat' dir='ltr'>et</span> <span class='ocrx_word' id='word_1_33' title='bbox 714 567 864 600; x_wconf 89' lang='lat' dir='ltr'>omnium</span> <span class='ocrx_word' id='word_1_34' title='bbox 895 566 1120 604; x_wconf 87' lang='lat' dir='ltr'>capitulorum</span> <span class='ocrx_word' id='word_1_35' title='bbox 1149 566 1181 595; x_wconf 89' lang='lat' dir='ltr'>et</span> 
     </span>
     <span class='ocr_line' id='line_1_7' title="bbox 169 618 1179 661; baseline -0.006 -8"><span class='ocrx_word' id='word_1_36' title='bbox 169 623 404 661; x_wconf 73' lang='lat' dir='ltr'>religiosorum</span> <span class='ocrx_word' id='word_1_37' title='bbox 446 623 707 659; x_wconf 86' lang='lat' dir='ltr'>cunctarumque</span> <span class='ocrx_word' id='word_1_38' title='bbox 746 619 988 649; x_wconf 85' lang='lat' dir='ltr'>comunitatuni</span> <span class='ocrx_word' id='word_1_39' title='bbox 1027 627 1063 648; x_wconf 88' lang='lat' dir='ltr'>ac</span> <span class='ocrx_word' id='word_1_40' title='bbox 1108 618 1179 648; x_wconf 91' lang='lat' dir='ltr'>uni-</span> 
     </span>
     <span class='ocr_line' id='line_1_8' title="bbox 170 673 1180 713; baseline -0.005 -7"><span class='ocrx_word' id='word_1_41' title='bbox 170 676 369 706; x_wconf 77' lang='lat' dir='ltr'>versItatum</span> <span class='ocrx_word' id='word_1_42' title='bbox 390 675 593 713; x_wconf 88' lang='lat' dir='ltr'>populorum</span> <span class='ocrx_word' id='word_1_43' title='bbox 613 674 764 712; x_wconf 88' lang='lat' dir='ltr'>ejusdem</span> <span class='ocrx_word' id='word_1_44' title='bbox 784 673 877 712; x_wconf 81' lang='lat' dir='ltr'>regni</span> <span class='ocrx_word' id='word_1_45' title='bbox 892 681 951 711; x_wconf 88' lang='lat' dir='ltr'>per</span> <span class='ocrx_word' id='word_1_46' title='bbox 970 681 1085 701; x_wconf 88' lang='lat' dir='ltr'>eorum</span> <span class='ocrx_word' id='word_1_47' title='bbox 1107 680 1180 710; x_wconf 84' lang='lat' dir='ltr'>spe-</span> 
     </span>
     <span class='ocr_line' id='line_1_9' title="bbox 168 725 1181 766; baseline -0.005 -7"><span class='ocrx_word' id='word_1_48' title='bbox 168 729 270 759; x_wconf 86' lang='lat' dir='ltr'>ciales</span> <span class='ocrx_word' id='word_1_49' title='bbox 297 728 441 764; x_wconf 81' lang='lat' dir='ltr'>litteras,</span> <span class='ocrx_word' id='word_1_50' title='bbox 461 736 496 757; x_wconf 85' lang='lat' dir='ltr'>ac</span> <span class='ocrx_word' id='word_1_51' title='bbox 515 727 617 757; x_wconf 88' lang='lat' dir='ltr'>etiam</span> <span class='ocrx_word' id='word_1_52' title='bbox 643 736 702 766; x_wconf 89' lang='lat' dir='ltr'>per</span> <span class='ocrx_word' id='word_1_53' title='bbox 724 725 936 756; x_wconf 78' lang='lat' dir='ltr'>venerabiles</span> <span class='ocrx_word' id='word_1_54' title='bbox 955 725 1076 755; x_wconf 84' lang='lat' dir='ltr'>fratres</span> <span class='ocrx_word' id='word_1_55' title='bbox 1105 733 1181 754; x_wconf 91' lang='lat' dir='ltr'>nos-</span> 
     </span>
     <span class='ocr_line' id='line_1_10' title="bbox 166 778 1179 816; baseline -0.005 -4"><span class='ocrx_word' id='word_1_56' title='bbox 166 783 237 812; x_wconf 88' lang='lat' dir='ltr'>tros</span> <span class='ocrx_word' id='word_1_57' title='bbox 256 807 261 811; x_wconf 93' lang='lat'>.</span> <span class='ocrx_word' id='word_1_58' title='bbox 283 807 288 811; x_wconf 94' lang='lat'>.</span> <span class='ocrx_word' id='word_1_59' title='bbox 305 780 590 811; x_wconf 86' lang='lat' dir='ltr'>Colimbriensem</span> <span class='ocrx_word' id='word_1_60' title='bbox 608 781 639 810; x_wconf 81' lang='lat' dir='ltr'>et</span> <span class='ocrx_word' id='word_1_61' title='bbox 657 804 663 810; x_wconf 86' lang='lat'><strong>.</strong></span> <span class='ocrx_word' id='word_1_62' title='bbox 679 805 683 810; x_wconf 92' lang='lat'>.</span> <span class='ocrx_word' id='word_1_63' title='bbox 702 780 970 810; x_wconf 77' lang='lat' dir='ltr'>Ulixbonensem</span> <span class='ocrx_word' id='word_1_64' title='bbox 989 778 1179 816; x_wconf 83' lang='lat' dir='ltr'>episcopos,</span> 
     </span>
     <span class='ocr_line' id='line_1_11' title="bbox 167 830 1179 874; baseline -0.004 -11"><span class='ocrx_word' id='word_1_65' title='bbox 167 835 224 874; x_wconf 88' lang='lat' dir='ltr'>qui</span> <span class='ocrx_word' id='word_1_66' title='bbox 237 836 373 873; x_wconf 87' lang='lat' dir='ltr'>propter</span> <span class='ocrx_word' id='word_1_67' title='bbox 388 834 449 864; x_wconf 83' lang='lat' dir='ltr'>ho&#39;c</span> <span class='ocrx_word' id='word_1_68' title='bbox 469 834 509 864; x_wconf 91' lang='lat' dir='ltr'>ad</span> <span class='ocrx_word' id='word_1_69' title='bbox 524 835 673 863; x_wconf 80' lang='lat' dir='ltr'>nostram</span> <span class='ocrx_word' id='word_1_70' title='bbox 692 841 862 863; x_wconf 88' lang='lat' dir='ltr'>accessere</span> <span class='ocrx_word' id='word_1_71' title='bbox 880 831 1098 870; x_wconf 79' lang='lat' dir='ltr'>presentiam,</span> <span class='ocrx_word' id='word_1_72' title='bbox 1115 830 1179 860; x_wconf 83' lang='lat' dir='ltr'>fuit</span> 
     </span>
     <span class='ocr_line' id='line_1_12' title="bbox 167 883 1181 925; baseline -0.005 -8"><span class='ocrx_word' id='word_1_73' title='bbox 167 887 264 918; x_wconf 87' lang='lat' dir='ltr'>nobis</span> <span class='ocrx_word' id='word_1_74' title='bbox 274 887 448 918; x_wconf 87' lang='lat' dir='ltr'>humiliter</span> <span class='ocrx_word' id='word_1_75' title='bbox 460 886 686 925; x_wconf 87' lang='lat' dir='ltr'>supplicatum</span> <span class='ocrx_word' id='word_1_76' title='bbox 698 887 744 922; x_wconf 89' lang='lat' dir='ltr'>ut,</span> <span class='ocrx_word' id='word_1_77' title='bbox 759 894 833 915; x_wconf 92' lang='lat' dir='ltr'>cum</span> <span class='ocrx_word' id='word_1_78' title='bbox 844 885 993 924; x_wconf 87' lang='lat' dir='ltr'>predicta</span> <span class='ocrx_word' id='word_1_79' title='bbox 1005 883 1181 913; x_wconf 84' lang='lat' dir='ltr'>comitissa</span> 
     </span>
     <span class='ocr_line' id='line_1_13' title="bbox 167 937 1179 977; baseline -0.005 -7"><span class='ocrx_word' id='word_1_80' title='bbox 167 941 256 970; x_wconf 82' lang='lat' dir='ltr'>viam</span> <span class='ocrx_word' id='word_1_81' title='bbox 284 940 326 971; x_wconf 88' lang='lat' dir='ltr'>sit</span> <span class='ocrx_word' id='word_1_82' title='bbox 353 940 510 970; x_wconf 86' lang='lat' dir='ltr'>universe</span> <span class='ocrx_word' id='word_1_83' title='bbox 537 940 648 969; x_wconf 87' lang='lat' dir='ltr'>carnis</span> <span class='ocrx_word' id='word_1_84' title='bbox 676 939 830 977; x_wconf 82' lang='lat' dir='ltr'>ingressa</span> <span class='ocrx_word' id='word_1_85' title='bbox 858 939 890 968; x_wconf 91' lang='lat' dir='ltr'>et</span> <span class='ocrx_word' id='word_1_86' title='bbox 917 937 990 967; x_wconf 89' lang='lat' dir='ltr'>sine</span> <span class='ocrx_word' id='word_1_87' title='bbox 1010 945 1130 975; x_wconf 82' lang='lat' dir='ltr'>magno</span> <span class='ocrx_word' id='word_1_88' title='bbox 1149 937 1179 966; x_wconf 89' lang='lat' dir='ltr'>et</span> 
     </span>
     <span class='ocr_line' id='line_1_14' title="bbox 166 990 1179 1032; baseline -0.005 -8"><span class='ocrx_word' id='word_1_89' title='bbox 166 995 254 1024; x_wconf 87' lang='lat' dir='ltr'>certo</span> <span class='ocrx_word' id='word_1_90' title='bbox 279 1001 421 1032; x_wconf 86' lang='lat' dir='ltr'>persone</span> <span class='ocrx_word' id='word_1_91' title='bbox 448 994 503 1023; x_wconf 87' lang='lat' dir='ltr'>tue</span> <span class='ocrx_word' id='word_1_92' title='bbox 533 1001 569 1022; x_wconf 91' lang='lat' dir='ltr'>ac</span> <span class='ocrx_word' id='word_1_93' title='bbox 596 992 678 1022; x_wconf 89' lang='lat' dir='ltr'>dicti</span> <span class='ocrx_word' id='word_1_94' title='bbox 706 991 801 1030; x_wconf 82' lang='lat' dir='ltr'>regni</span> <span class='ocrx_word' id='word_1_95' title='bbox 824 990 975 1029; x_wconf 90' lang='lat' dir='ltr'>periculo</span> <span class='ocrx_word' id='word_1_96' title='bbox 999 991 1031 1020; x_wconf 90' lang='lat' dir='ltr'>et</span> <span class='ocrx_word' id='word_1_97' title='bbox 1058 998 1179 1028; x_wconf 81' lang='lat' dir='ltr'>magna</span> 
     </span>
     <span class='ocr_line' id='line_1_15' title="bbox 166 1043 1178 1085; baseline -0.004 -9"><span class='ocrx_word' id='word_1_98' title='bbox 166 1046 349 1077; x_wconf 87' lang='lat' dir='ltr'>multorum</span> <span class='ocrx_word' id='word_1_99' title='bbox 364 1047 474 1085; x_wconf 78' lang='lat' dir='ltr'>strage</span> <span class='ocrx_word' id='word_1_100' title='bbox 488 1054 637 1084; x_wconf 87' lang='lat' dir='ltr'>nequeas</span> <span class='ocrx_word' id='word_1_101' title='bbox 652 1045 781 1084; x_wconf 87' lang='lat' dir='ltr'>prefate</span> <span class='ocrx_word' id='word_1_102' title='bbox 791 1044 956 1075; x_wconf 88' lang='lat' dir='ltr'>Beatricis</span> <span class='ocrx_word' id='word_1_103' title='bbox 971 1043 1178 1073; x_wconf 84' lang='lat' dir='ltr'>consortium</span> 
     </span>
     <span class='ocr_line' id='line_1_16' title="bbox 167 1097 1179 1138; baseline -0.005 -9"><span class='ocrx_word' id='word_1_104' title='bbox 167 1099 346 1133; x_wconf 88' lang='lat' dir='ltr'>declinare,</span> <span class='ocrx_word' id='word_1_105' title='bbox 374 1099 552 1138; x_wconf 83' lang='lat' dir='ltr'>providere.</span> <span class='ocrx_word' id='word_1_106' title='bbox 570 1099 605 1128; x_wconf 91' lang='lat' dir='ltr'>in</span> <span class='ocrx_word' id='word_1_107' title='bbox 628 1098 688 1128; x_wconf 88' lang='lat' dir='ltr'>hac</span> <span class='ocrx_word' id='word_1_108' title='bbox 710 1098 816 1137; x_wconf 85' lang='lat' dir='ltr'>parte,</span> <span class='ocrx_word' id='word_1_109' title='bbox 838 1097 1019 1136; x_wconf 81' lang='lat' dir='ltr'>presertim</span> <span class='ocrx_word' id='word_1_110' title='bbox 1038 1105 1114 1126; x_wconf 91' lang='lat' dir='ltr'>cum</span> <span class='ocrx_word' id='word_1_111' title='bbox 1138 1104 1179 1125; x_wconf 87' lang='lat' dir='ltr'>ex</span> 
     </span>
     <span class='ocr_line' id='line_1_17' title="bbox 166 1149 1179 1191; baseline -0.004 -9"><span class='ocrx_word' id='word_1_112' title='bbox 166 1161 205 1183; x_wconf 88' lang='lat' dir='ltr'>ea</span> <span class='ocrx_word' id='word_1_113' title='bbox 220 1152 291 1191; x_wconf 87' lang='lat' dir='ltr'>jam</span> <span class='ocrx_word' id='word_1_114' title='bbox 311 1154 381 1183; x_wconf 92' lang='lat' dir='ltr'>tres</span> <span class='ocrx_word' id='word_1_115' title='bbox 400 1153 593 1191; x_wconf 83' lang='lat' dir='ltr'>susceperis</span> <span class='ocrx_word' id='word_1_116' title='bbox 611 1152 712 1186; x_wconf 86' lang='lat' dir='ltr'>filios,</span> <span class='ocrx_word' id='word_1_117' title='bbox 740 1151 927 1190; x_wconf 87' lang='lat' dir='ltr'>apostolica</span> <span class='ocrx_word' id='word_1_118' title='bbox 950 1149 1179 1180; x_wconf 84' lang='lat' dir='ltr'>sollicitudine</span> 
     </span>
     <span class='ocr_line' id='line_1_18' title="bbox 166 1203 1180 1244; baseline -0.003 -9"><span class='ocrx_word' id='word_1_119' title='bbox 166 1214 371 1235; x_wconf 80' lang='lat' dir='ltr'>curaremus.</span> <span class='ocrx_word' id='word_1_120' title='bbox 399 1206 470 1236; x_wconf 87' lang='lat' dir='ltr'>Nos</span> <span class='ocrx_word' id='word_1_121' title='bbox 501 1205 615 1244; x_wconf 87' lang='lat' dir='ltr'>igitur,</span> <span class='ocrx_word' id='word_1_122' title='bbox 640 1205 850 1235; x_wconf 87' lang='lat' dir='ltr'>attendentes</span> <span class='ocrx_word' id='word_1_123' title='bbox 880 1203 967 1234; x_wconf 84' lang='lat' dir='ltr'>clara</span> <span class='ocrx_word' id='word_1_124' title='bbox 999 1205 1030 1233; x_wconf 88' lang='lat' dir='ltr'>et</span> <span class='ocrx_word' id='word_1_125' title='bbox 1059 1203 1180 1233; x_wconf 85' lang='lat' dir='ltr'>devota</span> 
     </span>
     <span class='ocr_line' id='line_1_19' title="bbox 165 1255 1178 1297; baseline -0.003 -9"><span class='ocrx_word' id='word_1_126' title='bbox 165 1258 420 1297; x_wconf 83' lang='lat' dir='ltr'>progenitorum</span> <span class='ocrx_word' id='word_1_127' title='bbox 442 1260 577 1288; x_wconf 87' lang='lat' dir='ltr'>tuorum</span> <span class='ocrx_word' id='word_1_128' title='bbox 601 1258 734 1294; x_wconf 82' lang='lat' dir='ltr'>merita,</span> <span class='ocrx_word' id='word_1_129' title='bbox 750 1257 874 1296; x_wconf 86' lang='lat' dir='ltr'>quibus</span> <span class='ocrx_word' id='word_1_130' title='bbox 899 1256 1083 1295; x_wconf 89' lang='lat' dir='ltr'>apostolice</span> <span class='ocrx_word' id='word_1_131' title='bbox 1107 1255 1178 1286; x_wconf 87' lang='lat' dir='ltr'>sedi</span> 
     </span>
     <span class='ocr_line' id='line_1_20' title="bbox 167 1309 1178 1351; baseline -0.003 -9"><span class='ocrx_word' id='word_1_132' title='bbox 167 1320 202 1342; x_wconf 87' lang='lat' dir='ltr'>se</span> <span class='ocrx_word' id='word_1_133' title='bbox 220 1313 334 1351; x_wconf 82' lang='lat' dir='ltr'>gratos</span> <span class='ocrx_word' id='word_1_134' title='bbox 351 1312 382 1341; x_wconf 87' lang='lat' dir='ltr'>et</span> <span class='ocrx_word' id='word_1_135' title='bbox 398 1311 431 1341; x_wconf 93' lang='lat' dir='ltr'>in</span> <span class='ocrx_word' id='word_1_136' title='bbox 447 1311 554 1341; x_wconf 89' lang='lat' dir='ltr'>oculis</span> <span class='ocrx_word' id='word_1_137' title='bbox 574 1311 688 1341; x_wconf 84' lang='lat' dir='ltr'>divine</span> <span class='ocrx_word' id='word_1_138' title='bbox 712 1310 901 1349; x_wconf 85' lang='lat' dir='ltr'>majestatis</span> <span class='ocrx_word' id='word_1_139' title='bbox 926 1310 1090 1348; x_wconf 85' lang='lat' dir='ltr'>acceptos,</span> <span class='ocrx_word' id='word_1_140' title='bbox 1116 1309 1178 1340; x_wconf 86' lang='lat' dir='ltr'>sub</span> 
     </span>
     <span class='ocr_line' id='line_1_21' title="bbox 166 1363 1179 1403; baseline -0.003 -8"><span class='ocrx_word' id='word_1_141' title='bbox 166 1365 364 1395; x_wconf 85' lang='lat' dir='ltr'>diversitate</span> <span class='ocrx_word' id='word_1_142' title='bbox 375 1366 577 1403; x_wconf 89' lang='lat' dir='ltr'>temporum,</span> <span class='ocrx_word' id='word_1_143' title='bbox 587 1364 805 1398; x_wconf 81' lang='lat' dir='ltr'>reddiderint,</span> <span class='ocrx_word' id='word_1_144' title='bbox 814 1364 1067 1394; x_wconf 84' lang='lat' dir='ltr'>considerantes</span> <span class='ocrx_word' id='word_1_145' title='bbox 1077 1363 1179 1393; x_wconf 87' lang='lat' dir='ltr'>etiam</span> 
     </span>
     <span class='ocr_line' id='line_1_22' title="bbox 167 1416 1179 1457; baseline -0.002 -10"><span class='ocrx_word' id='word_1_146' title='bbox 167 1418 256 1457; x_wconf 86' lang='lat' dir='ltr'>quod</span> <span class='ocrx_word' id='word_1_147' title='bbox 282 1418 408 1448; x_wconf 87' lang='lat' dir='ltr'>dictum</span> <span class='ocrx_word' id='word_1_148' title='bbox 439 1426 580 1456; x_wconf 80' lang='lat' dir='ltr'>regnum</span> <span class='ocrx_word' id='word_1_149' title='bbox 602 1418 653 1448; x_wconf 89' lang='lat' dir='ltr'>est</span> <span class='ocrx_word' id='word_1_150' title='bbox 674 1417 826 1448; x_wconf 80' lang='lat' dir='ltr'>Romane</span> <span class='ocrx_word' id='word_1_151' title='bbox 851 1416 990 1447; x_wconf 83' lang='lat' dir='ltr'>ecclesie</span> <span class='ocrx_word' id='word_1_152' title='bbox 1009 1416 1179 1453; x_wconf 81' lang='lat' dir='ltr'>censuale,</span> 
     </span>
     <span class='ocr_line' id='line_1_23' title="bbox 169 1468 1179 1509; baseline -0.002 -9"><span class='ocrx_word' id='word_1_153' title='bbox 169 1472 305 1509; x_wconf 88' lang='lat' dir='ltr'>propter</span> <span class='ocrx_word' id='word_1_154' title='bbox 325 1471 413 1509; x_wconf 86' lang='lat' dir='ltr'>quod</span> <span class='ocrx_word' id='word_1_155' title='bbox 431 1471 439 1490; x_wconf 91' lang='lat'>¹</span> <span class='ocrx_word' id='word_1_156' title='bbox 459 1472 612 1500; x_wconf 85' lang='lat' dir='ltr'>tenemur</span> <span class='ocrx_word' id='word_1_157' title='bbox 630 1470 742 1500; x_wconf 82' lang='lat' dir='ltr'>onmia</span> <span class='ocrx_word' id='word_1_158' title='bbox 759 1479 818 1508; x_wconf 91' lang='lat' dir='ltr'>per</span> <span class='ocrx_word' id='word_1_159' title='bbox 836 1478 901 1508; x_wconf 84' lang='lat' dir='ltr'>que</span> <span class='ocrx_word' id='word_1_160' title='bbox 916 1468 1045 1499; x_wconf 88' lang='lat' dir='ltr'>turbari</span> <span class='ocrx_word' id='word_1_161' title='bbox 1064 1472 1179 1507; x_wconf 89' lang='lat' dir='ltr'>posset</span> 
     </span>
     <span class='ocr_line' id='line_1_24' title="bbox 169 1521 1180 1562; baseline -0.001 -10"><span class='ocrx_word' id='word_1_162' title='bbox 169 1523 279 1562; x_wconf 88' lang='lat' dir='ltr'>ipsius</span> <span class='ocrx_word' id='word_1_163' title='bbox 302 1523 396 1561; x_wconf 85' lang='lat' dir='ltr'>regni</span> <span class='ocrx_word' id='word_1_164' title='bbox 425 1524 534 1552; x_wconf 85' lang='lat' dir='ltr'>status</span> <span class='ocrx_word' id='word_1_165' title='bbox 566 1522 737 1561; x_wconf 87' lang='lat' dir='ltr'>pacificus,</span> <span class='ocrx_word' id='word_1_166' title='bbox 757 1521 970 1557; x_wconf 81' lang='lat' dir='ltr'>submovere,</span> <span class='ocrx_word' id='word_1_167' title='bbox 998 1523 1180 1560; x_wconf 84' lang='lat' dir='ltr'>pensantes</span> 
     </span>
     <span class='ocr_line' id='line_1_25' title="bbox 167 1574 1181 1614; baseline -0.001 -9"><span class='ocrx_word' id='word_1_168' title='bbox 167 1576 307 1614; x_wconf 84' lang='lat' dir='ltr'>insuper</span> <span class='ocrx_word' id='word_1_169' title='bbox 331 1576 419 1614; x_wconf 88' lang='lat' dir='ltr'>quod</span> <span class='ocrx_word' id='word_1_170' title='bbox 450 1583 516 1605; x_wconf 90' lang='lat' dir='ltr'>non</span> <span class='ocrx_word' id='word_1_171' title='bbox 543 1575 652 1605; x_wconf 90' lang='lat' dir='ltr'>solum</span> <span class='ocrx_word' id='word_1_172' title='bbox 677 1575 950 1613; x_wconf 82' lang='lat' dir='ltr'>archiepiscopus</span> <span class='ocrx_word' id='word_1_173' title='bbox 969 1575 1001 1604; x_wconf 91' lang='lat' dir='ltr'>et</span> <span class='ocrx_word' id='word_1_174' title='bbox 1029 1574 1181 1613; x_wconf 84' lang='lat' dir='ltr'>episcopi</span> 
     </span>
     <span class='ocr_line' id='line_1_26' title="bbox 167 1627 1180 1667; baseline -0.002 -9"><span class='ocrx_word' id='word_1_175' title='bbox 167 1628 293 1667; x_wconf 87' lang='lat' dir='ltr'>aliique</span> <span class='ocrx_word' id='word_1_176' title='bbox 311 1628 466 1666; x_wconf 84' lang='lat' dir='ltr'>predicti,</span> <span class='ocrx_word' id='word_1_177' title='bbox 486 1636 604 1658; x_wconf 86' lang='lat' dir='ltr'>verum</span> <span class='ocrx_word' id='word_1_178' title='bbox 629 1628 731 1658; x_wconf 90' lang='lat' dir='ltr'>etiam</span> <span class='ocrx_word' id='word_1_179' title='bbox 749 1629 779 1658; x_wconf 90' lang='lat' dir='ltr'>et</span> <span class='ocrx_word' id='word_1_180' title='bbox 805 1627 975 1658; x_wconf 76' lang='lat' dir='ltr'>carissimi</span> <span class='ocrx_word' id='word_1_181' title='bbox 996 1627 1029 1656; x_wconf 91' lang='lat' dir='ltr'>in</span> <span class='ocrx_word' id='word_1_182' title='bbox 1047 1627 1180 1657; x_wconf 89' lang='lat' dir='ltr'>Christo</span> 
     </span>
     <span class='ocr_line' id='line_1_27' title="bbox 166 1680 1180 1719; baseline -0.001 -8"><span class='ocrx_word' id='word_1_183' title='bbox 166 1681 226 1711; x_wconf 88' lang='lat' dir='ltr'>filii</span> <span class='ocrx_word' id='word_1_184' title='bbox 243 1681 350 1712; x_wconf 85' lang='lat' dir='ltr'>nostri</span> <span class='ocrx_word' id='word_1_185' title='bbox 366 1681 558 1711; x_wconf 87' lang='lat' dir='ltr'>Ludovicus</span> <span class='ocrx_word' id='word_1_186' title='bbox 571 1681 778 1711; x_wconf 77' lang='lat' dir='ltr'>Francorum</span> <span class='ocrx_word' id='word_1_187' title='bbox 795 1682 827 1711; x_wconf 93' lang='lat' dir='ltr'>et</span> <span class='ocrx_word' id='word_1_188' title='bbox 839 1680 899 1711; x_wconf 89' lang='lat' dir='ltr'>Th.</span> <span class='ocrx_word' id='word_1_189' title='bbox 916 1681 1068 1711; x_wconf 84' lang='lat' dir='ltr'>Navarre</span> <span class='ocrx_word' id='word_1_190' title='bbox 1084 1689 1180 1719; x_wconf 80' lang='lat' dir='ltr'>reges</span> 
     </span>
     <span class='ocr_line' id='line_1_28' title="bbox 166 1734 1181 1768; baseline -0.001 -4"><span class='ocrx_word' id='word_1_191' title='bbox 166 1734 319 1765; x_wconf 86' lang='lat' dir='ltr'>illustres</span> <span class='ocrx_word' id='word_1_192' title='bbox 344 1743 381 1764; x_wconf 84' lang='lat' dir='ltr'>ac</span> <span class='ocrx_word' id='word_1_193' title='bbox 408 1734 551 1765; x_wconf 86' lang='lat' dir='ltr'>dilectus</span> <span class='ocrx_word' id='word_1_194' title='bbox 577 1734 669 1764; x_wconf 88' lang='lat' dir='ltr'>filius</span> <span class='ocrx_word' id='word_1_195' title='bbox 688 1734 814 1764; x_wconf 85' lang='lat' dir='ltr'>nobilis</span> <span class='ocrx_word' id='word_1_196' title='bbox 831 1734 883 1764; x_wconf 88' lang='lat' dir='ltr'>vir</span> <span class='ocrx_word' id='word_1_197' title='bbox 898 1734 1057 1768; x_wconf 85' lang='lat' dir='ltr'>Karolus,</span> <span class='ocrx_word' id='word_1_198' title='bbox 1072 1734 1181 1763; x_wconf 82' lang='lat' dir='ltr'>Ande-</span> 
     </span>
     <span class='ocr_line' id='line_1_29' title="bbox 167 1787 1181 1827; baseline 0 -10"><span class='ocrx_word' id='word_1_199' title='bbox 167 1787 262 1827; x_wconf 80' lang='lat' dir='ltr'>gavie</span> <span class='ocrx_word' id='word_1_200' title='bbox 289 1789 320 1818; x_wconf 87' lang='lat' dir='ltr'>et</span> <span class='ocrx_word' id='word_1_201' title='bbox 350 1787 527 1817; x_wconf 86' lang='lat' dir='ltr'>Provincie</span> <span class='ocrx_word' id='word_1_202' title='bbox 557 1796 680 1823; x_wconf 90' lang='lat' dir='ltr'>comes,</span> <span class='ocrx_word' id='word_1_203' title='bbox 701 1788 821 1818; x_wconf 88' lang='lat' dir='ltr'>devota</span> <span class='ocrx_word' id='word_1_204' title='bbox 846 1787 943 1817; x_wconf 81' lang='lat' dir='ltr'>nobis</span> <span class='ocrx_word' id='word_1_205' title='bbox 965 1790 1102 1826; x_wconf 88' lang='lat' dir='ltr'>propter</span> <span class='ocrx_word' id='word_1_206' title='bbox 1121 1787 1181 1817; x_wconf 86' lang='lat' dir='ltr'>hoc</span> 
     </span>
     <span class='ocr_line' id='line_1_30' title="bbox 166 1841 1180 1880; baseline 0 -9"><span class='ocrx_word' id='word_1_207' title='bbox 166 1841 360 1880; x_wconf 81' lang='lat' dir='ltr'>precamina</span> <span class='ocrx_word' id='word_1_208' title='bbox 381 1844 614 1880; x_wconf 84' lang='lat' dir='ltr'>porrexerunt,</span> <span class='ocrx_word' id='word_1_209' title='bbox 643 1850 679 1871; x_wconf 91' lang='lat' dir='ltr'>ac</span> <span class='ocrx_word' id='word_1_210' title='bbox 711 1841 864 1871; x_wconf 88' lang='lat' dir='ltr'>volentes</span> <span class='ocrx_word' id='word_1_211' title='bbox 887 1842 942 1871; x_wconf 89' lang='lat' dir='ltr'>tue</span> <span class='ocrx_word' id='word_1_212' title='bbox 973 1842 1005 1870; x_wconf 88' lang='lat' dir='ltr'>et</span> <span class='ocrx_word' id='word_1_213' title='bbox 1032 1841 1180 1879; x_wconf 83' lang='lat' dir='ltr'>predicte</span> 
     </span>
     <span class='ocr_line' id='line_1_31' title="bbox 167 1894 1180 1933; baseline -0.001 -9"><span class='ocrx_word' id='word_1_214' title='bbox 167 1894 332 1924; x_wconf 89' lang='lat' dir='ltr'>Beatricis</span> <span class='ocrx_word' id='word_1_215' title='bbox 361 1894 539 1933; x_wconf 87' lang='lat' dir='ltr'>providere</span> <span class='ocrx_word' id='word_1_216' title='bbox 576 1894 690 1930; x_wconf 87' lang='lat' dir='ltr'>saluti,</span> <span class='ocrx_word' id='word_1_217' title='bbox 717 1895 749 1924; x_wconf 90' lang='lat' dir='ltr'>et</span> <span class='ocrx_word' id='word_1_218' title='bbox 777 1894 878 1924; x_wconf 89' lang='lat' dir='ltr'>etiam</span> <span class='ocrx_word' id='word_1_219' title='bbox 907 1894 1058 1932; x_wconf 85' lang='lat' dir='ltr'>ejusdem</span> <span class='ocrx_word' id='word_1_220' title='bbox 1086 1895 1180 1932; x_wconf 84' lang='lat' dir='ltr'>regni</span> 
     </span>
     <span class='ocr_line' id='line_1_32' title="bbox 168 1946 1181 1985; baseline 0 -9"><span class='ocrx_word' id='word_1_221' title='bbox 168 1947 361 1985; x_wconf 81' lang='lat' dir='ltr'>specialiter</span> <span class='ocrx_word' id='word_1_222' title='bbox 388 1947 422 1976; x_wconf 93' lang='lat' dir='ltr'>in</span> <span class='ocrx_word' id='word_1_223' title='bbox 452 1947 513 1976; x_wconf 90' lang='lat' dir='ltr'>hoc</span> <span class='ocrx_word' id='word_1_224' title='bbox 539 1947 678 1976; x_wconf 89' lang='lat' dir='ltr'>comoda</span> <span class='ocrx_word' id='word_1_225' title='bbox 703 1955 884 1985; x_wconf 88' lang='lat' dir='ltr'>procurare</span> <span class='ocrx_word' id='word_1_226' title='bbox 914 1955 950 1976; x_wconf 92' lang='lat' dir='ltr'>ac</span> <span class='ocrx_word' id='word_1_227' title='bbox 982 1946 1181 1976; x_wconf 75' lang='lat' dir='ltr'>satisfacere</span> 
     </span>
     <span class='ocr_line' id='line_1_33' title="bbox 168 1999 1181 2038; baseline 0 -9"><span class='ocrx_word' id='word_1_228' title='bbox 168 2008 286 2038; x_wconf 81' lang='lat' dir='ltr'>regum</span> <span class='ocrx_word' id='word_1_229' title='bbox 309 2001 341 2030; x_wconf 86' lang='lat' dir='ltr'>et</span> <span class='ocrx_word' id='word_1_230' title='bbox 361 1999 495 2029; x_wconf 88' lang='lat' dir='ltr'>comitis</span> <span class='ocrx_word' id='word_1_231' title='bbox 520 2008 556 2029; x_wconf 81' lang='lat' dir='ltr'>ac</span> <span class='ocrx_word' id='word_1_232' title='bbox 582 1999 791 2038; x_wconf 80' lang='lat' dir='ltr'>prelatorum</span> <span class='ocrx_word' id='word_1_233' title='bbox 813 2000 845 2029; x_wconf 90' lang='lat' dir='ltr'>et</span> <span class='ocrx_word' id='word_1_234' title='bbox 870 1999 1014 2029; x_wconf 87' lang='lat' dir='ltr'>aliorum</span> <span class='ocrx_word' id='word_1_235' title='bbox 1041 1999 1181 2038; x_wconf 86' lang='lat' dir='ltr'>premis-</span> 
     </span>
     <span class='ocr_line' id='line_1_34' title="bbox 168 2052 1181 2091; baseline -0.001 -9"><span class='ocrx_word' id='word_1_236' title='bbox 168 2061 283 2082; x_wconf 84' lang='lat' dir='ltr'>sorum</span> <span class='ocrx_word' id='word_1_237' title='bbox 309 2052 490 2082; x_wconf 84' lang='lat' dir='ltr'>desideriis</span> <span class='ocrx_word' id='word_1_238' title='bbox 510 2052 542 2081; x_wconf 91' lang='lat' dir='ltr'>iu</span> <span class='ocrx_word' id='word_1_239' title='bbox 560 2052 621 2082; x_wconf 88' lang='lat' dir='ltr'>hac</span> <span class='ocrx_word' id='word_1_240' title='bbox 638 2054 743 2091; x_wconf 83' lang='lat' dir='ltr'>parte,</span> <span class='ocrx_word' id='word_1_241' title='bbox 770 2052 839 2082; x_wconf 86' lang='lat' dir='ltr'>tuis</span> <span class='ocrx_word' id='word_1_242' title='bbox 863 2054 893 2082; x_wconf 92' lang='lat' dir='ltr'>et</span> <span class='ocrx_word' id='word_1_243' title='bbox 916 2052 1111 2082; x_wconf 86' lang='lat' dir='ltr'>eorumdem</span> <span class='ocrx_word' id='word_1_244' title='bbox 1131 2061 1181 2082; x_wconf 91' lang='lat' dir='ltr'>re-</span> 
     </span>
     <span class='ocr_line' id='line_1_35' title="bbox 167 2105 1182 2144; baseline 0 -10"><span class='ocrx_word' id='word_1_245' title='bbox 167 2113 257 2144; x_wconf 83' lang='lat' dir='ltr'>gum,</span> <span class='ocrx_word' id='word_1_246' title='bbox 285 2105 432 2141; x_wconf 88' lang='lat' dir='ltr'>comitis,</span> <span class='ocrx_word' id='word_1_247' title='bbox 451 2105 659 2143; x_wconf 86' lang='lat' dir='ltr'>prelatorum</span> <span class='ocrx_word' id='word_1_248' title='bbox 676 2114 712 2135; x_wconf 87' lang='lat' dir='ltr'>ac</span> <span class='ocrx_word' id='word_1_249' title='bbox 736 2105 879 2135; x_wconf 88' lang='lat' dir='ltr'>aliorum</span> <span class='ocrx_word' id='word_1_250' title='bbox 904 2105 1061 2143; x_wconf 83' lang='lat' dir='ltr'>precibus</span> <span class='ocrx_word' id='word_1_251' title='bbox 1088 2105 1182 2134; x_wconf 84' lang='lat' dir='ltr'>incli-</span> 
     </span>
     <span class='ocr_line' id='line_1_36' title="bbox 167 2157 1179 2196; baseline -0.001 -8"><span class='ocrx_word' id='word_1_252' title='bbox 167 2158 248 2195; x_wconf 83' lang='lat' dir='ltr'>nati,</span> <span class='ocrx_word' id='word_1_253' title='bbox 260 2157 320 2187; x_wconf 88' lang='lat' dir='ltr'>tibi</span> <span class='ocrx_word' id='word_1_254' title='bbox 335 2160 365 2188; x_wconf 88' lang='lat' dir='ltr'>et</span> <span class='ocrx_word' id='word_1_255' title='bbox 377 2158 486 2188; x_wconf 87' lang='lat' dir='ltr'>eidem</span> <span class='ocrx_word' id='word_1_256' title='bbox 499 2158 644 2188; x_wconf 86' lang='lat' dir='ltr'>Beatrici</span> <span class='ocrx_word' id='word_1_257' title='bbox 655 2159 701 2193; x_wconf 87' lang='lat' dir='ltr'>ut,</span> <span class='ocrx_word' id='word_1_258' title='bbox 719 2158 973 2196; x_wconf 84' lang='lat' dir='ltr'>impedimentis</span> <span class='ocrx_word' id='word_1_259' title='bbox 986 2158 1179 2196; x_wconf 83' lang='lat' dir='ltr'>hujusmodi</span> 
     </span>
     <span class='ocr_line' id='line_1_37' title="bbox 168 2210 1181 2250; baseline 0 -9"><span class='ocrx_word' id='word_1_260' title='bbox 168 2218 381 2250; x_wconf 86' lang='lat' dir='ltr'>nequaquam</span> <span class='ocrx_word' id='word_1_261' title='bbox 410 2210 636 2246; x_wconf 72' lang='lat' dir='ltr'>obstantibus,</span> <span class='ocrx_word' id='word_1_262' title='bbox 652 2210 758 2241; x_wconf 87' lang='lat' dir='ltr'>libere</span> <span class='ocrx_word' id='word_1_263' title='bbox 787 2213 819 2241; x_wconf 92' lang='lat' dir='ltr'>in</span> <span class='ocrx_word' id='word_1_264' title='bbox 848 2211 1017 2250; x_wconf 80' lang='lat' dir='ltr'>conjugali</span> <span class='ocrx_word' id='word_1_265' title='bbox 1038 2211 1181 2249; x_wconf 85' lang='lat' dir='ltr'>possitis</span> 
     </span>
     <span class='ocr_line' id='line_1_38' title="bbox 167 2264 1178 2304; baseline 0 -10"><span class='ocrx_word' id='word_1_266' title='bbox 167 2264 286 2303; x_wconf 88' lang='lat' dir='ltr'>copula</span> <span class='ocrx_word' id='word_1_267' title='bbox 304 2272 490 2300; x_wconf 85' lang='lat' dir='ltr'>remanere,</span> <span class='ocrx_word' id='word_1_268' title='bbox 514 2265 714 2295; x_wconf 87' lang='lat' dir='ltr'>auctoritate</span> <span class='ocrx_word' id='word_1_269' title='bbox 741 2264 927 2304; x_wconf 86' lang='lat' dir='ltr'>apostolica</span> <span class='ocrx_word' id='word_1_270' title='bbox 945 2265 1178 2303; x_wconf 76' lang='lat' dir='ltr'>imlulgemus;</span> 
     </span>
     <span class='ocr_line' id='line_1_39' title="bbox 166 2317 1180 2357; baseline 0.001 -10"><span class='ocrx_word' id='word_1_271' title='bbox 166 2317 295 2356; x_wconf 88' lang='lat' dir='ltr'>prolem</span> <span class='ocrx_word' id='word_1_272' title='bbox 321 2317 392 2356; x_wconf 85' lang='lat' dir='ltr'>jam</span> <span class='ocrx_word' id='word_1_273' title='bbox 429 2319 622 2356; x_wconf 85' lang='lat' dir='ltr'>susceptam</span> <span class='ocrx_word' id='word_1_274' title='bbox 658 2319 690 2348; x_wconf 90' lang='lat' dir='ltr'>et</span> <span class='ocrx_word' id='word_1_275' title='bbox 722 2318 979 2357; x_wconf 86' lang='lat' dir='ltr'>suscipiendam</span> <span class='ocrx_word' id='word_1_276' title='bbox 1009 2327 1051 2348; x_wconf 77' lang='lat' dir='ltr'>ex</span> <span class='ocrx_word' id='word_1_277' title='bbox 1083 2317 1180 2348; x_wconf 81' lang='lat' dir='ltr'>vobis</span> 
     </span>
     <span class='ocr_line' id='line_1_40' title="bbox 168 2370 1179 2410; baseline 0 -9"><span class='ocrx_word' id='word_1_278' title='bbox 168 2370 281 2407; x_wconf 88' lang='lat' dir='ltr'>etiam,</span> <span class='ocrx_word' id='word_1_279' title='bbox 300 2379 365 2409; x_wconf 89' lang='lat' dir='ltr'>quo</span> <span class='ocrx_word' id='word_1_280' title='bbox 379 2371 419 2401; x_wconf 79' lang='lat' dir='ltr'>ad</span> <span class='ocrx_word' id='word_1_281' title='bbox 433 2371 683 2401; x_wconf 85' lang='lat' dir='ltr'>successionem</span> <span class='ocrx_word' id='word_1_282' title='bbox 697 2371 839 2410; x_wconf 81' lang='lat' dir='ltr'>predicti</span> <span class='ocrx_word' id='word_1_283' title='bbox 854 2371 949 2410; x_wconf 83' lang='lat' dir='ltr'>regni</span> <span class='ocrx_word' id='word_1_284' title='bbox 963 2372 993 2401; x_wconf 87' lang='lat' dir='ltr'>ct</span> <span class='ocrx_word' id='word_1_285' title='bbox 1008 2371 1179 2410; x_wconf 86' lang='lat' dir='ltr'>quoslibet</span> 
     </span>
     <span class='ocr_line' id='line_1_41' title="bbox 168 2424 1180 2464; baseline 0.002 -11"><span class='ocrx_word' id='word_1_286' title='bbox 168 2424 253 2454; x_wconf 85' lang='lat' dir='ltr'>alios</span> <span class='ocrx_word' id='word_1_287' title='bbox 270 2425 376 2460; x_wconf 88' lang='lat' dir='ltr'>actus,</span> <span class='ocrx_word' id='word_1_288' title='bbox 397 2424 514 2454; x_wconf 86' lang='lat' dir='ltr'>eadem</span> <span class='ocrx_word' id='word_1_289' title='bbox 539 2424 738 2454; x_wconf 86' lang='lat' dir='ltr'>auctoritate</span> <span class='ocrx_word' id='word_1_290' title='bbox 762 2424 832 2454; x_wconf 90' lang='lat' dir='ltr'>fore</span> <span class='ocrx_word' id='word_1_291' title='bbox 854 2424 1042 2464; x_wconf 82' lang='lat' dir='ltr'>legitimam</span> <span class='ocrx_word' id='word_1_292' title='bbox 1065 2425 1180 2455; x_wconf 87' lang='lat' dir='ltr'>decer-</span> 
     </span>
     <span class='ocr_line' id='line_1_42' title="bbox 167 2477 1181 2514; baseline 0.001 -7"><span class='ocrx_word' id='word_1_293' title='bbox 167 2478 296 2507; x_wconf 86' lang='lat' dir='ltr'>nentes.</span> <span class='ocrx_word' id='word_1_294' title='bbox 314 2477 408 2508; x_wconf 82' lang='lat' dir='ltr'>Nulli</span> <span class='ocrx_word' id='word_1_295' title='bbox 430 2478 505 2514; x_wconf 84' lang='lat' dir='ltr'>ctc.,</span> <span class='ocrx_word' id='word_1_296' title='bbox 524 2479 638 2508; x_wconf 90' lang='lat' dir='ltr'>nostre</span> <span class='ocrx_word' id='word_1_297' title='bbox 657 2477 888 2508; x_wconf 89' lang='lat' dir='ltr'>concessionis</span> <span class='ocrx_word' id='word_1_298' title='bbox 912 2479 944 2508; x_wconf 89' lang='lat' dir='ltr'>et</span> <span class='ocrx_word' id='word_1_299' title='bbox 971 2478 1181 2508; x_wconf 87' lang='lat' dir='ltr'>constitutio-</span> 
     </span>
     <span class='ocr_line' id='line_1_43' title="bbox 168 2530 1181 2570; baseline 0.001 -11"><span class='ocrx_word' id='word_1_300' title='bbox 168 2530 233 2566; x_wconf 84' lang='lat' dir='ltr'>nis,</span> <span class='ocrx_word' id='word_1_301' title='bbox 253 2531 314 2561; x_wconf 82' lang='lat' dir='ltr'>ete.</span> <span class='ocrx_word' id='word_1_302' title='bbox 335 2530 369 2560; x_wconf 85' lang='lat' dir='ltr'>Si</span> <span class='ocrx_word' id='word_1_303' title='bbox 387 2531 463 2569; x_wconf 86' lang='lat' dir='ltr'>quis</span> <span class='ocrx_word' id='word_1_304' title='bbox 486 2533 597 2561; x_wconf 87' lang='lat' dir='ltr'>autem</span> <span class='ocrx_word' id='word_1_305' title='bbox 615 2532 676 2561; x_wconf 90' lang='lat' dir='ltr'>etc.</span> <span class='ocrx_word' id='word_1_306' title='bbox 706 2531 831 2561; x_wconf 87' lang='lat' dir='ltr'>Datum</span> <span class='ocrx_word' id='word_1_307' title='bbox 853 2531 942 2570; x_wconf 84' lang='lat' dir='ltr'>apud</span> <span class='ocrx_word' id='word_1_308' title='bbox 962 2530 1181 2561; x_wconf 81' lang='lat' dir='ltr'>Urbeinvete-</span> 
     </span>
     <span class='ocr_line' id='line_1_44' title="bbox 167 2582 942 2622; baseline 0 -10"><span class='ocrx_word' id='word_1_309' title='bbox 167 2591 250 2620; x_wconf 89' lang='lat' dir='ltr'>rem,</span> <span class='ocrx_word' id='word_1_310' title='bbox 265 2591 340 2612; x_wconf 80' lang='lat' dir='ltr'>x1u1</span> <span class='ocrx_word' id='word_1_311' title='bbox 355 2582 517 2614; x_wconf 86' lang='lat' dir='ltr'>kalendas</span> <span class='ocrx_word' id='word_1_312' title='bbox 530 2583 620 2622; x_wconf 89' lang='lat' dir='ltr'>julii,</span> <span class='ocrx_word' id='word_1_313' title='bbox 641 2591 728 2614; x_wconf 88' lang='lat' dir='ltr'>anno</span> <span class='ocrx_word' id='word_1_314' title='bbox 745 2583 904 2614; x_wconf 88' lang='lat' dir='ltr'>secundo.</span> <span class='ocrx_word' id='word_1_315' title='bbox 927 2594 942 2612; x_wconf 84' lang='lat'>»</span> 
     </span>
    </p>
   </div>
   <div class='ocr_carea' id='block_1_3' title="bbox 258 2746 1108 2783">
    <p class='ocr_par' dir='ltr' id='par_1_3' title="bbox 258 2746 1108 2783">
     <span class='ocr_line' id='line_1_45' title="bbox 258 2746 1108 2783; baseline -0.005 -5"><span class='ocrx_word' id='word_1_316' title='bbox 258 2747 332 2778; x_wconf 81' lang='grc'>376</span> <span class='ocrx_word' id='word_1_317' title='bbox 746 2746 870 2779; x_wconf 85' lang='lat' dir='ltr'>Orvieto,</span> <span class='ocrx_word' id='word_1_318' title='bbox 889 2746 1013 2783; x_wconf 80' lang='lat' dir='ltr'>4juillet</span> <span class='ocrx_word' id='word_1_319' title='bbox 1031 2747 1108 2774; x_wconf 72' lang='lat'>1263.</span> 
     </span>
    </p>
   </div>
   <div class='ocr_carea' id='block_1_4' title="bbox 169 2823 1180 2911">
    <p class='ocr_par' dir='ltr' id='par_1_4' title="bbox 169 2823 1180 2911">
     <span class='ocr_line' id='line_1_46' title="bbox 205 2823 1180 2862; baseline 0.005 -13"><span class='ocrx_word' id='word_1_320' title='bbox 205 2823 397 2859; x_wconf 70' lang='lat' dir='ltr'>lusi-ascriptis</span> <span class='ocrx_word' id='word_1_321' title='bbox 415 2826 533 2852; x_wconf 83' lang='lat' dir='ltr'>mandat</span> <span class='ocrx_word' id='word_1_322' title='bbox 545 2828 684 2860; x_wconf 83' lang='lat' dir='ltr'>quatenus</span> <span class='ocrx_word' id='word_1_323' title='bbox 698 2826 893 2857; x_wconf 86' lang='lat' dir='ltr'>interdictum,</span> <span class='ocrx_word' id='word_1_324' title='bbox 905 2826 933 2853; x_wconf 90' lang='lat' dir='ltr'>in</span> <span class='ocrx_word' id='word_1_325' title='bbox 947 2835 1068 2862; x_wconf 82' lang='lat' dir='ltr'>regnum</span> <span class='ocrx_word' id='word_1_326' title='bbox 1083 2827 1180 2854; x_wconf 85' lang='lat' dir='ltr'>Portu-</span> 
     </span>
     <span class='ocr_line' id='line_1_47' title="bbox 169 2870 1154 2911; baseline 0.005 -13"><span class='ocrx_word' id='word_1_327' title='bbox 169 2870 260 2905; x_wconf 83' lang='lat' dir='ltr'>galiae</span> <span class='ocrx_word' id='word_1_328' title='bbox 274 2873 431 2905; x_wconf 84' lang='lat' dir='ltr'>decretum,</span> <span class='ocrx_word' id='word_1_329' title='bbox 447 2873 573 2901; x_wconf 75' lang='lat' dir='ltr'>relaxare</span> <span class='ocrx_word' id='word_1_330' title='bbox 589 2877 751 2908; x_wconf 88' lang='lat' dir='ltr'>procurent.</span> <span class='ocrx_word' id='word_1_331' title='bbox 769 2876 848 2909; x_wconf 71' lang='lat' dir='ltr'>(Rsc.</span> <span class='ocrx_word' id='word_1_332' title='bbox 868 2876 912 2906; x_wconf 84' lang='lat'>27,</span> <span class='ocrx_word' id='word_1_333' title='bbox 928 2875 978 2902; x_wconf 89' lang='lat' dir='ltr'>fol.</span> <span class='ocrx_word' id='word_1_334' title='bbox 999 2877 1056 2907; x_wconf 77' lang='lat'>105,</span> <span class='ocrx_word' id='word_1_335' title='bbox 1072 2882 1101 2902; x_wconf 76' lang='lat' dir='ltr'>u0</span> <span class='ocrx_word' id='word_1_336' title='bbox 1118 2877 1154 2911; x_wconf 85' lang='lat' dir='ltr'>l.)</span> 
     </span>
    </p>
   </div>
   <div class='ocr_carea' id='block_1_5' title="bbox 201 2955 1128 2990">
    <p class='ocr_par' dir='ltr' id='par_1_5' title="bbox 201 2955 1128 2990">
     <span class='ocr_line' id='line_1_48' title="bbox 201 2955 1128 2990; baseline 0.004 -12"><span class='ocrx_word' id='word_1_337' title='bbox 201 2956 223 2979; x_wconf 76' lang='lat'>1.</span> <span class='ocrx_word' id='word_1_338' title='bbox 244 2955 285 2979; x_wconf 85' lang='lat' dir='ltr'>En</span> <span class='ocrx_word' id='word_1_339' title='bbox 304 2962 417 2987; x_wconf 69' lang='lat' dir='ltr'>mai-ge:</span> <span class='ocrx_word' id='word_1_340' title='bbox 436 2957 541 2981; x_wconf 80' lang='lat' dir='ltr'>allende</span> <span class='ocrx_word' id='word_1_341' title='bbox 558 2958 620 2989; x_wconf 85' lang='lat' dir='ltr'>quia</span> <span class='ocrx_word' id='word_1_342' title='bbox 635 2965 741 2989; x_wconf 74' lang='lat' dir='ltr'>requam</span> <span class='ocrx_word' id='word_1_343' title='bbox 755 2958 903 2990; x_wconf 71' lang='lat' dir='ltr'>Portuqalie</span> <span class='ocrx_word' id='word_1_344' title='bbox 917 2961 954 2983; x_wconf 81' lang='lat' dir='ltr'>cst</span> <span class='ocrx_word' id='word_1_345' title='bbox 970 2960 1099 2984; x_wconf 79' lang='lat' dir='ltr'>censuale.</span> <span class='ocrx_word' id='word_1_346' title='bbox 1120 2970 1128 2982; x_wconf 69' lang='grc' dir='ltr'>ι»</span> 
     </span>
    </p>
   </div>
   <div class='ocr_carea' id='block_1_6' title="bbox 1209 461 1213 1128">
    <p class='ocr_par' dir='ltr' id='par_1_6' title="bbox 1209 461 1213 1128">
     <span class='ocr_line' id='line_1_49' title="bbox 1209 461 1213 1128; baseline 0 0"><span class='ocrx_word' id='word_1_347' title='bbox 1209 461 1213 1128; x_wconf 95' lang='lat' dir='ltr'> </span> 
     </span>
    </p>
   </div>
   <div class='ocr_carea' id='block_1_7' title="bbox 1209 1268 1215 2555">
    <p class='ocr_par' dir='ltr' id='par_1_7' title="bbox 1209 1268 1215 2555">
     <span class='ocr_line' id='line_1_50' title="bbox 1209 1268 1215 2555; baseline 0 0"><span class='ocrx_word' id='word_1_348' title='bbox 1209 1268 1215 2555; x_wconf 95' lang='lat' dir='ltr'> </span> 
     </span>
    </p>
   </div>
   <div class='ocr_carea' id='block_1_8' title="bbox 981 263 1447 301">
    <p class='ocr_par' dir='ltr' id='par_1_8' title="bbox 981 263 1447 301">
     <span class='ocr_line' id='line_1_51' title="bbox 981 263 1447 301; baseline -0.002 0"><span class='ocrx_word' id='word_1_349' title='bbox 981 270 1207 301; x_wconf 80' lang='lat' dir='ltr'>REGISTRE</span> <span class='ocrx_word' id='word_1_350' title='bbox 1231 263 1447 301; x_wconf 77' lang='lat' dir='ltr'><strong>CAMERAL</strong></span> 
     </span>
    </p>
   </div>
   <div class='ocr_carea' id='block_1_9' title="bbox 1240 352 2259 2992">
    <p class='ocr_par' dir='ltr' id='par_1_9' title="bbox 1240 352 2259 2992">
     <span class='ocr_line' id='line_1_52' title="bbox 1285 352 2257 393; baseline 0.002 -10"><span class='ocrx_word' id='word_1_351' title='bbox 1285 363 1300 379; x_wconf 86' lang='lat'>«</span> <span class='ocrx_word' id='word_1_352' title='bbox 1319 378 1339 383; x_wconf 92' lang='lat'>..</span> <span class='ocrx_word' id='word_1_353' title='bbox 1362 352 1574 383; x_wconf 80' lang='lat' dir='ltr'>Colimbriensi</span> <span class='ocrx_word' id='word_1_354' title='bbox 1599 356 1651 382; x_wconf 81' lang='lat' dir='ltr'>ct..</span> <span class='ocrx_word' id='word_1_355' title='bbox 1674 352 1873 382; x_wconf 73' lang='lat' dir='ltr'>Ulioebonensi</span> <span class='ocrx_word' id='word_1_356' title='bbox 1895 353 2055 393; x_wconf 81' lang='lat' dir='ltr'>episcopis.</span> <span class='ocrx_word' id='word_1_357' title='bbox 2085 353 2123 383; x_wconf 93' lang='lat' dir='ltr'>In</span> <span class='ocrx_word' id='word_1_358' title='bbox 2141 356 2257 385; x_wconf 84' lang='lat' dir='ltr'>nostra</span> 
     </span>
     <span class='ocr_line' id='line_1_53' title="bbox 1242 405 2257 445; baseline 0.003 -10"><span class='ocrx_word' id='word_1_359' title='bbox 1242 406 1471 444; x_wconf 83' lang='lat' dir='ltr'>proposuistis</span> <span class='ocrx_word' id='word_1_360' title='bbox 1487 406 1659 445; x_wconf 86' lang='lat' dir='ltr'>presentia</span> <span class='ocrx_word' id='word_1_361' title='bbox 1672 405 1848 435; x_wconf 87' lang='lat' dir='ltr'>constituti</span> <span class='ocrx_word' id='word_1_362' title='bbox 1865 406 1954 445; x_wconf 87' lang='lat' dir='ltr'>quod</span> <span class='ocrx_word' id='word_1_363' title='bbox 1973 406 2084 436; x_wconf 88' lang='lat' dir='ltr'>felicis</span> <span class='ocrx_word' id='word_1_364' title='bbox 2105 408 2257 438; x_wconf 88' lang='lat' dir='ltr'>recorda-</span> 
     </span>
     <span class='ocr_line' id='line_1_54' title="bbox 1242 458 2256 498; baseline 0.003 -10"><span class='ocrx_word' id='word_1_365' title='bbox 1242 458 1346 488; x_wconf 90' lang='lat' dir='ltr'>tionis</span> <span class='ocrx_word' id='word_1_366' title='bbox 1365 459 1559 489; x_wconf 75' lang='lat' dir='ltr'>Alexander</span> <span class='ocrx_word' id='word_1_367' title='bbox 1580 467 1677 498; x_wconf 79' lang='lat' dir='ltr'>papa,</span> <span class='ocrx_word' id='word_1_368' title='bbox 1696 459 1916 497; x_wconf 85' lang='lat' dir='ltr'>predecessor</span> <span class='ocrx_word' id='word_1_369' title='bbox 1937 461 2063 496; x_wconf 85' lang='lat' dir='ltr'>noster,</span> <span class='ocrx_word' id='word_1_370' title='bbox 2084 460 2256 491; x_wconf 86' lang='lat' dir='ltr'>intellecto</span> 
     </span>
     <span class='ocr_line' id='line_1_55' title="bbox 1242 511 2256 550; baseline 0.001 -8"><span class='ocrx_word' id='word_1_371' title='bbox 1242 512 1331 550; x_wconf 85' lang='lat' dir='ltr'>quod</span> <span class='ocrx_word' id='word_1_372' title='bbox 1343 512 1543 542; x_wconf 85' lang='lat' dir='ltr'>carissimus</span> <span class='ocrx_word' id='word_1_373' title='bbox 1560 512 1593 541; x_wconf 92' lang='lat' dir='ltr'>in</span> <span class='ocrx_word' id='word_1_374' title='bbox 1608 512 1742 542; x_wconf 84' lang='lat' dir='ltr'>Christo</span> <span class='ocrx_word' id='word_1_375' title='bbox 1765 511 1857 541; x_wconf 88' lang='lat' dir='ltr'>filius</span> <span class='ocrx_word' id='word_1_376' title='bbox 1880 513 1994 542; x_wconf 91' lang='lat' dir='ltr'>noster</span> <span class='ocrx_word' id='word_1_377' title='bbox 2020 512 2195 550; x_wconf 78' lang='lat' dir='ltr'>Alfonsus‚</span> <span class='ocrx_word' id='word_1_378' title='bbox 2218 514 2256 543; x_wconf 94' lang='lat' dir='ltr'>il-</span> 
     </span>
     <span class='ocr_line' id='line_1_56' title="bbox 1241 564 2256 603; baseline 0.002 -9"><span class='ocrx_word' id='word_1_379' title='bbox 1241 564 1361 594; x_wconf 88' lang='lat' dir='ltr'>lustris</span> <span class='ocrx_word' id='word_1_380' title='bbox 1384 573 1443 595; x_wconf 79' lang='lat' dir='ltr'>rex</span> <span class='ocrx_word' id='word_1_381' title='bbox 1472 565 1678 603; x_wconf 77' lang='lat' dir='ltr'>Portugalie,</span> <span class='ocrx_word' id='word_1_382' title='bbox 1700 565 1834 594; x_wconf 79' lang='lat' dir='ltr'>vivente</span> <span class='ocrx_word' id='word_1_383' title='bbox 1855 564 1961 594; x_wconf 84' lang='lat' dir='ltr'>adhue</span> <span class='ocrx_word' id='word_1_384' title='bbox 1983 565 2071 595; x_wconf 87' lang='lat' dir='ltr'>clare</span> <span class='ocrx_word' id='word_1_385' title='bbox 2094 566 2256 596; x_wconf 86' lang='lat' dir='ltr'>memorie</span> 
     </span>
     <span class='ocr_line' id='line_1_57' title="bbox 1241 617 2255 657; baseline 0.001 -10"><span class='ocrx_word' id='word_1_386' title='bbox 1241 617 1400 651; x_wconf 86' lang='lat' dir='ltr'>Mattildi,</span> <span class='ocrx_word' id='word_1_387' title='bbox 1414 617 1589 648; x_wconf 86' lang='lat' dir='ltr'>comitissa</span> <span class='ocrx_word' id='word_1_388' title='bbox 1614 617 1765 651; x_wconf 83' lang='lat' dir='ltr'>Bolonie,</span> <span class='ocrx_word' id='word_1_389' title='bbox 1787 626 1848 647; x_wconf 84' lang='lat' dir='ltr'>sua</span> <span class='ocrx_word' id='word_1_390' title='bbox 1872 626 1977 648; x_wconf 85' lang='lat' dir='ltr'>uxore</span> <span class='ocrx_word' id='word_1_391' title='bbox 1996 617 2161 657; x_wconf 84' lang='lat' dir='ltr'>legitima,</span> <span class='ocrx_word' id='word_1_392' title='bbox 2181 627 2255 648; x_wconf 86' lang='lat' dir='ltr'>cum</span> 
     </span>
     <span class='ocr_line' id='line_1_58' title="bbox 1242 669 2255 706; baseline 0.002 -7"><span class='ocrx_word' id='word_1_393' title='bbox 1242 669 1348 700; x_wconf 86' lang='lat' dir='ltr'>nobili</span> <span class='ocrx_word' id='word_1_394' title='bbox 1366 670 1508 700; x_wconf 89' lang='lat' dir='ltr'>muliere</span> <span class='ocrx_word' id='word_1_395' title='bbox 1524 671 1687 706; x_wconf 81' lang='lat' dir='ltr'>Beatrice,</span> <span class='ocrx_word' id='word_1_396' title='bbox 1705 674 1782 700; x_wconf 88' lang='lat' dir='ltr'>nata</span> <span class='ocrx_word' id='word_1_397' title='bbox 1799 670 1970 700; x_wconf 79' lang='lat' dir='ltr'>carissimi</span> <span class='ocrx_word' id='word_1_398' title='bbox 1989 670 2023 700; x_wconf 90' lang='lat' dir='ltr'>in</span> <span class='ocrx_word' id='word_1_399' title='bbox 2041 670 2174 701; x_wconf 90' lang='lat' dir='ltr'>Christo</span> <span class='ocrx_word' id='word_1_400' title='bbox 2193 671 2255 702; x_wconf 89' lang='lat' dir='ltr'>filii</span> 
     </span>
     <span class='ocr_line' id='line_1_59' title="bbox 1242 723 2256 762; baseline 0.002 -10"><span class='ocrx_word' id='word_1_401' title='bbox 1242 723 1375 753; x_wconf 85' lang='lat' dir='ltr'>nostri..</span> <span class='ocrx_word' id='word_1_402' title='bbox 1396 723 1543 753; x_wconf 89' lang='lat' dir='ltr'>Castelle</span> <span class='ocrx_word' id='word_1_403' title='bbox 1564 724 1655 762; x_wconf 80' lang='lat' dir='ltr'>regis</span> <span class='ocrx_word' id='word_1_404' title='bbox 1676 723 1836 760; x_wconf 79' lang='lat' dir='ltr'>illustris,</span> <span class='ocrx_word' id='word_1_405' title='bbox 1863 725 1942 753; x_wconf 87' lang='lat' dir='ltr'>tunc</span> <span class='ocrx_word' id='word_1_406' title='bbox 1966 723 2055 753; x_wconf 87' lang='lat' dir='ltr'>infra</span> <span class='ocrx_word' id='word_1_407' title='bbox 2073 732 2180 754; x_wconf 86' lang='lat' dir='ltr'>annos</span> <span class='ocrx_word' id='word_1_408' title='bbox 2197 733 2256 754; x_wconf 93' lang='lat' dir='ltr'>nu-</span> 
     </span>
     <span class='ocr_line' id='line_1_60' title="bbox 1241 775 2257 816; baseline 0.002 -11"><span class='ocrx_word' id='word_1_409' title='bbox 1241 775 1328 806; x_wconf 87' lang='lat' dir='ltr'>biles</span> <span class='ocrx_word' id='word_1_410' title='bbox 1345 776 1539 813; x_wconf 83' lang='lat' dir='ltr'>constituta,</span> <span class='ocrx_word' id='word_1_411' title='bbox 1560 785 1624 815; x_wconf 86' lang='lat' dir='ltr'>que</span> <span class='ocrx_word' id='word_1_412' title='bbox 1643 776 1885 806; x_wconf 87' lang='lat' dir='ltr'>nichilominus</span> <span class='ocrx_word' id='word_1_413' title='bbox 1903 777 2016 815; x_wconf 81' lang='lat' dir='ltr'>ipsum</span> <span class='ocrx_word' id='word_1_414' title='bbox 2039 785 2151 816; x_wconf 80' lang='lat' dir='ltr'>regem</span> <span class='ocrx_word' id='word_1_415' title='bbox 2175 777 2257 807; x_wconf 90' lang='lat' dir='ltr'>Por-</span> 
     </span>
     <span class='ocr_line' id='line_1_61' title="bbox 1241 829 2258 869; baseline 0.001 -10"><span class='ocrx_word' id='word_1_416' title='bbox 1241 829 1366 867; x_wconf 80' lang='lat' dir='ltr'>tugalie</span> <span class='ocrx_word' id='word_1_417' title='bbox 1383 831 1502 868; x_wconf 86' lang='lat' dir='ltr'>quarto</span> <span class='ocrx_word' id='word_1_418' title='bbox 1517 830 1821 868; x_wconf 82' lang='lat' dir='ltr'>consanguinitatis</span> <span class='ocrx_word' id='word_1_419' title='bbox 1833 830 1939 868; x_wconf 81' lang='lat' dir='ltr'>gradu</span> <span class='ocrx_word' id='word_1_420' title='bbox 1953 830 2129 869; x_wconf 81' lang='lat' dir='ltr'>contingit,</span> <span class='ocrx_word' id='word_1_421' title='bbox 2143 830 2258 860; x_wconf 87' lang='lat' dir='ltr'>matri—</span> 
     </span>
     <span class='ocr_line' id='line_1_62' title="bbox 1241 882 2256 922; baseline 0.002 -11"><span class='ocrx_word' id='word_1_422' title='bbox 1241 882 1393 912; x_wconf 85' lang='lat' dir='ltr'>monium</span> <span class='ocrx_word' id='word_1_423' title='bbox 1410 882 1450 912; x_wconf 90' lang='lat' dir='ltr'>de</span> <span class='ocrx_word' id='word_1_424' title='bbox 1468 882 1556 912; x_wconf 87' lang='lat' dir='ltr'>facto</span> <span class='ocrx_word' id='word_1_425' title='bbox 1575 884 1800 919; x_wconf 73' lang='lat' dir='ltr'>contraxerat,</span> <span class='ocrx_word' id='word_1_426' title='bbox 1817 883 1905 913; x_wconf 85' lang='lat' dir='ltr'>iuter</span> <span class='ocrx_word' id='word_1_427' title='bbox 1927 883 1992 913; x_wconf 86' lang='lat' dir='ltr'>alia</span> <span class='ocrx_word' id='word_1_428' title='bbox 2013 883 2054 913; x_wconf 87' lang='lat' dir='ltr'>ad</span> <span class='ocrx_word' id='word_1_429' title='bbox 2078 892 2142 922; x_wconf 89' lang='lat' dir='ltr'>que</span> <span class='ocrx_word' id='word_1_430' title='bbox 2165 883 2256 913; x_wconf 89' lang='lat' dir='ltr'>idem</span> 
     </span>
     <span class='ocr_line' id='line_1_63' title="bbox 1240 935 2257 974; baseline 0.001 -9"><span class='ocrx_word' id='word_1_431' title='bbox 1240 935 1471 973; x_wconf 88' lang='lat' dir='ltr'>predecessor,</span> <span class='ocrx_word' id='word_1_432' title='bbox 1481 937 1593 965; x_wconf 88' lang='lat' dir='ltr'>motus</span> <span class='ocrx_word' id='word_1_433' title='bbox 1606 936 1757 974; x_wconf 88' lang='lat' dir='ltr'>ejusdem</span> <span class='ocrx_word' id='word_1_434' title='bbox 1767 937 1942 966; x_wconf 87' lang='lat' dir='ltr'>comitisse</span> <span class='ocrx_word' id='word_1_435' title='bbox 1953 936 2170 973; x_wconf 76' lang='lat' dir='ltr'>clamoribus,</span> <span class='ocrx_word' id='word_1_436' title='bbox 2183 945 2257 966; x_wconf 89' lang='lat' dir='ltr'>con-</span> 
     </span>
     <span class='ocr_line' id='line_1_64' title="bbox 1240 988 2255 1028; baseline 0.001 -10"><span class='ocrx_word' id='word_1_437' title='bbox 1240 990 1293 1018; x_wconf 86' lang='lat' dir='ltr'>tra</span> <span class='ocrx_word' id='word_1_438' title='bbox 1307 988 1433 1018; x_wconf 88' lang='lat' dir='ltr'>dictum</span> <span class='ocrx_word' id='word_1_439' title='bbox 1457 997 1571 1028; x_wconf 87' lang='lat' dir='ltr'>regem</span> <span class='ocrx_word' id='word_1_440' title='bbox 1593 989 1787 1028; x_wconf 83' lang='lat' dir='ltr'>Portugalie</span> <span class='ocrx_word' id='word_1_441' title='bbox 1809 989 1870 1019; x_wconf 80' lang='lat' dir='ltr'>hac</span> <span class='ocrx_word' id='word_1_442' title='bbox 1892 989 1932 1019; x_wconf 89' lang='lat' dir='ltr'>de</span> <span class='ocrx_word' id='word_1_443' title='bbox 1959 998 2060 1019; x_wconf 86' lang='lat' dir='ltr'>causa</span> <span class='ocrx_word' id='word_1_444' title='bbox 2076 989 2255 1028; x_wconf 82' lang='lat' dir='ltr'>processit,</span> 
     </span>
     <span class='ocr_line' id='line_1_65' title="bbox 1240 1041 2258 1081; baseline 0.001 -10"><span class='ocrx_word' id='word_1_445' title='bbox 1240 1041 1494 1072; x_wconf 88' lang='lat' dir='ltr'>venerabilibus</span> <span class='ocrx_word' id='word_1_446' title='bbox 1517 1041 1679 1072; x_wconf 85' lang='lat' dir='ltr'>fratribus</span> <span class='ocrx_word' id='word_1_447' title='bbox 1706 1042 1858 1073; x_wconf 89' lang='lat' dir='ltr'>nostris..</span> <span class='ocrx_word' id='word_1_448' title='bbox 1885 1042 2138 1081; x_wconf 86' lang='lat' dir='ltr'>archiepiscopo</span> <span class='ocrx_word' id='word_1_449' title='bbox 2162 1042 2258 1072; x_wconf 89' lang='lat' dir='ltr'>Com-</span> 
     </span>
     <span class='ocr_line' id='line_1_66' title="bbox 1241 1094 2259 1134; baseline 0 -9"><span class='ocrx_word' id='word_1_450' title='bbox 1241 1095 1431 1134; x_wconf 86' lang='lat' dir='ltr'>postellano</span> <span class='ocrx_word' id='word_1_451' title='bbox 1450 1097 1506 1126; x_wconf 90' lang='lat' dir='ltr'>et..</span> <span class='ocrx_word' id='word_1_452' title='bbox 1539 1095 1698 1134; x_wconf 88' lang='lat' dir='ltr'>episcopo</span> <span class='ocrx_word' id='word_1_453' title='bbox 1721 1095 1950 1125; x_wconf 85' lang='lat' dir='ltr'>Mindoniensi</span> <span class='ocrx_word' id='word_1_454' title='bbox 1976 1095 2047 1125; x_wconf 84' lang='lat' dir='ltr'>suis</span> <span class='ocrx_word' id='word_1_455' title='bbox 2076 1094 2139 1125; x_wconf 88' lang='lat' dir='ltr'>sub</span> <span class='ocrx_word' id='word_1_456' title='bbox 2168 1097 2259 1125; x_wconf 88' lang='lat' dir='ltr'>certa</span> 
     </span>
     <span class='ocr_line' id='line_1_67' title="bbox 1241 1148 2257 1187; baseline -0.001 -8"><span class='ocrx_word' id='word_1_457' title='bbox 1241 1149 1351 1179; x_wconf 87' lang='lat' dir='ltr'>forma</span> <span class='ocrx_word' id='word_1_458' title='bbox 1373 1149 1463 1179; x_wconf 88' lang='lat' dir='ltr'>dedit</span> <span class='ocrx_word' id='word_1_459' title='bbox 1482 1149 1607 1179; x_wconf 88' lang='lat' dir='ltr'>litteris</span> <span class='ocrx_word' id='word_1_460' title='bbox 1625 1149 1659 1178; x_wconf 90' lang='lat' dir='ltr'>in</span> <span class='ocrx_word' id='word_1_461' title='bbox 1676 1148 1857 1185; x_wconf 81' lang='lat' dir='ltr'>mandatis,</span> <span class='ocrx_word' id='word_1_462' title='bbox 1878 1150 1913 1178; x_wconf 92' lang='lat' dir='ltr'>ut</span> <span class='ocrx_word' id='word_1_463' title='bbox 1932 1149 2120 1187; x_wconf 89' lang='lat' dir='ltr'>predictum</span> <span class='ocrx_word' id='word_1_464' title='bbox 2144 1157 2257 1187; x_wconf 85' lang='lat' dir='ltr'>regem</span> 
     </span>
     <span class='ocr_line' id='line_1_68' title="bbox 1240 1202 2255 1242; baseline -0.001 -10"><span class='ocrx_word' id='word_1_465' title='bbox 1240 1202 1436 1242; x_wconf 83' lang='lat' dir='ltr'>Portugalie</span> <span class='ocrx_word' id='word_1_466' title='bbox 1451 1211 1587 1232; x_wconf 87' lang='lat' dir='ltr'>monere</span> <span class='ocrx_word' id='word_1_467' title='bbox 1603 1202 1783 1240; x_wconf 83' lang='lat' dir='ltr'>diligenter</span> <span class='ocrx_word' id='word_1_468' title='bbox 1800 1203 1831 1232; x_wconf 89' lang='lat' dir='ltr'>et</span> <span class='ocrx_word' id='word_1_469' title='bbox 1850 1202 2008 1232; x_wconf 86' lang='lat' dir='ltr'>inducere</span> <span class='ocrx_word' id='word_1_470' title='bbox 2022 1203 2255 1240; x_wconf 88' lang='lat' dir='ltr'>procurarent,</span> 
     </span>
     <span class='ocr_line' id='line_1_69' title="bbox 1242 1255 2257 1294; baseline -0.001 -9"><span class='ocrx_word' id='word_1_471' title='bbox 1242 1256 1331 1294; x_wconf 84' lang='lat' dir='ltr'>quod</span> <span class='ocrx_word' id='word_1_472' title='bbox 1356 1256 1479 1285; x_wconf 88' lang='lat' dir='ltr'>dictam</span> <span class='ocrx_word' id='word_1_473' title='bbox 1506 1255 1707 1291; x_wconf 82' lang='lat' dir='ltr'>Beatricem,</span> <span class='ocrx_word' id='word_1_474' title='bbox 1734 1255 1822 1284; x_wconf 78' lang='lat' dir='ltr'>infra</span> <span class='ocrx_word' id='word_1_475' title='bbox 1851 1255 2074 1293; x_wconf 80' lang='lat' dir='ltr'>quadraginta</span> <span class='ocrx_word' id='word_1_476' title='bbox 2091 1255 2163 1284; x_wconf 90' lang='lat' dir='ltr'>dies</span> <span class='ocrx_word' id='word_1_477' title='bbox 2180 1256 2257 1293; x_wconf 88' lang='lat' dir='ltr'>post</span> 
     </span>
     <span class='ocr_line' id='line_1_70' title="bbox 1241 1307 2257 1346; baseline -0.001 -8"><span class='ocrx_word' id='word_1_478' title='bbox 1241 1308 1463 1339; x_wconf 88' lang='lat' dir='ltr'>monitionem</span> <span class='ocrx_word' id='word_1_479' title='bbox 1484 1317 1612 1345; x_wconf 83' lang='lat' dir='ltr'>eorum,</span> <span class='ocrx_word' id='word_1_480' title='bbox 1632 1317 1649 1338; x_wconf 88' lang='lat' dir='ltr'>a</span> <span class='ocrx_word' id='word_1_481' title='bbox 1668 1317 1729 1338; x_wconf 87' lang='lat' dir='ltr'>sua</span> <span class='ocrx_word' id='word_1_482' title='bbox 1747 1307 1995 1338; x_wconf 82' lang='lat' dir='ltr'>cohabitatione</span> <span class='ocrx_word' id='word_1_483' title='bbox 2023 1316 2165 1346; x_wconf 85' lang='lat' dir='ltr'>prorsus</span> <span class='ocrx_word' id='word_1_484' title='bbox 2188 1307 2257 1337; x_wconf 85' lang='lat' dir='ltr'>abi·</span> 
     </span>
     <span class='ocr_line' id='line_1_71' title="bbox 1241 1361 2254 1400; baseline -0.002 -8"><span class='ocrx_word' id='word_1_485' title='bbox 1241 1364 1329 1392; x_wconf 86' lang='lat' dir='ltr'>ceret</span> <span class='ocrx_word' id='word_1_486' title='bbox 1344 1363 1386 1396; x_wconf 90' lang='lat' dir='ltr'>et,</span> <span class='ocrx_word' id='word_1_487' title='bbox 1406 1362 1641 1400; x_wconf 89' lang='lat' dir='ltr'>sihujusmodi</span> <span class='ocrx_word' id='word_1_488' title='bbox 1655 1361 1834 1391; x_wconf 90' lang='lat' dir='ltr'>monitioni</span> <span class='ocrx_word' id='word_1_489' title='bbox 1852 1369 1972 1400; x_wconf 89' lang='lat' dir='ltr'>parere</span> <span class='ocrx_word' id='word_1_490' title='bbox 1990 1362 2254 1399; x_wconf 86' lang='lat' dir='ltr'>contempneret,</span> 
     </span>
     <span class='ocr_line' id='line_1_72' title="bbox 1241 1413 2257 1453; baseline 0 -9"><span class='ocrx_word' id='word_1_491' title='bbox 1241 1415 1307 1453; x_wconf 88' lang='lat' dir='ltr'>ipsi</span> <span class='ocrx_word' id='word_1_492' title='bbox 1324 1416 1451 1445; x_wconf 80' lang='lat' dir='ltr'>extunc</span> <span class='ocrx_word' id='word_1_493' title='bbox 1465 1415 1548 1449; x_wconf 90' lang='lat' dir='ltr'>loca,</span> <span class='ocrx_word' id='word_1_494' title='bbox 1569 1415 1609 1444; x_wconf 88' lang='lat' dir='ltr'>ad</span> <span class='ocrx_word' id='word_1_495' title='bbox 1633 1423 1697 1453; x_wconf 84' lang='lat' dir='ltr'>que</span> <span class='ocrx_word' id='word_1_496' title='bbox 1722 1414 1912 1452; x_wconf 86' lang='lat' dir='ltr'>predictum</span> <span class='ocrx_word' id='word_1_497' title='bbox 1932 1422 2044 1452; x_wconf 80' lang='lat' dir='ltr'>regem</span> <span class='ocrx_word' id='word_1_498' title='bbox 2063 1413 2257 1453; x_wconf 84' lang='lat' dir='ltr'>Portugalie</span> 
     </span>
     <span class='ocr_line' id='line_1_73' title="bbox 1242 1467 2258 1506; baseline -0.002 -8"><span class='ocrx_word' id='word_1_499' title='bbox 1242 1469 1293 1498; x_wconf 87' lang='lat' dir='ltr'>vel</span> <span class='ocrx_word' id='word_1_500' title='bbox 1311 1468 1477 1506; x_wconf 85' lang='lat' dir='ltr'>prefatam</span> <span class='ocrx_word' id='word_1_501' title='bbox 1498 1468 1687 1498; x_wconf 85' lang='lat' dir='ltr'>Beatricem</span> <span class='ocrx_word' id='word_1_502' title='bbox 1712 1467 1870 1497; x_wconf 83' lang='lat' dir='ltr'>devenire</span> <span class='ocrx_word' id='word_1_503' title='bbox 1893 1467 2115 1505; x_wconf 83' lang='lat' dir='ltr'>contingeret,</span> <span class='ocrx_word' id='word_1_504' title='bbox 2141 1475 2258 1505; x_wconf 85' lang='lat' dir='ltr'>quam-</span> 
     </span>
     <span class='ocr_line' id='line_1_74' title="bbox 1242 1519 2254 1558; baseline 0 -8"><span class='ocrx_word' id='word_1_505' title='bbox 1242 1521 1299 1550; x_wconf 88' lang='lat' dir='ltr'>diu</span> <span class='ocrx_word' id='word_1_506' title='bbox 1326 1520 1372 1550; x_wconf 91' lang='lat' dir='ltr'>ibi</span> <span class='ocrx_word' id='word_1_507' title='bbox 1402 1520 1523 1556; x_wconf 89' lang='lat' dir='ltr'>forent,</span> <span class='ocrx_word' id='word_1_508' title='bbox 1550 1520 1778 1550; x_wconf 85' lang='lat' dir='ltr'>ecclesiastico</span> <span class='ocrx_word' id='word_1_509' title='bbox 1811 1520 2040 1558; x_wconf 87' lang='lat' dir='ltr'>supponerent</span> <span class='ocrx_word' id='word_1_510' title='bbox 2064 1519 2254 1550; x_wconf 85' lang='lat' dir='ltr'>interdicto.</span> 
     </span>
     <span class='ocr_line' id='line_1_75' title="bbox 1242 1572 2258 1611; baseline -0.003 -6"><span class='ocrx_word' id='word_1_511' title='bbox 1242 1574 1349 1610; x_wconf 83' lang='lat' dir='ltr'>Unde,</span> <span class='ocrx_word' id='word_1_512' title='bbox 1367 1582 1433 1603; x_wconf 92' lang='lat' dir='ltr'>non</span> <span class='ocrx_word' id='word_1_513' title='bbox 1452 1573 1563 1603; x_wconf 88' lang='lat' dir='ltr'>solum</span> <span class='ocrx_word' id='word_1_514' title='bbox 1583 1582 1624 1603; x_wconf 84' lang='lat' dir='ltr'>ex</span> <span class='ocrx_word' id='word_1_515' title='bbox 1641 1574 1736 1611; x_wconf 87' lang='lat' dir='ltr'>parte</span> <span class='ocrx_word' id='word_1_516' title='bbox 1754 1574 1879 1609; x_wconf 86' lang='lat' dir='ltr'>vestra,</span> <span class='ocrx_word' id='word_1_517' title='bbox 1904 1572 1963 1602; x_wconf 89' lang='lat' dir='ltr'>sed</span> <span class='ocrx_word' id='word_1_518' title='bbox 1983 1572 2086 1602; x_wconf 88' lang='lat' dir='ltr'>etiam</span> <span class='ocrx_word' id='word_1_519' title='bbox 2105 1580 2148 1602; x_wconf 74' lang='lat' dir='ltr'>ex</span> <span class='ocrx_word' id='word_1_520' title='bbox 2163 1574 2258 1611; x_wconf 87' lang='lat' dir='ltr'>parte</span> 
     </span>
     <span class='ocr_line' id='line_1_76' title="bbox 1241 1625 2258 1664; baseline 0 -8"><span class='ocrx_word' id='word_1_521' title='bbox 1241 1626 1489 1657; x_wconf 86' lang='lat' dir='ltr'>venerabilium</span> <span class='ocrx_word' id='word_1_522' title='bbox 1506 1626 1651 1656; x_wconf 85' lang='lat' dir='ltr'>fratrum</span> <span class='ocrx_word' id='word_1_523' title='bbox 1673 1628 1892 1656; x_wconf 87' lang='lat' dir='ltr'>nostrorum..</span> <span class='ocrx_word' id='word_1_524' title='bbox 1915 1625 2159 1664; x_wconf 86' lang='lat' dir='ltr'>archiepiscopi</span> <span class='ocrx_word' id='word_1_525' title='bbox 2179 1626 2258 1656; x_wconf 86' lang='lat' dir='ltr'>Bra-</span> 
     </span>
     <span class='ocr_line' id='line_1_77' title="bbox 1242 1679 2255 1717; baseline -0.002 -7"><span class='ocrx_word' id='word_1_526' title='bbox 1242 1679 1416 1710; x_wconf 86' lang='lat' dir='ltr'>charensis</span> <span class='ocrx_word' id='word_1_527' title='bbox 1431 1681 1463 1710; x_wconf 82' lang='lat' dir='ltr'>et</span> <span class='ocrx_word' id='word_1_528' title='bbox 1493 1681 1683 1709; x_wconf 89' lang='lat' dir='ltr'>ceterorum</span> <span class='ocrx_word' id='word_1_529' title='bbox 1710 1679 1988 1717; x_wconf 81' lang='lat' dir='ltr'>coepiscoporum</span> <span class='ocrx_word' id='word_1_530' title='bbox 2004 1680 2196 1708; x_wconf 87' lang='lat' dir='ltr'>vestrorum</span> <span class='ocrx_word' id='word_1_531' title='bbox 2224 1682 2255 1708; x_wconf 88' lang='lat' dir='ltr'>et</span> 
     </span>
     <span class='ocr_line' id='line_1_78' title="bbox 1242 1732 2258 1771; baseline -0.002 -8"><span class='ocrx_word' id='word_1_532' title='bbox 1242 1733 1394 1763; x_wconf 88' lang='lat' dir='ltr'>omnium</span> <span class='ocrx_word' id='word_1_533' title='bbox 1420 1732 1646 1771; x_wconf 87' lang='lat' dir='ltr'>capitulorum</span> <span class='ocrx_word' id='word_1_534' title='bbox 1667 1733 1698 1762; x_wconf 90' lang='lat' dir='ltr'>et</span> <span class='ocrx_word' id='word_1_535' title='bbox 1724 1732 1964 1771; x_wconf 82' lang='lat' dir='ltr'>religiosorum</span> <span class='ocrx_word' id='word_1_536' title='bbox 1993 1732 2258 1770; x_wconf 87' lang='lat' dir='ltr'>cunctarumque</span> 
     </span>
     <span class='ocr_line' id='line_1_79' title="bbox 1242 1784 2258 1824; baseline -0.002 -8"><span class='ocrx_word' id='word_1_537' title='bbox 1242 1786 1490 1817; x_wconf 88' lang='lat' dir='ltr'>comunitatum</span> <span class='ocrx_word' id='word_1_538' title='bbox 1505 1794 1541 1816; x_wconf 91' lang='lat' dir='ltr'>ac</span> <span class='ocrx_word' id='word_1_539' title='bbox 1560 1786 1823 1816; x_wconf 79' lang='lat' dir='ltr'>universitatum</span> <span class='ocrx_word' id='word_1_540' title='bbox 1841 1785 2047 1824; x_wconf 89' lang='lat' dir='ltr'>populorum</span> <span class='ocrx_word' id='word_1_541' title='bbox 2064 1784 2160 1824; x_wconf 85' lang='lat' dir='ltr'>regni</span> <span class='ocrx_word' id='word_1_542' title='bbox 2178 1785 2258 1815; x_wconf 88' lang='lat' dir='ltr'>Por-</span> 
     </span>
     <span class='ocr_line' id='line_1_80' title="bbox 1242 1837 2256 1878; baseline -0.002 -9"><span class='ocrx_word' id='word_1_543' title='bbox 1242 1839 1380 1878; x_wconf 82' lang='lat' dir='ltr'>tugalie,</span> <span class='ocrx_word' id='word_1_544' title='bbox 1397 1848 1541 1878; x_wconf 85' lang='lat' dir='ltr'>quorum</span> <span class='ocrx_word' id='word_1_545' title='bbox 1560 1848 1662 1877; x_wconf 88' lang='lat' dir='ltr'>super</span> <span class='ocrx_word' id='word_1_546' title='bbox 1678 1838 1739 1869; x_wconf 88' lang='lat' dir='ltr'>hoc</span> <span class='ocrx_word' id='word_1_547' title='bbox 1757 1838 1856 1868; x_wconf 89' lang='lat' dir='ltr'>nobis</span> <span class='ocrx_word' id='word_1_548' title='bbox 1876 1838 2100 1877; x_wconf 85' lang='lat' dir='ltr'>presentastis</span> <span class='ocrx_word' id='word_1_549' title='bbox 2117 1837 2256 1874; x_wconf 83' lang='lat' dir='ltr'>litteris,</span> 
     </span>
     <span class='ocr_line' id='line_1_81' title="bbox 1243 1891 2259 1930; baseline 0 -9"><span class='ocrx_word' id='word_1_550' title='bbox 1243 1892 1340 1922; x_wconf 85' lang='lat' dir='ltr'>nobis</span> <span class='ocrx_word' id='word_1_551' title='bbox 1362 1892 1536 1922; x_wconf 88' lang='lat' dir='ltr'>humiliter</span> <span class='ocrx_word' id='word_1_552' title='bbox 1557 1892 1778 1930; x_wconf 78' lang='lat' dir='ltr'>supplicastis</span> <span class='ocrx_word' id='word_1_553' title='bbox 1798 1893 1845 1923; x_wconf 79' lang='lat' dir='ltr'>ut.</span> <span class='ocrx_word' id='word_1_554' title='bbox 1867 1900 1942 1921; x_wconf 89' lang='lat' dir='ltr'>cum</span> <span class='ocrx_word' id='word_1_555' title='bbox 1965 1891 2107 1930; x_wconf 88' lang='lat' dir='ltr'>predicti</span> <span class='ocrx_word' id='word_1_556' title='bbox 2132 1891 2259 1921; x_wconf 85' lang='lat' dir='ltr'>archie-</span> 
     </span>
     <span class='ocr_line' id='line_1_82' title="bbox 1241 1944 2254 1984; baseline -0.001 -10"><span class='ocrx_word' id='word_1_557' title='bbox 1241 1945 1402 1984; x_wconf 84' lang='lat' dir='ltr'>piscopus</span> <span class='ocrx_word' id='word_1_558' title='bbox 1426 1945 1723 1983; x_wconf 85' lang='lat' dir='ltr'>Compostellauus</span> <span class='ocrx_word' id='word_1_559' title='bbox 1742 1947 1771 1974; x_wconf 89' lang='lat' dir='ltr'>et</span> <span class='ocrx_word' id='word_1_560' title='bbox 1791 1945 1970 1982; x_wconf 82' lang='lat' dir='ltr'>episcopus</span> <span class='ocrx_word' id='word_1_561' title='bbox 1994 1944 2254 1980; x_wconf 80' lang='lat' dir='ltr'>Mindoniensis,</span> 
     </span>
     <span class='ocr_line' id='line_1_83' title="bbox 1241 1997 2257 2037; baseline -0.001 -9"><span class='ocrx_word' id='word_1_562' title='bbox 1241 2007 1302 2037; x_wconf 89' lang='lat' dir='ltr'>pro</span> <span class='ocrx_word' id='word_1_563' title='bbox 1319 2007 1357 2028; x_wconf 92' lang='lat' dir='ltr'>eo</span> <span class='ocrx_word' id='word_1_564' title='bbox 1376 1998 1466 2037; x_wconf 85' lang='lat' dir='ltr'>quod</span> <span class='ocrx_word' id='word_1_565' title='bbox 1483 1998 1593 2027; x_wconf 83' lang='lat' dir='ltr'>dictus</span> <span class='ocrx_word' id='word_1_566' title='bbox 1608 2006 1667 2027; x_wconf 81' lang='lat' dir='ltr'>rex</span> <span class='ocrx_word' id='word_1_567' title='bbox 1684 1997 1878 2036; x_wconf 82' lang='lat' dir='ltr'>Portugalie</span> <span class='ocrx_word' id='word_1_568' title='bbox 1896 2006 2013 2027; x_wconf 90' lang='lat' dir='ltr'>eorum</span> <span class='ocrx_word' id='word_1_569' title='bbox 2034 1997 2067 2026; x_wconf 92' lang='grc'>111</span> <span class='ocrx_word' id='word_1_570' title='bbox 2083 1997 2144 2027; x_wconf 86' lang='lat' dir='ltr'>hac</span> <span class='ocrx_word' id='word_1_571' title='bbox 2161 1998 2257 2036; x_wconf 85' lang='lat' dir='ltr'>parte</span> 
     </span>
     <span class='ocr_line' id='line_1_84' title="bbox 1242 2050 2256 2089; baseline -0.001 -8"><span class='ocrx_word' id='word_1_572' title='bbox 1242 2051 1381 2081; x_wconf 86' lang='lat' dir='ltr'>monitis</span> <span class='ocrx_word' id='word_1_573' title='bbox 1410 2051 1604 2081; x_wconf 88' lang='lat' dir='ltr'>nullatenus</span> <span class='ocrx_word' id='word_1_574' title='bbox 1630 2050 1809 2089; x_wconf 72' lang='lat' dir='ltr'>acquievit,</span> <span class='ocrx_word' id='word_1_575' title='bbox 1836 2050 1908 2080; x_wconf 85' lang='lat' dir='ltr'>loca</span> <span class='ocrx_word' id='word_1_576' title='bbox 1932 2050 2128 2088; x_wconf 89' lang='lat' dir='ltr'>hujusmodi</span> <span class='ocrx_word' id='word_1_577' title='bbox 2154 2050 2256 2080; x_wconf 88' lang='lat' dir='ltr'>eccle-</span> 
     </span>
     <span class='ocr_line' id='line_1_85' title="bbox 1242 2102 2259 2143; baseline -0.001 -9"><span class='ocrx_word' id='word_1_578' title='bbox 1242 2104 1378 2135; x_wconf 89' lang='lat' dir='ltr'>siastico</span> <span class='ocrx_word' id='word_1_579' title='bbox 1397 2104 1575 2134; x_wconf 87' lang='lat' dir='ltr'>interdicto</span> <span class='ocrx_word' id='word_1_580' title='bbox 1593 2103 1809 2143; x_wconf 67' lang='lat' dir='ltr'>suNJecerint,</span> <span class='ocrx_word' id='word_1_581' title='bbox 1821 2103 1919 2141; x_wconf 86' lang='lat' dir='ltr'>juxta</span> <span class='ocrx_word' id='word_1_582' title='bbox 1936 2103 2095 2133; x_wconf 85' lang='lat' dir='ltr'>traditam</span> <span class='ocrx_word' id='word_1_583' title='bbox 2110 2102 2175 2132; x_wconf 84' lang='lat' dir='ltr'>sibi</span> <span class='ocrx_word' id='word_1_584' title='bbox 2195 2103 2259 2133; x_wconf 84' lang='lat' dir='ltr'>for-</span> 
     </span>
     <span class='ocr_line' id='line_1_86' title="bbox 1241 2155 2259 2195; baseline -0.001 -8"><span class='ocrx_word' id='word_1_585' title='bbox 1241 2166 1342 2193; x_wconf 89' lang='lat' dir='ltr'>mam,</span> <span class='ocrx_word' id='word_1_586' title='bbox 1364 2159 1394 2187; x_wconf 91' lang='lat' dir='ltr'>et</span> <span class='ocrx_word' id='word_1_587' title='bbox 1413 2157 1631 2187; x_wconf 85' lang='lat' dir='ltr'>interdictum</span> <span class='ocrx_word' id='word_1_588' title='bbox 1656 2156 1769 2195; x_wconf 90' lang='lat' dir='ltr'>ipsum</span> <span class='ocrx_word' id='word_1_589' title='bbox 1785 2164 1851 2186; x_wconf 90' lang='lat' dir='ltr'>non</span> <span class='ocrx_word' id='word_1_590' title='bbox 1874 2155 2000 2194; x_wconf 78' lang='lat' dir='ltr'>absque</span> <span class='ocrx_word' id='word_1_591' title='bbox 2017 2155 2112 2195; x_wconf 76' lang='lat' dir='ltr'>gravi</span> <span class='ocrx_word' id='word_1_592' title='bbox 2131 2156 2259 2186; x_wconf 85' lang='lat' dir='ltr'>anima·</span> 
     </span>
     <span class='ocr_line' id='line_1_87' title="bbox 1241 2208 2256 2249; baseline -0.002 -9"><span class='ocrx_word' id='word_1_593' title='bbox 1241 2220 1316 2240; x_wconf 89' lang='lat' dir='ltr'>rum</span> <span class='ocrx_word' id='word_1_594' title='bbox 1326 2210 1488 2249; x_wconf 84' lang='lat' dir='ltr'>periculo,</span> <span class='ocrx_word' id='word_1_595' title='bbox 1501 2210 1582 2240; x_wconf 86' lang='lat' dir='ltr'>cleri</span> <span class='ocrx_word' id='word_1_596' title='bbox 1600 2209 1778 2248; x_wconf 88' lang='lat' dir='ltr'>dispendio</span> <span class='ocrx_word' id='word_1_597' title='bbox 1796 2211 1827 2239; x_wconf 86' lang='lat' dir='ltr'>ct</span> <span class='ocrx_word' id='word_1_598' title='bbox 1844 2209 1961 2248; x_wconf 86' lang='lat' dir='ltr'>populi</span> <span class='ocrx_word' id='word_1_599' title='bbox 1979 2208 2138 2239; x_wconf 85' lang='lat' dir='ltr'>scandalo</span> <span class='ocrx_word' id='word_1_600' title='bbox 2154 2209 2256 2238; x_wconf 83' lang='lat' dir='ltr'>etiam</span> 
     </span>
     <span class='ocr_line' id='line_1_88' title="bbox 1241 2261 2258 2302; baseline -0.002 -8"><span class='ocrx_word' id='word_1_601' title='bbox 1241 2272 1348 2302; x_wconf 81' lang='lat' dir='ltr'>usque</span> <span class='ocrx_word' id='word_1_602' title='bbox 1366 2264 1406 2293; x_wconf 89' lang='lat' dir='ltr'>ad</span> <span class='ocrx_word' id='word_1_603' title='bbox 1423 2263 1484 2293; x_wconf 90' lang='lat' dir='ltr'>hoc</span> <span class='ocrx_word' id='word_1_604' title='bbox 1502 2264 1655 2301; x_wconf 89' lang='lat' dir='ltr'>tempora</span> <span class='ocrx_word' id='word_1_605' title='bbox 1673 2262 1919 2292; x_wconf 89' lang='lat' dir='ltr'>inviolabiliter</span> <span class='ocrx_word' id='word_1_606' title='bbox 1946 2261 2156 2298; x_wconf 71' lang='lat' dir='ltr'>observetur,</span> <span class='ocrx_word' id='word_1_607' title='bbox 2172 2261 2258 2301; x_wconf 65' lang='lat' dir='ltr'>{pro-</span> 
     </span>
     <span class='ocr_line' id='line_1_89' title="bbox 1241 2315 2255 2355; baseline -0.003 -8"><span class='ocrx_word' id='word_1_608' title='bbox 1241 2317 1355 2347; x_wconf 82' lang='lat' dir='ltr'>videre</span> <span class='ocrx_word' id='word_1_609' title='bbox 1372 2317 1406 2346; x_wconf 91' lang='lat' dir='ltr'>in</span> <span class='ocrx_word' id='word_1_610' title='bbox 1430 2316 1491 2346; x_wconf 87' lang='lat' dir='ltr'>hac</span> <span class='ocrx_word' id='word_1_611' title='bbox 1509 2318 1602 2355; x_wconf 83' lang='lat' dir='ltr'>parte</span> <span class='ocrx_word' id='word_1_612' title='bbox 1630 2316 1669 2345; x_wconf 84' lang='lat' dir='ltr'>de</span> <span class='ocrx_word' id='word_1_613' title='bbox 1688 2315 1896 2355; x_wconf 84' lang='lat' dir='ltr'>benignitate</span> <span class='ocrx_word' id='word_1_614' title='bbox 1926 2315 2029 2345; x_wconf 88' lang='lat' dir='ltr'>solita</span> <span class='ocrx_word' id='word_1_615' title='bbox 2047 2323 2255 2345; x_wconf 86' lang='lat' dir='ltr'>curaremus.</span> 
     </span>
     <span class='ocr_line' id='line_1_90' title="bbox 1240 2368 2256 2409; baseline -0.003 -8"><span class='ocrx_word' id='word_1_616' title='bbox 1240 2371 1311 2401; x_wconf 79' lang='lat' dir='ltr'>Nos</span> <span class='ocrx_word' id='word_1_617' title='bbox 1330 2370 1445 2409; x_wconf 77' lang='lat' dir='ltr'>igitur,</span> <span class='ocrx_word' id='word_1_618' title='bbox 1460 2369 1622 2408; x_wconf 87' lang='lat' dir='ltr'>periculo,</span> <span class='ocrx_word' id='word_1_619' title='bbox 1636 2369 1815 2408; x_wconf 81' lang='lat' dir='ltr'>dispendio</span> <span class='ocrx_word' id='word_1_620' title='bbox 1834 2371 1863 2399; x_wconf 90' lang='lat' dir='ltr'>et</span> <span class='ocrx_word' id='word_1_621' title='bbox 1887 2368 2047 2399; x_wconf 84' lang='lat' dir='ltr'>scandalo</span> <span class='ocrx_word' id='word_1_622' title='bbox 2062 2368 2256 2407; x_wconf 86' lang='lat' dir='ltr'>hujusmodi</span> 
     </span>
     <span class='ocr_line' id='line_1_91' title="bbox 1241 2421 2257 2462; baseline -0.003 -8"><span class='ocrx_word' id='word_1_623' title='bbox 1241 2423 1428 2462; x_wconf 87' lang='lat' dir='ltr'>apostolica</span> <span class='ocrx_word' id='word_1_624' title='bbox 1456 2423 1632 2462; x_wconf 85' lang='lat' dir='ltr'>diligentia</span> <span class='ocrx_word' id='word_1_625' title='bbox 1662 2421 1798 2452; x_wconf 86' lang='lat' dir='ltr'>obviare</span> <span class='ocrx_word' id='word_1_626' title='bbox 1818 2422 1981 2458; x_wconf 77' lang='lat' dir='ltr'>volentes,</span> <span class='ocrx_word' id='word_1_627' title='bbox 2002 2422 2127 2452; x_wconf 86' lang='lat' dir='ltr'>vestris</span> <span class='ocrx_word' id='word_1_628' title='bbox 2145 2423 2176 2452; x_wconf 88' lang='lat' dir='ltr'>et</span> <span class='ocrx_word' id='word_1_629' title='bbox 2207 2429 2257 2451; x_wconf 86' lang='lat' dir='ltr'>ar-</span> 
     </span>
     <span class='ocr_line' id='line_1_92' title="bbox 1242 2475 2255 2515; baseline -0.002 -9"><span class='ocrx_word' id='word_1_630' title='bbox 1242 2476 1448 2515; x_wconf 87' lang='lat' dir='ltr'>chiepiscopi</span> <span class='ocrx_word' id='word_1_631' title='bbox 1465 2475 1707 2506; x_wconf 86' lang='lat' dir='ltr'>Bracharensis</span> <span class='ocrx_word' id='word_1_632' title='bbox 1723 2476 1754 2505; x_wconf 90' lang='lat' dir='ltr'>et</span> <span class='ocrx_word' id='word_1_633' title='bbox 1772 2475 2051 2513; x_wconf 83' lang='lat' dir='ltr'>coepiscoporum</span> <span class='ocrx_word' id='word_1_634' title='bbox 2063 2476 2255 2504; x_wconf 87' lang='lat' dir='ltr'>vestrorum</span> 
     </span>
     <span class='ocr_line' id='line_1_93' title="bbox 1242 2527 2259 2568; baseline -0.003 -8"><span class='ocrx_word' id='word_1_635' title='bbox 1242 2539 1279 2560; x_wconf 92' lang='lat' dir='ltr'>ac</span> <span class='ocrx_word' id='word_1_636' title='bbox 1297 2529 1441 2560; x_wconf 87' lang='lat' dir='ltr'>aliorum</span> <span class='ocrx_word' id='word_1_637' title='bbox 1457 2529 1689 2568; x_wconf 83' lang='lat' dir='ltr'>predictorum</span> <span class='ocrx_word' id='word_1_638' title='bbox 1714 2527 2024 2567; x_wconf 82' lang='lat' dir='ltr'>supplicationibus</span> <span class='ocrx_word' id='word_1_639' title='bbox 2056 2527 2126 2558; x_wconf 85' lang='lat' dir='ltr'>fore</span> <span class='ocrx_word' id='word_1_640' title='bbox 2147 2527 2259 2566; x_wconf 84' lang='lat' dir='ltr'>provi-</span> 
     </span>
     <span class='ocr_line' id='line_1_94' title="bbox 1242 2579 2257 2620; baseline -0.002 -8"><span class='ocrx_word' id='word_1_641' title='bbox 1242 2583 1355 2612; x_wconf 87' lang='lat' dir='ltr'>dimus</span> <span class='ocrx_word' id='word_1_642' title='bbox 1385 2581 1612 2612; x_wconf 88' lang='lat' dir='ltr'>annueudum.</span> <span class='ocrx_word' id='word_1_643' title='bbox 1638 2581 1797 2620; x_wconf 80' lang='lat' dir='ltr'>Ideoque,</span> <span class='ocrx_word' id='word_1_644' title='bbox 1814 2581 2034 2611; x_wconf 80' lang='lat' dir='ltr'>interdictum</span> <span class='ocrx_word' id='word_1_645' title='bbox 2060 2579 2257 2619; x_wconf 86' lang='lat' dir='ltr'>hujusmodi</span> 
     </span>
     <span class='ocr_line' id='line_1_95' title="bbox 1242 2631 2257 2674; baseline -0.004 -8"><span class='ocrx_word' id='word_1_646' title='bbox 1242 2635 1441 2666; x_wconf 86' lang='lat' dir='ltr'>auctoritate</span> <span class='ocrx_word' id='word_1_647' title='bbox 1459 2634 1644 2674; x_wconf 84' lang='lat' dir='ltr'>apostolica</span> <span class='ocrx_word' id='word_1_648' title='bbox 1664 2634 1859 2665; x_wconf 76' lang='lat' dir='ltr'>relaxantes</span> <span class='ocrx_word' id='word_1_649' title='bbox 1877 2642 1914 2664; x_wconf 86' lang='lat' dir='ltr'>ac</span> <span class='ocrx_word' id='word_1_650' title='bbox 1933 2633 2034 2664; x_wconf 86' lang='lat' dir='ltr'>cleris</span> <span class='ocrx_word' id='word_1_651' title='bbox 2048 2633 2199 2664; x_wconf 88' lang='lat' dir='ltr'>locorum</span> <span class='ocrx_word' id='word_1_652' title='bbox 2216 2631 2257 2662; x_wconf 87' lang='lat' dir='ltr'>ad</span> 
     </span>
     <span class='ocr_line' id='line_1_96' title="bbox 1242 2686 2256 2728; baseline -0.004 -9"><span class='ocrx_word' id='word_1_653' title='bbox 1242 2697 1305 2728; x_wconf 88' lang='lat' dir='ltr'>que</span> <span class='ocrx_word' id='word_1_654' title='bbox 1324 2689 1414 2719; x_wconf 84' lang='lat' dir='ltr'>idem</span> <span class='ocrx_word' id='word_1_655' title='bbox 1428 2697 1487 2718; x_wconf 89' lang='lat' dir='ltr'>rex</span> <span class='ocrx_word' id='word_1_656' title='bbox 1506 2687 1701 2726; x_wconf 84' lang='lat' dir='ltr'>Portugalie</span> <span class='ocrx_word' id='word_1_657' title='bbox 1727 2687 1883 2726; x_wconf 78' lang='lat' dir='ltr'>dictaque</span> <span class='ocrx_word' id='word_1_658' title='bbox 1900 2686 2037 2717; x_wconf 75' lang='lat' dir='ltr'>Beati-ix</span> <span class='ocrx_word' id='word_1_659' title='bbox 2054 2686 2108 2716; x_wconf 79' lang='lat' dir='ltr'>vel</span> <span class='ocrx_word' id='word_1_660' title='bbox 2138 2693 2256 2716; x_wconf 88' lang='lat' dir='ltr'>eorum</span> 
     </span>
     <span class='ocr_line' id='line_1_97' title="bbox 1242 2738 2255 2778; baseline -0.005 -6"><span class='ocrx_word' id='word_1_661' title='bbox 1242 2742 1326 2772; x_wconf 87' lang='lat' dir='ltr'>alter</span> <span class='ocrx_word' id='word_1_662' title='bbox 1343 2741 1551 2777; x_wconf 79' lang='lat' dir='ltr'>devenerint,</span> <span class='ocrx_word' id='word_1_663' title='bbox 1572 2740 1765 2771; x_wconf 85' lang='lat' dir='ltr'>celebrandi</span> <span class='ocrx_word' id='word_1_664' title='bbox 1783 2739 1887 2770; x_wconf 86' lang='lat' dir='ltr'>libere</span> <span class='ocrx_word' id='word_1_665' title='bbox 1915 2739 2017 2770; x_wconf 86' lang='lat' dir='ltr'>etiam</span> <span class='ocrx_word' id='word_1_666' title='bbox 2041 2738 2203 2778; x_wconf 86' lang='lat' dir='ltr'>quamdiu</span> <span class='ocrx_word' id='word_1_667' title='bbox 2223 2738 2255 2768; x_wconf 92' lang='lat' dir='ltr'>iu</span> 
     </span>
     <span class='ocr_line' id='line_1_98' title="bbox 1242 2791 2257 2828; baseline -0.005 -3"><span class='ocrx_word' id='word_1_668' title='bbox 1242 2795 1369 2825; x_wconf 88' lang='lat' dir='ltr'>eisdem</span> <span class='ocrx_word' id='word_1_669' title='bbox 1386 2794 1468 2825; x_wconf 85' lang='lat' dir='ltr'>locis</span> <span class='ocrx_word' id='word_1_670' title='bbox 1487 2794 1624 2828; x_wconf 87' lang='lat' dir='ltr'>fuerint,</span> <span class='ocrx_word' id='word_1_671' title='bbox 1641 2793 1756 2823; x_wconf 88' lang='lat' dir='ltr'>divina</span> <span class='ocrx_word' id='word_1_672' title='bbox 1773 2792 1884 2824; x_wconf 85' lang='lat' dir='ltr'>officia</span> <span class='ocrx_word' id='word_1_673' title='bbox 1900 2792 2018 2823; x_wconf 86' lang='lat' dir='ltr'>eadem</span> <span class='ocrx_word' id='word_1_674' title='bbox 2036 2791 2257 2822; x_wconf 83' lang='lat' dir='ltr'>concedentes</span> 
     </span>
     <span class='ocr_line' id='line_1_99' title="bbox 1242 2844 2258 2882; baseline -0.004 -5"><span class='ocrx_word' id='word_1_675' title='bbox 1242 2847 1441 2878; x_wconf 85' lang='lat' dir='ltr'>auctoritate</span> <span class='ocrx_word' id='word_1_676' title='bbox 1459 2847 1603 2877; x_wconf 84' lang='lat' dir='ltr'>liberam</span> <span class='ocrx_word' id='word_1_677' title='bbox 1624 2846 1830 2882; x_wconf 80' lang='lat' dir='ltr'>facultatem,</span> <span class='ocrx_word' id='word_1_678' title='bbox 1849 2844 2051 2876; x_wconf 83' lang='lat' dir='ltr'>fraternitati</span> <span class='ocrx_word' id='word_1_679' title='bbox 2067 2845 2178 2874; x_wconf 83' lang='lat' dir='ltr'>vestre</span> <span class='ocrx_word' id='word_1_680' title='bbox 2198 2851 2258 2882; x_wconf 78' lang='lat' dir='ltr'>per</span> 
     </span>
     <span class='ocr_line' id='line_1_100' title="bbox 1241 2896 2255 2939; baseline -0.006 -8"><span class='ocrx_word' id='word_1_681' title='bbox 1241 2900 1427 2939; x_wconf 88' lang='lat' dir='ltr'>apostolica</span> <span class='ocrx_word' id='word_1_682' title='bbox 1455 2900 1579 2939; x_wconf 88' lang='lat' dir='ltr'>scripta</span> <span class='ocrx_word' id='word_1_683' title='bbox 1612 2899 1814 2929; x_wconf 81' lang='lat' dir='ltr'>mandamus</span> <span class='ocrx_word' id='word_1_684' title='bbox 1838 2899 2005 2937; x_wconf 86' lang='lat' dir='ltr'>quatenus</span> <span class='ocrx_word' id='word_1_685' title='bbox 2039 2896 2255 2927; x_wconf 73' lang='lat' dir='ltr'>interdictum</span> 
     </span>
     <span class='ocr_line' id='line_1_101' title="bbox 1241 2949 2256 2992; baseline -0.004 -9"><span class='ocrx_word' id='word_1_686' title='bbox 1241 2953 1435 2992; x_wconf 85' lang='lat' dir='ltr'>hujusmodi</span> <span class='ocrx_word' id='word_1_687' title='bbox 1463 2953 1495 2983; x_wconf 91' lang='lat' dir='ltr'>iu</span> <span class='ocrx_word' id='word_1_688' title='bbox 1524 2953 1609 2983; x_wconf 85' lang='lat' dir='ltr'>locis</span> <span class='ocrx_word' id='word_1_689' title='bbox 1627 2952 1661 2982; x_wconf 86' lang='lat' dir='ltr'>in</span> <span class='ocrx_word' id='word_1_690' title='bbox 1680 2951 1804 2991; x_wconf 86' lang='lat' dir='ltr'>quibus</span> <span class='ocrx_word' id='word_1_691' title='bbox 1833 2950 1993 2990; x_wconf 81' lang='lat' dir='ltr'>expedire</span> <span class='ocrx_word' id='word_1_692' title='bbox 2014 2949 2182 2980; x_wconf 81' lang='lat' dir='ltr'>videritis.</span> <span class='ocrx_word' id='word_1_693' title='bbox 2197 2957 2256 2988; x_wconf 69' lang='lat' dir='ltr'>por</span> 
     </span>
    </p>
   </div>
  </div>
 </body>
</html>
