2547 3289
224 260 282 289 338

810 336 932 369 Orvicto,
950 335 984 362 28
999 336 1063 361 aont
1084 333 1158 360 lam.

313 344 384 373 713

259 425 395 459 Episcopo
424 423 635 450 tlonstantiensi
662 421 820 448 committit
848 419 974 446 osticium
1002 418 1174 445 visitationis
1204 419 1233 443 ct

223 472 437 500 reformationis
464 472 490 497 in
509 471 684 497 monasterio
704 468 926 503 llurchaugensi.
953 467 1030 502 titan.
1053 468 1096 497 28,
1122 466 1169 493 fol.
1187 467 1231 497 79,

222 529 288 548 ann.
309 520 355 554 111,
372 527 399 546 n⁰
414 521 491 551 315.)

260 632 275 646 «
299 644 304 648 .
326 642 330 647 .
351 619 492 658 episcopo
513 617 748 647 constantiensi.
769 617 868 647 Locis
892 625 955 655 que
976 615 1090 645 divino
1113 632 1162 644 —.
1183 615 1231 644 Ex

221 674 315 711 parte
334 671 503 710 siquidem
520 670 721 700 dilectarum
746 670 779 699 in
798 669 932 700 Christo
953 669 1101 698 filiarum
1128 692 1133 697 .
1153 691 1158 695 .
1180 666 1232 696 ab·

220 724 377 760 batisse‚.
397 749 402 754 .
422 723 608 759 ceIlararie,
625 723 836 754 Guerdrudis
861 723 892 752 et
908 721 1087 752 Gertrudis
1105 720 1231 750 monia-

221 777 317 812 lium,
335 778 384 811 R,
400 776 613 815 prebendarii
629 776 827 806 monasterii
848 773 1130 813 Burchaugensis‚
1147 773 1233 803 ordi-

220 830 274 859 nis
297 830 403 860 sancti
423 829 609 865 Benedicti,
637 838 673 859 ac
694 854 699 859 .
721 854 726 859 .
751 828 887 868 plebani
911 828 974 858 loci
992 827 1156 866 eiusdem,
1177 828 1232 856 tue

220 883 382 916 diocesis,
414 883 475 912 suit
505 882 719 921 propositum
752 891 864 912 corani
896 881 993 911 nobis
1020 881 1124 919 quod,
1155 880 1233 910 licet

220 936 466 966 monasterium
488 935 598 974 ipsum
618 936 735 965 florere
758 935 791 965 in
812 934 1050 974 spiritualibus
1064 935 1096 963 et
1110 933 1233 963 habun—

221 989 301 1019 dare
320 989 353 1018 in
371 987 617 1027 temporalibus
636 988 850 1019 consueverit
868 987 908 1017 ab
926 987 1075 1025 antiquo,
1097 988 1234 1025 propter

221 1041 388 1072 malitiam
419 1042 530 1071 tamen
561 1041 734 1080 temporis,
767 1041 993 1080 malignorum
1022 1040 1178 1069 incursus
1202 1040 1234 1069 et

222 1094 465 1124 dissolutiones
495 1094 706 1132 quarundam
741 1093 941 1124 monialium
973 1093 1136 1132 ejusdem,
1171 1101 1234 1130 que

223 1147 359 1177 suerunt
378 1156 437 1185 pro
464 1148 626 1186 tempore,
646 1147 686 1177 ad
710 1148 837 1177 tantam
861 1146 1104 1177 desolationem
1124 1146 1235 1175 dinos-

222 1201 308 1231 citur
318 1200 507 1236 devenisse,
524 1202 559 1230 ut
572 1200 607 1230 in
619 1209 668 1234 eo,
681 1200 715 1230 in
729 1209 794 1239 quo
811 1199 1056 1238 quinquaginta
1070 1199 1235 1229 moniales

221 1255 253 1284 et
277 1262 444 1292 quamque
464 1253 579 1291 plures
603 1253 729 1283 divinis
750 1252 909 1282 laudibus
932 1252 1148 1287 insistebant,
1170 1260 1235 1281 non

220 1306 288 1336 nisi
303 1306 451 1345 predicte
474 1308 504 1336 et
527 1308 671 1345 quatuor
688 1306 752 1336 alie
766 1306 932 1336 moniales
947 1305 1137 1344 juvencule,
1157 1313 1233 1343 que,

220 1359 368 1398 peccatis
385 1359 611 1398 exigentibus,
628 1359 773 1388 nimium
786 1360 864 1389 sunt
880 1359 1016 1392 lascive,
1031 1358 1234 1387 remansisse

222 1414 414 1448 noscantur,
435 1412 550 1450 sicque
571 1412 697 1442 dictum
719 1411 964 1442 monasterium
982 1411 1063 1440 adeo
1083 1411 1116 1440 in
1135 1411 1235 1440 utris-

221 1474 286 1504 que
314 1464 556 1495 miserabiliter
593 1466 643 1494 est
672 1464 860 1503 collapsum
892 1464 997 1503 quod,
1032 1463 1130 1493 bonis
1163 1463 1235 1501 ejus

221 1518 358 1548 omnino
379 1518 446 1548 sere
465 1517 651 1555 deperditis
669 1526 729 1548 seu
754 1517 938 1553 distractis,
961 1526 1038 1555 spes
1062 1517 1176 1555 aliqua
1199 1518 1235 1546 ut

221 1578 397 1609 resurgere
417 1579 476 1609 per
501 1579 536 1600 se
562 1570 674 1608 ipsum
693 1570 814 1606 valeat,
834 1579 899 1600 non
926 1569 1099 1600 remansit.
1125 1570 1234 1605 Quare

221 1622 395 1653 abbat1ssa
407 1624 439 1652 et
451 1623 509 1652 alii
520 1623 706 1661 supradicti
722 1623 896 1653 humiliter
909 1623 1074 1662 postulari
1086 1623 1235 1653 fecerunt

221 1684 239 1705 a
256 1675 364 1711 nobis,
388 1678 423 1706 ut
438 1676 682 1706 monasterium
701 1677 813 1715 ipsum
828 1676 868 1706 de
886 1676 964 1706 aliis
984 1676 1139 1715 personis
1158 1676 1235 1706 reli-

221 1729 338 1768 giosis,
357 1730 388 1759 et
411 1729 603 1768 specialiter
622 1729 662 1759 de
680 1729 814 1760 dilectis
831 1729 912 1759 filiis
929 1729 1092 1759 fratribus
1114 1729 1235 1767 Hospi-

218 1783 299 1814 talis
317 1786 430 1814 sancte
448 1784 553 1814 Marie
573 1784 857 1815 Theutonioorum
875 1785 945 1823 qui,
965 1785 1112 1823 regulari
1126 1784 1237 1815 obser-

219 1836 332 1867 vantie
354 1836 488 1875 piisque
515 1837 635 1867 intenti
655 1837 826 1876 operibus,
858 1837 918 1868 tali
939 1838 1088 1876 potentia
1105 1837 1139 1867 in
1164 1838 1234 1867 illis

218 1889 372 1928 partibus
401 1891 477 1920 sunt
507 1890 644 1926 muniti,
675 1891 763 1929 quod
793 1891 881 1921 idem
914 1891 1155 1921 monasterium
1176 1899 1235 1930 per

219 1951 277 1973 eos
301 1942 448 1973 creditur
468 1951 567 1981 posse
588 1943 621 1972 in
641 1944 767 1973 statum
786 1952 949 1982 exurgere
966 1944 1161 1977 salutarem,
1180 1953 1235 1982 pa-

219 1996 315 2025 terna
340 1995 568 2026 sollicitudine
596 1996 774 2027 reformari
801 2006 837 2027 ac
864 1997 949 2026 illud
976 1997 1063 2026 uniri
1093 1997 1233 2033 eisdem,

219 2048 267 2078 ita
285 2049 384 2086 quod,
403 2048 563 2086 predictis
582 2050 614 2079 et
627 2049 784 2079 omnibus
801 2050 956 2088 personis
977 2050 1085 2088 ipsius
1104 2057 1235 2080 monas-

218 2101 296 2132 terii
317 2102 356 2131 ad
378 2110 517 2140 presens
545 2102 579 2131 in
597 2111 634 2132 eo
656 2102 868 2141 degentibus,
889 2103 968 2132 dum
986 2103 1146 2139 vixerint,
1168 2103 1235 2133 vite

219 2154 411 2184 necessaria
437 2154 631 2185 ministrare
655 2157 844 2191 teneantur,
867 2157 1089 2194 congruenter
1114 2155 1233 2186 facere-

219 2216 306 2238 mus.
318 2207 403 2242 Quia
416 2216 493 2238 vcro
509 2207 606 2237 nobis
620 2216 685 2238 non
701 2209 902 2238 eonstititde
915 2209 1105 2247 premissis,
1121 2209 1235 2239 frater-

219 2260 317 2290 nitati
329 2262 395 2296 tue,
405 2261 444 2290 de
455 2269 520 2299 qua
529 2261 563 2291 in
575 2261 718 2291 Domino
729 2262 863 2300 plenam
874 2261 1066 2292 obtinemus
1078 2262 1234 2292 tiduciam

219 2314 308 2352 quod
324 2313 356 2343 in
374 2314 596 2352 procurandis
614 2314 806 2353 hujusmodi
824 2315 975 2345 locorum
990 2315 1050 2345 tibi
1069 2315 1234 2353 subjocto-

219 2374 293 2396 rum
313 2366 522 2404 profectibus
545 2367 593 2397 sis
611 2369 775 2406 oportuno
795 2369 946 2406 tempore
968 2368 1154 2402 studiosus,
1176 2377 1234 2407 per

219 2419 404 2457 apostolica
437 2421 562 2458 scripta
592 2421 793 2451 mandamus
822 2421 981 2459 quatinus
1006 2421 1232 2460 personaliter

219 2472 260 2502 ad
278 2472 388 2502 locum
405 2473 578 2509 accedens,
597 2474 628 2503 et
641 2472 770 2503 habens
787 2482 845 2512 pre
861 2474 967 2503 oculis
984 2474 1093 2504 solum
1113 2475 1232 2511 Deum,

220 2525 249 2554 si
266 2532 320 2554 res
338 2525 509 2555 inveneris
529 2526 574 2556 ita
598 2534 685 2562 esse,
705 2526 793 2556 circa
812 2527 1056 2557 'correctionem
1076 2536 1232 2566 persona·

218 2585 295 2607 rum
322 2576 515 2616 hujusmodi
537 2580 569 2608 et
597 2578 870 2609 reformationem
898 2579 1006 2618 ipsius
1034 2580 1232 2610 monasterii

219 2629 260 2660 de
275 2630 412 2669 proprio
433 2640 493 2661 suo
512 2630 628 2662 ordine
648 2631 846 2667 faciendam,
865 2632 970 2663 libere
987 2633 1087 2663 officii
1110 2633 1158 2663 tui
1177 2633 1231 2663 de-

982 253 1048 282 Illi<
1059 250 1224 281 ils'sRES
1252 248 1465 280 D’URBAIN
1492 248 1550 278 IV.

1292 330 1399 361 bitum
1419 329 1610 368 exequaris.
1629 328 1724 364 Quod
1751 328 1779 358 si
1798 327 1882 357 forte
1908 327 2035 357 dictum
2058 327 2302 357 monasterium

1292 385 1331 414 de
1351 383 1467 413 ordine
1486 392 1546 412 suo
1566 381 1742 412 reformari
1763 389 1827 411 non
1846 380 1965 418 possit,
1986 382 2021 409 tu
2041 387 2104 418 que
2119 387 2220 417 super
2236 379 2303 408 hiis

1293 437 1412 467 seceris
1436 438 1467 466 et
1491 435 1673 470 inveneris,
1696 433 1794 464 nobis
1822 441 1881 472 per
1904 435 1978 463 tuas
2003 432 2136 462 litteras
2160 431 2304 461 fideliter

1292 489 1450 520 intimare
1475 496 1647 527 procures,
1672 488 1708 516 ut
1736 495 1795 525 per
1821 494 1892 522 nos,
1919 485 2018 515 dante
2042 484 2200 518 Domino,
2219 483 2305 513 illud

1293 543 1481 581 apponatur
1496 540 1678 571 consilium
1693 540 1781 579 quod
1801 539 1834 569 in
1859 539 1919 568 hac
1937 539 2031 576 parte
2051 537 2152 567 fuerit
2172 538 2304 575 oportu-

1293 604 1384 625 num.
1400 595 1524 625 Datum
1540 594 1626 632 apud
1639 593 1931 627 Urbemveterem,
1950 601 1966 619 v
1984 590 2150 620 kalendas
2163 591 2307 628 septem-

1292 648 1375 683 bris,
1396 656 1482 677 anno
1501 647 1573 676 1110.
1599 660 1613 674 »

1795 806 1919 836 orvietm
1942 808 1957 832 2
1974 806 2140 840 septembre
2159 805 2235 832 1204.

1385 810 1456 841 714

1329 891 1464 927 Gregorio
1482 892 1596 917 mandat
1616 894 1645 917 ut
1662 891 1795 921 Adotaui,
1813 890 1948 916 abbatom
1969 890 2135 916 monasterii
2153 889 2186 915 de
2203 889 2308 922 Insula,

1292 942 1465 968 Vulteranue
1481 940 1614 967 diocesis.
1633 941 1668 965 ad
1679 940 1858 966 audientiam
1872 939 2061 973 apostolicam
2077 938 2156 965 citet.
2172 939 2249 973 (Hac.
2263 938 2309 971 28,

1294 991 1342 1017 l‘ol.
1358 991 1401 1021 79,
1428 998 1495 1016 ann.
1515 989 1560 1020 111,
1577 993 1608 1015 n⁰
1628 989 1704 1020 3103.)

1335 1108 1349 1124 «
1378 1095 1537 1135 Greqorio,
1552 1083 1682 1134 pselmno
1697 1093 1792 1133 plebis
1808 1093 1844 1122 de
1860 1093 2077 1126 ,llarmoraciffl
2091 1093 2233 1122 Senensis
2248 1092 2311 1121 ‹lio-

1291 1149 1379 1180 cesis.
1395 1149 1510 1187 Nuper
1523 1148 1564 1177 ad
1582 1149 1735 1177 nostrum
1749 1146 1901 1185 pervenit
1915 1146 2069 1176 auditum
2086 1145 2174 1184 quod
2188 1145 2308 1180 Adota,

1296 1203 1352 1241 qui
1381 1210 1440 1240 pro
1471 1200 1590 1231 abbate
1622 1199 1820 1230 monasterii
1849 1199 1888 1229 de
1913 1199 2041 1231 Insula,
2061 1198 2102 1227 ad
2120 1199 2309 1228 Romanam

1296 1255 1473 1285 ecclesiam
1492 1253 1587 1283 nullo
1605 1253 1716 1282 medio
1735 1252 1951 1290 pertinentis,
1975 1251 2105 1281 ordinis
2125 1251 2232 1281 sans-ti
2252 1251 2311 1281 Be-

1296 1307 1433 1344 nedicti,
1452 1306 1598 1336 diocesis
1612 1305 1809 1339 Yulterane,
1828 1314 1863 1334 se
1882 1305 1979 1343 gerit.
2002 1304 2043 1334 ad
2064 1305 2194 1334 tantum
2213 1304 2309 1334 deve-

1296 1361 1343 1390 nit
1378 1360 1502 1390 mentis
1533 1367 1724 1395 excessum,
1758 1358 1846 1397 quod
1879 1358 2106 1396 juramentum
2136 1357 2311 1388 fidelitatis

1294 1414 1454 1446 <on-dano,
1472 1413 1594 1443 fautori
1611 1414 1643 1442 et
1661 1414 1739 1442 tunc
1759 1412 1937 1447 Manfredi‚
1957 1411 2127 1450 quondam
2145 1411 2311 1450 principis

1296 1466 1484 1502 Tarentini,
1506 1465 1734 1505 persecutoris
1753 1465 1905 1499 ecclesie,
1921 1464 2097 1502 capitaneo
2115 1473 2174 1494 seu
2194 1464 2311 1494 nuntio

1297 1521 1329 1550 in
1360 1520 1464 1550 terris
1493 1519 1616 1549 Tuscie
1651 1518 1715 1548 sibi
1747 1517 1999 1551 adherentibus,
2017 1525 2103 1547 ausu
2132 1517 2311 1547 temerario

1296 1573 1456 1612 prestitit,
1484 1574 1516 1602 et
1541 1572 1582 1602 ab
1604 1571 1802 1602 hominibus
1829 1571 1868 1601 de
1887 1570 2038 1604 Cortino,
2061 1570 2221 1600 vassallis
2238 1578 2311 1609 pre-

1297 1626 1357 1656 fati
1381 1625 1593 1662 monasterii,
1607 1626 1840 1664 juramentum
1857 1624 1971 1654 simile
1990 1623 2135 1662 prestari
2153 1623 2313 1662 dampna-

1295 1679 1411 1709 biliter
1429 1679 1632 1718 procuravit.
1661 1678 1753 1708 Idem
1782 1686 1915 1716 quoque
1942 1677 2050 1707 Adota
2069 1676 2253 1706 illiteratus
2279 1678 2311 1706 et

1297 1733 1509 1763 insufficiens
1525 1741 1585 1762 seu
1598 1732 1711 1762 minus
1724 1731 1878 1770 ydoneus
1893 1731 1933 1760 ad
1949 1731 2100 1769 regimen
2113 1729 2311 1760 monasterii

1297 1786 1482 1824 supradicti
1508 1794 1649 1824 prorsus
1673 1785 1836 1817 existens,
1865 1783 1953 1813 bona
1982 1784 2091 1822 ipsius
2113 1782 2312 1813 monasterii

1297 1839 1378 1868 adeo
1396 1839 1561 1878 dilapidat
1578 1838 1763 1868 enormiter
1781 1839 1811 1867 et
1834 1837 2015 1872 consumit,
2034 1838 2082 1870 ut,
2103 1836 2169 1866 nisi
2185 1844 2244 1875 per
2262 1844 2312 1866 se-

1297 1892 1371 1922 dem
1406 1892 1627 1930 apostolicam
1659 1891 1827 1921 maturius
1857 1890 2064 1920 monasterio
2095 1891 2312 1919 succurratur

1296 1945 1418 1979 eidem,
1449 1945 1506 1975 vix
1538 1946 1595 1974 aut
1623 1953 1796 1982 nunquam
1823 1944 1945 1973 adiciet
1972 1945 2007 1973 ut
2034 1944 2198 1981 resurgat.
2227 1942 2310 1972 Cum

1297 1998 1398 2036 igitur
1429 1999 1533 2028 nostri
1564 1997 1776 2036 appositione
1809 1996 1944 2027 consilii
1972 2004 2073 2034 super
2105 1995 2166 2025 hoc
2196 1995 2309 2025 deceat

1297 2050 1480 2081 salubriter
1497 2050 1679 2089 provideri,
1694 2059 1766 2086 nos.
1786 2050 1824 2079 de
1842 2051 1899 2080 tua
1915 2049 2216 2087 circumspectione
2236 2057 2312 2078 con-

1297 2104 1362 2138 tisi,
1384 2104 1585 2133 mandamus
1604 2103 1776 2142 quatinus,
1807 2103 1836 2132 si
1862 2101 1925 2132 tibi
1949 2101 2137 2132 constiterit
2165 2101 2309 2131 eundem

1296 2157 1441 2187 Adotam
1462 2165 1564 2195 super
1583 2156 1762 2195 premissis
1790 2158 1844 2186 aut
1866 2155 2039 2194 aliquibus
2062 2154 2309 2193 premissorum

1297 2210 1437 2240 infamia
1464 2209 1598 2248 publica
1627 2209 1791 2239 laborare.
1824 2209 1936 2247 ipsum
1964 2208 2165 2238 auctoritate
2195 2210 2311 2238 nostra

1296 2272 1354 2301 per
1372 2264 1403 2293 te
1422 2262 1474 2292 vel
1500 2272 1557 2301 per
1582 2263 1687 2292 alium
1712 2262 1938 2301 peremptorie
1957 2261 2061 2291 citare
2080 2269 2254 2300 procures,
2274 2262 2310 2291 ut

1296 2316 1383 2346 iutra
1402 2316 1594 2355 quindecim
1612 2315 1685 2345 dies
1713 2318 1786 2354 post
1812 2314 2007 2345 citationem
2025 2316 2130 2350 tuam,
2150 2322 2310 2352 persona-

1296 2369 1373 2399 liter
1398 2371 1590 2407 compareat
1611 2378 1722 2399 coram
1741 2368 1849 2403 nobis,
1869 2376 1928 2407 pro
1949 2368 2080 2398 meritis
2098 2369 2307 2406 recepturus.

1295 2422 1462 2461 Quicquid
1489 2424 1600 2453 autem
1631 2422 1706 2452 inde
1736 2422 1855 2452 feceris
1882 2423 1912 2451 et
1938 2421 2121 2455 inveneris,
2152 2429 2189 2451 ae
2218 2420 2308 2450 diem

1295 2476 1467 2506 citationis
1488 2478 1517 2506 el
1544 2476 1686 2509 'hu-inam
1706 2475 1803 2506 nobis
1824 2484 1882 2514 per
1901 2477 1976 2505 tuas
1999 2474 2130 2504 litteras
2155 2476 2308 2504 tenorem

1294 2529 1504 2567 presentium
1535 2529 1758 2559 continentes.
1782 2536 1951 2567 exponere
1977 2527 2123 2557 fideliter
2149 2535 2215 2557 non
2240 2534 2309 2556 om-

1295 2581 1422 2611 mittas.
1451 2582 1574 2612 Datum
1604 2582 1693 2621 apud
1717 2581 2006 2616 Urbemveterem,
2030 2589 2078 2611 1111
2105 2588 2210 2617 nonas
2236 2587 2310 2617 sep-

1294 2634 1448 2670 tembris,
1468 2643 1555 2665 anno
1574 2635 1644 2665 111⁰.
1667 2649 1680 2662 »ι
