2547 3289
1112 216 1327 248 D'URBAIN
1350 217 1408 247 IV.

257 304 482 345 Raymundus
492 304 584 334 Petri
593 303 634 334 de
643 305 712 334 tota
721 304 810 333 terra
819 311 881 332 sua
888 302 973 332 duos
984 301 1228 332 marabutinos.

256 357 343 388 Item
360 357 543 396 episcopus
565 355 872 396 Magalonensis....
892 355 1055 385 comitatu
1074 354 1230 394 Melgorii

219 410 291 441 sive
307 409 627 441 Montis—Ferrandi.

257 463 346 493 Villa
367 462 671 494 Montis-pesulani
692 462 776 492 duas
803 469 936 492 marcas
962 460 1048 496 auri,
1073 459 1230 490 videlicet

217 516 379 546 ducentos
401 515 669 546 massemutinos
691 514 866 545 annuatim
890 514 925 544 in
946 513 1031 544 festo
1049 513 1231 544 Resurrec-

216 568 321 599 tionis
338 569 487 599 Domjni.

256 625 410 656 Ecclesia
427 626 536 656 sancti
558 625 651 656 Petri
678 623 928 664 Magalonensis
944 624 1014 653 tres
1036 622 1153 653 obolos
1178 631 1232 652 au-

218 687 307 709 reos.

337 731 374 760 In
391 732 570 772 episcopatu
588 730 733 767 Uticensi,
761 729 962 759 Willelmus
983 729 1025 759 de
1042 729 1150 759 Turre
1168 736 1228 767 pro

257 793 295 815 eo
313 785 404 824 sfuod
424 785 578 816 Romana
594 783 738 814 ecclesia
758 782 858 813 habet
875 782 909 812 in
930 782 1128 813 Manso-Dei
1145 782 1230 812 duos

259 837 480 868 malachinos.

257 890 504 921 Monasterium
524 891 640 920 sancte
657 889 764 920 Marie
783 888 1008 920 Vallis-Salve
1031 897 1138 919 unum
1154 887 1232 918 obo-

218 943 291 974 lum
306 952 459 974 aureum.

257 996 424 1027 Dominus
443 996 547 1026 castri
562 996 603 1026 de
626 995 846 1026 viridi-Folio
864 997 896 1025 et
914 994 1107 1025 medietatis
1129 994 1231 1024 castri

216 1049 257 1081 de
274 1049 498 1080 Petrasadula
517 1057 624 1079 unum
639 1057 780 1079 aureum
795 1057 855 1087 pro
872 1048 1002 1078 eisdem
1020 1047 1163 1087 singulis
1177 1055 1234 1077 an-
1261 1062 1263 1066 ·

217 1111 283 1133 ms.

336 1155 373 1184 In
401 1155 583 1196 episcopatu
612 1154 754 1191 Eluensi,
789 1154 1035 1185 monasterium
1063 1154 1231 1184 Arulense

258 1217 364 1239 unum
378 1208 644 1239 marabutinum.

257 1262 502 1292 Monasterium
532 1262 641 1292 sancti
676 1261 814 1292 Martini
844 1261 885 1291 de
919 1261 1093 1292 Caninone
1124 1268 1232 1291 unum

218 1314 486 1345 marabutinum.

257 1368 503 1399 Monasterium
525 1369 641 1398 sancte
669 1368 776 1398 Marie
795 1368 836 1398 de
852 1367 979 1407 Campo
995 1367 1080 1398 duos
1102 1367 1231 1398 solidos

217 1421 312 1452 illius
327 1423 474 1452 monete.

335 1474 373 1504 In
410 1475 684 1514 archiepiscopatu
732 1473 960 1509 Tmaconensi‚
1008 1473 1233 1512 archiepisco-

216 1536 280 1567 pus
295 1528 561 1558 Terraconensis
578 1526 677 1557 debet
698 1527 739 1557 de
760 1528 909 1566 quodam
928 1527 1044 1566 predio
1066 1527 1107 1557 de
1124 1527 1232 1557 Villa-

218 1579 367 1614 francha,
392 1580 484 1618 quod
518 1580 583 1610 fuit
620 1579 815 1610 carbonelli
839 1581 871 1610 et
894 1580 946 1609 est
975 1579 1011 1608 in
1032 1579 1232 1617 episcopatu

216 1633 497 1669 Barchinonensi,
517 1634 586 1663 tres
605 1632 854 1663 marabutinos.

256 1685 409 1716 Illustris
436 1695 496 1716 rex
522 1687 719 1725 Aragonum
752 1685 900 1725 singulis
933 1685 1032 1715 annis
1068 1686 1231 1716 ducentos

216 1739 464 1778 qulnquaginta
481 1739 599 1769 obolos
618 1739 706 1769 auri.

257 1792 376 1823 Comes
391 1792 678 1823 Barchinonensis
690 1791 836 1831 singulis
846 1792 1086 1831 quinquenniis
1098 1791 1219 1831 viginti

217 1846 368 1885 quinque
383 1845 490 1876 libras
509 1846 639 1884 argenti
658 1845 850 1884 purissimi.

342 1898 379 1927 ln
393 1899 569 1938 episcopatu
585 1897 844 1934 Bar-chinonensi,
863 1898 1110 1928 monasterium
1123 1898 1233 1928 sancti

257 1951 356 1982 Pauli
372 1960 479 1982 unum
496 1950 762 1982 marabutinum.

200 2007 207 2011 ’
256 2005 503 2035 Monasterium
533 2005 641 2035 sancti
669 2004 764 2035 Petri
790 2004 983 2043 puellarum
1001 2004 1139 2034 tertiam
1158 2013 1234 2043 par-

216 2059 287 2088 tem
304 2058 435 2088 fructus
453 2057 574 2088 allodii
589 2058 625 2088 in
640 2066 707 2097 quo
722 2057 828 2088 situm
845 2059 908 2096 est,
925 2065 990 2096 que
1006 2057 1170 2088 extimata
1181 2060 1233 2089 est

218 2119 282 2142 sex
296 2111 544 2142 marabutinos.

258 2164 410 2195 Ecclesia
442 2165 552 2195 sancti
580 2164 722 2195 Antonii
752 2163 1040 2195 Barchinonensis
1068 2173 1168 2194 unam
1195 2164 1235 2194 li—

218 2216 316 2247 bram
333 2226 422 2248 cere.

259 2270 506 2301 Monasterium
521 2271 563 2301 de
576 2270 703 2302 Grassa
719 2278 823 2300 unum
840 2269 1103 2301 marabutinum.

258 2323 399 2354 Mansus
427 2324 536 2354 sancti
553 2323 691 2354 Genesii
708 2323 749 2354 de
774 2323 956 2362 Amigdala
974 2323 1154 2355 duodecim
1180 2324 1236 2354 de·

220 2376 334 2406 uarios
350 2376 613 2416 melgurienseS.

341 2429 379 2458 ln
413 2429 593 2470 episcopatu
623 2429 822 2464 Gerundensi,
851 2431 1097 2461 monasterium
1127 2431 1236 2461 sancti

260 2483 354 2513 Petri
372 2483 413 2512 de
431 2483 538 2513 Rodis
556 2483 641 2513 duos
658 2482 905 2514 marabutinos.

260 2536 507 2566 Monasterium
532 2537 642 2566 sancti
666 2536 760 2567 Petri
776 2536 969 2567 Bisulduno
987 2536 1137 2576 quinque
1154 2535 1235 2566 slio-

221 2589 282 2619 dos
302 2590 436 2619 monete
453 2588 708 2628 melguriensis.

261 2642 509 2672 Mon-asterium
524 2644 639 2672 sancte
651 2641 758 2672 Marie
773 2642 990 2673 Bisuldensis
1007 2643 1093 2673 duos
1106 2643 1236 2673 solidos

223 2695 318 2726 illius
337 2697 483 2725 monete.

262 2748 508 2779 Monasterium
535 2747 644 2778 sancti
670 2747 795 2778 Felicis
821 2748 861 2778 de
889 2748 1029 2779 Cadinis
1058 2749 1236 2780 duodecim

223 2801 381 2832 denarios
402 2801 496 2831 illius
514 2803 661 2831 monete.

262 2854 511 2885 Monasterium
529 2856 644 2885 sancte
661 2854 768 2885 Marie
782 2854 995 2885 Ameriensis
1007 2863 1114 2886 unum
1128 2863 1238 2886 mara-

224 2907 392 2938 butinam.

2247 219 2305 249 133

1332 301 1575 332 Monasterium
1591 302 1698 332 sancti
1717 303 1840 333 Felicis
1858 303 2091 333 KVisalnensis
2105 312 2211 334 unum
2228 303 2307 335 obo-

1291 353 1363 384 lum
1380 362 1533 385 aureum.

1410 410 1447 440 In
1473 412 1652 451 episcopatu
1688 411 1812 449 Vicensz',
1844 414 2089 444 monasterium
2117 414 2225 444 sancti
2251 415 2305 444 -Jo-

1332 463 1453 494 hannis
1471 465 1718 504 Rivipollensis
1732 467 1801 496 tres
1821 465 2067 496 marabutinos.

1331 518 1577 548 Monasterium
1595 518 1704 548 sancti
1730 519 1903 549 Benedicti
1920 519 1959 550 ule
1976 521 2075 559 Bagis
2101 523 2169 551 tres
2196 529 2306 551 mara·

1292 570 1441 601 butinos.

1331 624 1577 654 Monasterium
1602 626 1716 654 sancte
1741 624 1846 654 Marie
1874 625 2120 664 Rivipollensis
2146 628 2215 657 tres
2234 635 2304 657 ma-

1292 677 1480 707 rabutinos.

1332 735 1502 766 Canonica
1516 734 1624 765 sancti
1642 735 1814 764 Vincentii
1827 735 1867 765 de
1891 734 2102 766 Petra-Bona
2125 736 2304 767 duedecim

1292 788 1450 818 denarios
1468 787 1772 819 Barchinonenses.

1417 845 1452 874 ln
1468 846 1646 885 episcopatu
1662 844 1825 875 [lev-densi.
1844 845 2090 875 monasterium
2109 847 2219 876 sancti
2235 848 2306 877 Vic-

1332 898 1456 928 tori-ani
1473 898 1650 928 dimidiam
1668 898 1803 928 unciam
1821 899 1906 928 auri.

1411 955 1450 984 In
1476 956 1656 996 episcopatu
1686 955 1818 992 Oscensi,
1849 956 2095 986 monasterium
2118 957 2228 987 sancti
2254 958 2307 987 Jo-

1332 1007 1454 1038 hannis
1472 1009 1512 1039 de
1531 1009 1631 1039 Pinia
1649 1018 1751 1039 unam
1766 1009 1901 1039 unciam
1919 1010 2007 1039 auri.

1333 1061 1580 1092 Mon-asterium
1597 1063 1705 1092 sancti
1726 1062 1813 1092 Petri
1836 1062 1876 1092 de
1899 1062 1999 1092 Lasis
2027 1065 2172 1101 quatuor
2197 1071 2306 1094 mara-

1292 1114 1441 1144 butinos.

1332 1172 1486 1202 Ecclesia
1502 1172 1664 1203 Oscensis
1680 1171 1859 1202 dimidiam
1877 1172 2012 1202 unciam
2031 1173 2118 1202 auri.

1333 1225 1503 1256 CanonIca
1519 1225 1858 1264 Montis-Aragonum
1874 1233 1977 1254 unam
1994 1225 2129 1255 unciam
2146 1226 2232 1255 auri.

1413 1282 1451 1311 In
1474 1282 1650 1321 episcopati:
1670 1281 1877 1317 Tirasonensi,
1903 1281 2046 1312 ecclesia
2068 1284 2183 1312 sancte
2201 1282 2307 1313 Marie

1334 1336 1399 1366 sita
1414 1336 1448 1366 in
1465 1338 1576 1366 castro
1594 1335 1713 1366 Tutele
1731 1335 1822 1366 sol...
1839 1335 2090 1365 Sancertorum.
2114 1362 2117 1363 γ

1413 1392 1451 1422 In
1483 1394 1662 1433 episcopatu
1702 1391 1885 1432 L=*''r·93llensi‚
1920 1393 2169 1423 monasterium
2198 1393 2306 1423 sancti

1333 1447 1508 1477 Saturnini
1521 1455 1581 1485 per
1590 1447 1741 1485 spatium
1753 1447 1884 1484 septem
1895 1453 2060 1476 annorum
2070 1454 2174 1475 unam
2183 1445 2308 1476 libram

1334 1500 1477 1539 argenti.

1332 1553 1484 1583 Ecclesia
1503 1553 1708 1592 Aggerensis
1725 1554 1795 1582 tres
1811 1551 2058 1582 marabutinos.

1332 1606 1485 1636 Ecclesia
1508 1608 1622 1635 sancte
1649 1605 1755 1635 Marie
1783 1604 2007 1643 Urgellensis‚
2037 1613 2102 1643 que
2123 1607 2174 1634 est
2197 1604 2307 1634 cathe-

1293 1658 1411 1692 dralis,
1430 1667 1534 1688 unam
1552 1659 1687 1688 unciam
1705 1658 1792 1688 auri.

1333 1711 1486 1742 Ecclesia
1499 1711 1679 1742 Gerrensis
1697 1719 1801 1740 unam
1817 1710 1952 1740 unciam
1967 1710 2111 1748 argenti.

1334 1764 1534 1803 Prepositus
1550 1764 1591 1794 de
1609 1764 1716 1794 Muris
1731 1763 1816 1793 duos
1831 1762 1971 1793 solidos

1332 1817 1486 1847 Ecclesia
1511 1817 1620 1847 sancti
1650 1817 1744 1846 Petri
1772 1817 1812 1846 de
1840 1816 1982 1846 Devotis
2007 1816 2145 1846 tertiam
2174 1819 2306 1855 partem

1296 1870 1425 1900 fructus
1445 1869 1563 1900 allodii
1581 1870 1615 1899 in
1631 1878 1696 1908 quo
1714 1870 1781 1899 sita
1798 1871 1860 1899 est.

1335 1923 1560 1962 Raymundus
1586 1922 1766 1953 Guillelmi
1788 1921 1908 1952 obtulit
1926 1921 2024 1951 beato
2040 1921 2141 1952 Petro
2159 1921 2224 1951 duo
2239 1930 2310 1952 cas-

1296 1978 1361 2013 tra,
1390 1985 1496 2006 unum
1523 1976 1648 2006 dicitur
1674 1974 1850 2011 Labariola,
1878 1975 2025 2005 alterum
2052 1974 2219 2010 Talteuola,
2246 1974 2310 2005 sub

1295 2030 1458 2069 pensione
1477 2031 1624 2068 quatuor
1640 2029 1818 2059 unciarum
1836 2027 1924 2058 auri.

1335 2087 1581 2118 Monasterium
1595 2086 1703 2117 sancti
1719 2086 1814 2116 Petri
1830 2085 1870 2116 de
1888 2085 2044 2116 Porcella
2056 2093 2158 2115 unam
2175 2085 2311 2115 unciam

1295 2140 1383 2171 auri.

1415 2197 1452 2227 In
1504 2198 1684 2238 episcopatu
1733 2195 2011 2235 Cesarauqustano,
2062 2195 2308 2226 monasterium

1337 2253 1452 2282 sancte
1469 2251 1627 2282 Caterine
1643 2251 1949 2289 Cesaraugustane,
1968 2249 2098 2280 ordinis
2121 2250 2226 2279 sancti
2243 2248 2310 2279 Da-

1336 2304 1456 2341 miani,
1475 2313 1579 2334 unam
1593 2303 1717 2334 libram
1735 2312 1810 2333 cere
1826 2303 2015 2333 annuatim.

1416 2361 1454 2391 In
1488 2362 1665 2401 episcopatu
1702 2360 1943 2400 Pampilonensi.
1986 2358 2156 2398 hospitale
2193 2360 2307 2389 sancte

1337 2415 1442 2445 Marie
1456 2414 1706 2446 Roscidevallis
1725 2422 1830 2443 unum
1850 2412 2115 2443 marabutinum.

1416 2472 1454 2502 In
1473 2482 1566 2511 regno
1583 2470 1724 2507 castelle,
1749 2470 2025 2509 archiepiscopus
2043 2469 2228 2499 Toletanus
2246 2476 2307 2507 pro

1336 2525 1481 2556 ecclesia
1499 2526 1607 2556 sancti
1630 2524 1806 2560 ServanOE,
1833 2532 1897 2562 que
1913 2525 1964 2553 est
1987 2523 2021 2552 in
2036 2522 2232 2561 episcopatu
2251 2521 2307 2552 Se-

1337 2579 1490 2618 guatino,
1506 2578 1700 2618 quindecim
1715 2576 1962 2608 marabutinos.
1974 2576 2067 2606 ldem
2088 2574 2310 2613 archiepisco-

1337 2641 1400 2671 pus
1415 2640 1475 2671 pro
1494 2631 1638 2662 ecclesia
1661 2630 1769 2661 sancti
1787 2629 1887 2660 Cerni
1907 2629 2023 2659 decem
2047 2628 2175 2658 solidos
2196 2627 2311 2666 Pipio-

1338 2693 1460 2716 nenses
1478 2685 1532 2716 vel
1549 2685 1634 2714 duos
1653 2683 1866 2714 Alfonsinos.

1417 2742 1456 2772 In
1469 2743 1644 2783 episcopatu
1661 2740 1832 2776 Oxomensi,
1855 2739 2100 2770 monasterium
2124 2738 2232 2769 sancti
2247 2738 2308 2769 Pe-

1337 2796 1383 2827 tri
1400 2796 1440 2827 de
1456 2795 1614 2827 Gumello
1631 2803 1737 2825 unum
1753 2792 2017 2824 marabutinum.

1338 2853 1492 2885 Ecclesia
1508 2854 1622 2883 sancte
1650 2852 1756 2882 Marie
1778 2851 1818 2881 de
1840 2850 1935 2881 Silva
1954 2849 2132 2880 duodecim
2153 2849 2308 2887 denarios

1300 2907 1539 2947 Pipionenses.
