2547 3289
1106 242 1321 274 D'URBAIN
1345 244 1403 274 IV.

209 324 362 361 ecclesie,
378 324 444 354 nisi
462 324 599 363 juvetur
619 323 786 360 celeriter,
808 323 1010 362 inspicimus
1034 324 1224 362 perteulum

209 378 400 411 imminere,
435 377 593 407 volumus
629 379 659 407 et
688 386 748 416 per
781 377 968 415 apostolica
1006 377 1068 407 tibi
1100 377 1226 415 scripta

209 431 411 461 mandamus
438 430 599 469 quatinus
624 432 656 460 te
685 430 726 459 ad
752 431 866 468 partes
895 430 973 459 illas
999 429 1226 468 personaliter

209 483 396 519 conferens,
438 482 479 512 ab
520 482 647 513 eisdem
687 482 949 521 archiepiscopo,
990 482 1223 521 suffraganeis,

209 534 401 570 abbatibus,
425 535 609 574 prioribus,
630 535 891 570 archidiaconis,
911 535 1059 570 decanis,
1076 535 1226 574 preposi-

208 588 266 623 tis,
291 588 587 627 archipresbiteris
612 598 796 628 eorumque
819 588 977 626 capitulis
1002 590 1033 618 et
1056 589 1225 618 conventi-

210 641 274 672 bus
317 642 569 678 Cistercieusis‚
604 641 944 676 Premonstratensis‚
976 640 1224 677 Cluniaceusis,

209 695 317 725 sancti
329 695 514 730 Benedicti,
533 695 639 725 sancti
653 694 836 732 Augustini
849 696 879 724 et
896 693 1040 723 aliorum
1055 694 1224 729 ordinum,

210 756 339 778 necnon
354 749 528 787 magistris
542 757 602 778 seu
616 746 872 786 preceptoribus
889 748 921 776 et
933 746 1096 777 fratribus
1115 747 1227 777 domo-

210 810 285 831 rum
301 801 423 832 Militie
441 801 589 840 Templi,
610 800 792 839 hospitalis
816 800 924 830 sancti
944 799 1110 830 ,Iohannis
1132 800 1226 830 Jero-

210 854 410 891 solimitani,
439 854 562 884 Militie
587 853 695 884 sancti
723 853 851 889 Jacobi,
876 853 1046 890 Uelensis,
1077 853 1227 884 0313113-

210 907 336 944 vensis,
359 908 478 938 Sancte
501 907 606 937 Marie
633 906 896 937 Teutonicorum
923 908 954 936 et
976 906 1228 937 Roscidevallis

210 969 247 991 ac
269 960 391 990 ceteris
416 960 637 990 ecclesiarum
655 959 796 998 prelatis
823 961 855 990 et
886 959 1127 990 ecclesiasticis
1156 969 1228 998 per-

210 1013 304 1044 sonis
326 1013 509 1044 earundem
530 1013 690 1049 civitatis,
713 1013 859 1043 diocesis
878 1015 909 1043 et
926 1013 1110 1052 provincie,
1132 1022 1227 1052 regu-

210 1066 340 1097 laribus
370 1068 401 1096 et
434 1066 658 1102 secularibus,
692 1065 860 1104 exemptis
893 1067 925 1096 et
950 1075 1017 1096 non
1045 1066 1226 1105 exemptis,

211 1119 452 1159 cujuscumque
472 1119 614 1156 ordinis,
637 1119 811 1158 dignitatis
836 1119 890 1149 vel
914 1119 1119 1150 conditionis
1142 1122 1228 1150 exis-

210 1174 292 1207 tant,
304 1173 527 1203 consideratis
539 1181 764 1211 personarum
778 1174 807 1202 et
826 1172 978 1202 locorum
994 1172 1226 1208 facultatibus,

209 1225 390 1265 diligenter
411 1234 471 1264 per
495 1227 527 1256 te
555 1225 609 1256 vel
638 1234 698 1264 per
719 1225 826 1255 alium
856 1234 916 1255 seu
947 1225 1044 1262 alios,
1074 1235 1159 1264 quos
1187 1227 1226 1256 ad

209 1279 270 1309 hoc
288 1279 429 1309 duxeris
445 1278 668 1317 deputandos,
682 1287 868 1317 congruum
886 1278 1092 1315 subsidium,
1111 1281 1227 1310 nostro

210 1333 241 1362 et
258 1332 399 1362 ecclesie
417 1332 546 1370 prefate
561 1331 709 1368 nomine,
728 1331 833 1362 facias
852 1331 1016 1363 exhiberi.
1033 1332 1227 1363 Contradic-

208 1386 300 1415 tores
317 1393 377 1423 per
391 1393 582 1422 censuram,
598 1386 659 1415 etc.
672 1385 749 1415 Non
766 1384 921 1415 obstante
939 1385 968 1415 si
986 1385 1158 1424 aliquibus
1175 1403 1224 1417 —.

209 1438 244 1468 Si
272 1446 351 1468 vero
384 1446 486 1477 super
514 1438 582 1468 hiis
613 1437 719 1477 aliqui
750 1446 785 1468 se
810 1438 967 1468 duxerint
996 1439 1225 1477 opponendos,

211 1491 305 1530 ipsos
333 1500 375 1521 ex
411 1492 505 1530 part-e
534 1492 652 1521 nostra
678 1491 906 1530 peremptorie
936 1491 1019 1521 cites
1043 1494 1100 1522 aut
1130 1493 1227 1523 citari

211 1545 327 1581 facias,
346 1546 382 1574 ut
408 1544 497 1574 infra
514 1545 697 1575 terminum
716 1553 816 1583 quem
846 1545 895 1574 eis
919 1545 1109 1583 pretixeris‚
1131 1546 1227 1585 ligati

211 1598 392 1628 sententiis
406 1607 490 1637 quas
507 1598 542 1628 in
564 1607 622 1628 eos
640 1598 779 1628 duxeris
792 1598 1013 1637 proferendas
1032 1601 1087 1630 aut
1105 1599 1227 1630 feceris

211 1652 412 1682 auctoritate
436 1653 552 1682 nostra
575 1651 732 1690 proferri,
760 1652 986 1690 personaliter
1011 1654 1228 1691 compareant

211 1713 323 1735 coram
349 1704 447 1735 nobis
472 1705 617 1743 parituri
641 1705 811 1734 mandatis
839 1705 966 1735 nostris
994 1708 1024 1735 et
1054 1705 1139 1736 alias
1167 1715 1228 1744 pro

212 1758 344 1788 meritis
361 1757 542 1796 accepturi.
561 1757 660 1788 Diem
680 1767 760 1788 vcro
784 1758 957 1788 citationis
974 1760 1005 1788 et
1028 1758 1173 1789 formam
1192 1768 1228 1789 ac

211 1810 375 1849 quicquid
390 1819 493 1849 super
505 1810 566 1840 11οο
580 1811 720 1841 duxeris
738 1811 942 1847 faciendum,
962 1810 1060 1841 nobis
1077 1820 1138 1850 per
1154 1814 1229 1842 tuas

211 1863 353 1900 litteras,
374 1863 494 1893 harum
518 1863 642 1894 seriem
659 1863 882 1900 continentes,
907 1864 1053 1894 fideliter
1071 1864 1229 1895 intimare

212 1925 383 1956 procures.
414 1916 582 1947 Volumus
601 1919 725 1953 autem,
747 1919 782 1948 ut
804 1917 967 1956 quicquid
991 1925 1051 1955 pro
1075 1917 1228 1947 subsidio

212 1970 382 2008 receperis
396 1970 577 2005 antedicto,
593 1970 681 2008 apud
695 1970 874 2009 religiosas
887 1970 942 2000 vel
959 1970 1044 2000 alias
1061 1970 1180 2001 fideles
1196 1972 1228 2000 et

214 2031 351 2053 securas
369 2031 533 2062 personas
551 2024 583 2054 et
600 2023 674 2054 loca
691 2025 765 2054 tuta
782 2023 844 2053 sub
865 2023 1061 2054 testimonio
1085 2024 1229 2054 duarum

213 2076 267 2107 vel
287 2076 439 2114 plurium
461 2076 709 2116 fidedignorum
737 2078 769 2107 et
797 2076 1039 2116 sollempnium
1070 2086 1230 2116 persona-

217 2138 304 2165 rum,
330 2129 466 2160 nomine
496 2131 612 2160 nostro
644 2131 677 2160 et
706 2129 846 2160 ecclesie
871 2131 1036 2165 Romane,
1068 2131 1228 2169 1101101135.

213 2182 354 2212 Proviso
375 2182 465 2221 quod
481 2184 551 2213 tam
570 2192 588 2213 a
610 2183 829 2222 depositariis
852 2183 937 2222 ipsis
957 2192 1058 2222 quam
1079 2192 1098 2214 a
1115 2192 1230 2222 perso-

214 2235 268 2265 nis
279 2235 442 2274 predictis
454 2235 588 2266 litteras
607 2236 856 2267 testimoniales
872 2245 974 2275 super
987 2237 1141 2275 deposito
1155 2237 1230 2276 ipso

213 2290 366 2327 patentes
377 2288 439 2318 sub
455 2289 581 2328 sigillis
593 2290 748 2328 ipsorum
761 2290 906 2328 recipias
918 2290 1120 2328 duplicatas,
1140 2290 1230 2320 diem

215 2341 440 2380 depositionis
463 2344 494 2373 et
517 2344 739 2381 quantitatem
772 2343 926 2381 deposite
954 2343 1097 2382 pecunie
1126 2343 1231 2373 conti-
1261 2370 1263 2376 s

216 2395 334 2425 nentes
352 2403 497 2433 quarum
517 2395 661 2432 duabus,
680 2404 748 2426 una
770 2396 925 2427 videlicet
942 2396 1230 2435 depositariorum

216 2448 247 2477 et
274 2447 380 2477 altera
404 2455 639 2486 personarum,
659 2449 721 2479 sub
740 2457 883 2488 quarum
908 2449 1105 2480 testimonio
1131 2449 1231 2488 depo-

217 2500 296 2530 sitio
313 2500 398 2530 facta
412 2501 538 2532 fuerit..
562 2525 568 2532 .
588 2525 594 2532 .
612 2502 745 2533 litteras
763 2502 862 2532 nobis
880 2503 1082 2544 quantocius
1095 2503 1231 2534 mittere

217 2562 283 2584 11011
300 2555 497 2592 postponas
515 2553 649 2593 {Datum
669 2555 759 2593 apud
777 2555 1067 2594 Urbemveterem,
1090 2556 1167 2586 idus
1181 2556 1234 2595 ju-

218 2606 278 2643 nii,
293 2615 380 2637 anno
397 2607 510 2637 tertio.
533 2617 547 2636 »

310 2750 382 2782 437

254 2823 392 2859 Magistro
410 2824 521 2859 Synitio
539 2824 634 2851 simile
649 2824 819 2851 mandatum
836 2824 995 2852 committit
1014 2825 1042 2851 in
1060 2826 1156 2860 regnis
1172 2826 1234 2853 His-

220 2873 321 2907 paniae
339 2881 372 2900 ac
388 2872 574 2900 cathaloniae
590 2875 618 2900 et
634 2873 790 2900 Gasconiae
811 2872 938 2907 partibus
955 2881 1066 2900 necnon
1082 2875 1239 2909 011110113-

220 2921 273 2949 ciis
290 2921 495 2956 Burdegalensi
511 2925 539 2949 et
555 2922 744 2949 Narbonensi.
764 2922 842 2957 (Res.
860 2923 904 2949 Ξῖ,
925 2921 974 2948 sol.
992 2923 1051 2954 135,
1067 2927 1099 2949 n⁰
1117 2925 1154 2958 ¹.)

793 2749 918 2781 Orvieto.
937 2752 952 2777 7
966 2750 1062 2785 juillet
1082 2751 1159 2779 ¹264.

2240 249 2299 279 135

1328 337 1343 352 «
1368 325 1442 362 (Pas
1458 325 1621 363 dudi-csse)
1642 326 1744 365 Angit
1765 336 1822 357 nos
1841 329 1901 358 otc.
1919 346 1967 357 —.
1988 330 2110 359 1)·3111111
2129 331 2217 369 3111111
2240 331 2302 362 Ur-

1286 378 1525 415 bemveterem,
1542 380 1641 409 nonis
1657 379 1747 418 julli,
1766 389 1852 411 anno
1871 383 1983 412 tertio.
2004 393 2017 411 »

1377 530 1449 561 468

1875 531 1998 563 Orvieto,
2018 533 2049 558 27
2066 531 2129 567 juin
2151 534 2225 559 iaci.

1321 607 1575 642 Archiepiscopum
1592 609 1832 636 Tcrraconcusem
1848 610 1963 645 ejusque
1984 611 2191 645 suffraganeos,
2210 615 2302 640 caete-

1286 664 1388 690 rasque
1405 657 1616 684 ecclesiasticas
1632 666 1768 692 personas
1786 659 2006 685 'l'erraconcnsis
2023 660 2185 694 provinciae
2202 665 2300 689 mouet.

1287 706 1315 730 et
1331 704 1463 732 hortatur
1479 708 1507 732 ut
1524 706 1560 732 ad
1578 706 1805 733 sublevationem
1825 707 1962 734 ecclc->iac
1984 709 2128 735 1103131130
2150 713 2299 744 promptos

1289 761 1318 780 se
1335 753 1498 781 exhibeant.
1518 754 1595 788 (nm.
1613 756 1658 786 27,
1675 755 1725 782 sol.
1747 757 1805 786 135,
1824 761 1852 781 n⁰
1869 758 1905 787 2.)

1329 850 1342 865 11
1360 838 1594 878 Arelzz'epz'scopo
1614 864 1620 869 .
1644 862 1650 868 .
1673 865 1677 870 .
1698 840 1955 880 clszzffraqrmess¹
1977 866 1983 871 .
2006 867 2010 871 .
2034 865 2040 871 .
2058 843 2298 874 (1011013115οο-

1289 891 1402 928 clesie,
1417 892 1470 922 cui
1480 892 1557 922 licet
1569 893 1731 922 immeriti
1743 894 1969 932 presidemus,
1982 904 2102 933 magna
2121 896 2303 926 0111011013-

1288 943 1370 974 bilia
1394 945 1547 975 membra
1575 954 1650 976 esse
1668 947 1860 982 noscimini,
1889 948 2004 986 sicque
2023 949 2203 979 sortimimi
2225 958 2302 979 cum

1289 997 1363 1036 ipsa
1387 999 1595 1029 individuam
1620 999 1792 1035 unionem,
1822 1001 1910 1039 quod
1941 1002 2063 1040 degitis
2087 1011 2247 1041 prospere
2274 1002 2304 1032 si

1288 1052 1513 1089 prosperitate
1550 1052 1673 1083 letetur
1706 1062 1764 1083 nec
1798 1057 1953 1092 expertes
1986 1055 2058 1093 ejus
2087 1056 2304 1086 adversitatis

1289 1104 1437 1135 existitis
1459 1105 1487 1135 si
1506 1106 1655 1143 patiatur
1675 1106 1828 1136 adversa.
1849 1108 1923 1137 Non
1939 1108 2028 1137 enim
2051 1109 2132 1138 advo
2152 1109 2305 1139 membra

1288 1160 1431 1195 possunt
1452 1158 1619 1189 obcallere
1638 1159 1763 1189 duritie
1782 1160 1871 1198 quod
1900 1161 2008 1199 capite
2035 1162 2215 1200 langufflite
2237 1171 2304 1192 non

1289 1211 1436 1248 doleant,
1450 1221 1525 1241 cum
1540 1212 1659 1242 horum
1671 1214 1701 1242 01
1721 1213 1816 1242 illius
1833 1214 1949 1243 eadem
1968 1215 2010 1244 sit
2029 1224 2190 1254 cornpag)
2206 1215 2304 1245 insti-

1288 1267 1360 1295 tuta
1387 1265 1552 1295 divinitus
1571 1265 1842 1304 degenerationis
1865 1275 1929 1297 non
1959 1276 2101 1305 passura
2122 1268 2302 1299 ‹tet-sctum.

1288 1318 1382 1348 Licet
1399 1318 1513 1357 igitur,
1528 1328 1602 1348 cum
1621 1319 1765 1358 quadam
1787 1320 1892 1349 animi
1908 1320 2067 1351 violentia
2085 1321 2185 1351 velud
2206 1322 2303 1353 inriti

1289 1372 1541 1402 decreverimus
1569 1372 1666 1402 vobis
1698 1373 1868 1411 presentis
1895 1373 2092 1404 instantiam
2127 1375 2303 1413 11011110315

1289 1434 1468 1464 exponere,
1486 1427 1557 1456 tum
1577 1426 1655 1464 quia
1676 1427 1923 1464 quodammodo
1942 1428 2066 1465 petenti
2088 1428 2196 1466 pudor
2214 1429 2304 1468 inge-

1288 1479 1386 1515 ritur,
1406 1480 1437 1509 et
1459 1481 1531 1509 tum
1552 1480 1654 1509 etiam
1680 1480 1759 1518 quia
1782 1480 1938 1518 cupimus
1958 1490 2079 1510 manus
2102 1484 2235 1512 nostras
2263 1482 2303 1512 ab

1289 1532 1433 1562 aliorum
1469 1532 1725 1571 gravaminibus
1754 1534 1937 1570 continere,
1968 1536 2081 1564 tamen
2111 1544 2235 1573 urgens
2270 1537 2303 1566 et

1289 1585 1499 1615 inevitabilis
1515 1586 1655 1615 ecclesie
1674 1586 1803 1624 presate
1819 1587 2004 1617 necessitas
2022 1587 2068 1617 sic
2086 1597 2147 1617 nos
2160 1589 2249 1627 angit
2270 1590 2302 1619 et

1290 1638 1425 1674 excitat,
1443 1638 1532 1677 quod
1552 1639 1632 1668 dum
1646 1642 1835 1677 respectum
1851 1640 1891 1669 ad
1907 1640 2052 1670 fraterne
2070 1640 2166 1670 sedus·
2183 1641 2304 1671 carita-

1290 1691 1334 1721 tis
1350 1691 1525 1727 liabemus,
1542 1694 1689 1722 mentem
1705 1694 1855 1722 nostram
1866 1693 1962 1722 vobis
1976 1693 2177 1724 fiducialiter
2195 1694 2302 1732 aperi-

1290 1753 1377 1774 mus
1391 1746 1462 1775 Vos
1483 1754 1629 1784 namque
1646 1746 1805 1775 nolumus
1821 1746 1974 1785 ign·;·rare
1997 1747 2085 1785 quod
2104 1747 2184 1777 olim
2204 1747 2302 1778 nobis

1259 1806 1261 1821 ³
1291 1798 1463 1828 sollertem
1488 1800 1519 1828 et
1547 1798 1716 1829 efficacem
1746 1799 1904 1829 dantibus
1934 1808 2070 1838 operam
2098 1803 2131 1830 ut
2161 1801 2304 1831 ecclesia

1304 1852 1443 1881 {omana
1468 1851 1676 1882 relevaretur
1700 1851 1740 1881 ab
1771 1852 2039 1890 importabilium
2066 1855 2097 1883 et
2125 1854 2303 1892 grandium

1291 1904 1423 1933 sarcina
1447 1903 1650 1940 debitorum,
1676 1904 1799 1943 quibus
1821 1914 1895 1934 03111
1918 1905 2152 1944 multipliciter
2176 1907 2303 1936 inveni-

1290 1965 1366 1986 mus
1376 1959 1622 1996 pregravatam,
1635 1966 1710 1987 cum
1730 1958 1884 1998 ipsajam
1903 1959 2052 1989 totaliter
2067 1959 2163 1997 quasi
2180 1961 2304 1990 metam

1290 2009 1500 2040 liberationis
1524 2011 1714 2050 attingeret,
1736 2011 1873 2041 demum
1898 2012 2046 2050 oportuit
2068 2013 2220 2050 priorum
2249 2022 2304 2043 an-

1290 2064 1420 2103 gustias
1440 2073 1580 2094 onerum
1597 2065 1789 2095 necessario
1807 2066 1976 2095 renovari.
1994 2065 2080 2095 Nam
2100 2066 2210 2104 ipsius
2232 2075 2306 2104 per-

1291 2119 1464 2147 secutores
1475 2117 1616 2148 ecclesie
1627 2119 1740 2148 contra
1751 2126 1824 2148 eam
1836 2120 1866 2148 et
1877 2119 1994 2149 fideles
2007 2118 2079 2157 ejus
2093 2119 2305 2149 diversarum

1290 2171 1438 2209 partium
1460 2170 1609 2201 furorem
1626 2180 1686 2201 sue
1703 2171 1843 2209 perfidie
1861 2172 1962 2202 solito
1986 2172 2106 2202 durius
2125 2173 2304 2202 accenden-

1291 2226 1354 2261 tes,
1373 2224 1483 2263 ipsam
1495 2224 1770 2255 intolerabilibus
1787 2225 1926 2255 offensis
1940 2225 2135 2262 dilacerant,
2150 2226 2310 2264 gravissi-

1291 2277 1357 2307 mis
1375 2277 1547 2308 lacessunt
1566 2277 1713 2316 injuriis,
1739 2278 1977 2308 vexationibus
1998 2278 2081 2308 diris
2104 2278 2255 2308 afliciunt
2274 2280 2306 2309 et

1290 2331 1372 2360 totis
1386 2333 1542 2370 satagunt
1556 2330 1690 2360 nisibus
1708 2331 1915 2361 conculcare.
1934 2332 2055 2366 Quare,
2072 2331 2112 2361 ad
2126 2332 2305 2362 tuitionem

1292 2383 1476 2414 orthodoxe
1520 2384 1609 2419 fidei,
1641 2384 1681 2414 ad
1711 2384 1944 2414 defensionem
1979 2384 2131 2423 ejusdem
2163 2384 2305 2415 ecclesie

1292 2437 1527 2476 dictorumque
1539 2437 1692 2467 fidelium
1702 2446 1738 2467 30
1749 2437 1916 2467 libertatis
1929 2437 2156 2467 ecclesiastice
2171 2440 2305 2468 nostros

1293 2489 1333 2520 ab
1358 2490 1488 2520 intimis
1506 2490 1691 2529 dirigentes
1708 2491 1858 2525 affectus,
1876 2492 1905 2519 01
1930 2490 1970 2519 ob
1997 2490 2028 2519 id
2047 2492 2305 2528 tyrampnorum

1293 2542 1467 2573 conatibus
1496 2552 1557 2581 pro
1588 2543 1718 2573 viribus
1748 2545 1957 2576 resistentes,
1989 2546 2057 2573 tam
2094 2543 2128 2572 111
2160 2543 2306 2573 diversis

1293 2595 1498 2626 exercitibus
1517 2605 1618 2635 quam
1632 2596 1709 2626 aliis
1727 2596 1874 2626 militum
1891 2598 1921 2626 et
1945 2598 2151 2626 armatorum
2174 2604 2306 2626 masna-

1293 2649 1357 2685 dis,
1376 2649 1600 2688 expendimus
1620 2649 1710 2688 quod
1735 2649 1852 2679 eadem
1871 2649 2013 2678 ecclesia
2035 2649 2173 2678 comode
2196 2649 2306 2687 potuit

1294 2702 1443 2741 elargiri,
1479 2704 1511 2732 et
1543 2702 1691 2736 tandem,
1720 2704 1860 2741 urgente
1896 2702 2097 2731 necessitate
2129 2701 2305 2740 compulsi,

1294 2756 1400 2786 coacti
1417 2764 1536 2785 sumus
1551 2764 1672 2794 magna
1693 2755 1886 2786 contrahere
1906 2764 2006 2785 onera
2025 2754 2226 2791 debitorum,
2247 2763 2307 2785 nec

1295 2808 1402 2839 adhuc
1430 2809 1620 2847 persecutio
1661 2808 1802 2841 destitit,
1831 2808 1913 2846 quin
1947 2807 2082 2838 assidue
2115 2807 2309 2839 resistentie

1327 2889 1349 2911 1.
1363 2887 1515 2912 L’adresse
1533 2890 1577 2912 est
1594 2887 1764 2917 incomplete
1781 2893 1865 2918 parce
1882 2894 1936 2918 que
1959 2886 1988 2911 la
2010 2894 2107 2917 margo
2133 2887 2170 2911 du
2189 2886 2256 2912 solio
2272 2888 2309 2912 οἰι

1296 2927 1349 2952 elle
1365 2935 1395 2952 se
1412 2930 1522 2954 trouve,
1541 2935 1555 2952 a
1570 2927 1612 2952 ete
1630 2927 1771 2952 1100111100.
