2547 3289
1136 261 1345 291 trUl’dmlN
1373 263 1427 292 lv.

241 343 390 382 ipsarum
415 344 556 377 defectu,
582 344 639 373 iila
662 345 851 383 inexpedita
877 351 1046 374 remanere
1071 343 1250 380 contingat,

241 405 342 435 super
363 397 423 426 hoc
446 397 620 435 providere
638 399 775 435 paterna
798 397 1021 426 sollicitudine
1044 404 1248 425 curaremus.
1281 405 1282 459 1

238 449 309 479 Nos
340 449 460 487 itaque,
494 450 616 479 vestris
648 449 948 488 supplicationibus
982 448 1144 481 inclinati,
1175 457 1250 477 con-

238 502 394 532 trahendi
414 503 548 540 propter
567 503 640 537 boe,
664 502 797 532 nomine
817 502 937 540 prioris
961 503 991 531 et
1011 503 1196 531 conventus
1214 509 1250 529 ac
1280 517 1282 556 11

239 555 340 584 611;1111
351 555 489 585 ecclesie
500 556 736 593 predictorum,
750 557 903 584 mutuum
917 563 1020 591 usque
1034 553 1073 583 ad
1086 562 1250 582 summam
1280 570 1282 607 ι

239 608 524 646 septingentarum
543 608 703 637 librarum
720 607 955 645 sterlingorum
975 615 1135 635 novorum
1152 607 1183 635 et
1199 614 1251 635 us-
1280 610 1282 648 ζ

237 669 301 699 que
323 661 364 690 ad
383 669 547 690 summam
566 660 758 699 hujusmodi
775 660 879 689 ‹lictos
897 659 1040 697 priorem
1061 659 1092 688 et
1109 667 1250 688 conven-

238 714 308 743 tum
321 722 358 743 ac
372 713 547 743 ecclesiam
561 715 591 743 et
605 714 755 743 abbatem
768 712 1007 750 preticiemlum
1020 711 1051 740 in
1065 720 1100 741 ea
1115 712 1251 749 ejusque
1280 699 1282 731 Ϊ

237 775 460 800 successores,
484 775 542 796 nec
564 775 629 796 non
650 767 797 803 ipsorum
815 765 903 794 bona
926 763 1147 794 creditoribus
1170 764 1249 794 obli-

236 819 337 857 gandi
363 819 458 849 vobis
480 819 671 848 auctoritate
710 818 914 856 presentium
950 817 1082 855 plenam
1102 816 1250 846 concedi-

236 881 311 902 mus
331 871 534 907 facultatem,
560 871 605 900 ita
626 871 713 908 quod
737 870 828 908 prior
845 871 875 899 et
893 871 1077 899 conventus
1101 870 1131 898 et
1149 869 1251 898 eccle-

236 925 299 958 sia,
317 933 376 954 nee
397 933 463 954 non
481 923 583 953 abbas
600 925 631 953 et
651 931 862 953 successores
878 923 997 961 prefati
1021 923 1195 952 teneantur
1210 921 1252 952 ad

235 976 428 1015 hujusmodi
452 976 629 1014 pecuniam
653 975 910 1014 persolvendam
936 977 966 1004 et
991 975 1032 1004 ad
1054 975 1199 1012 dampna
1221 975 1251 1003 et

235 1037 399 1067 expensas
415 1037 451 1058 ac
467 1029 639 1061 interesse,
657 1028 684 1058 si
705 1028 844 1066 pecunia
861 1028 933 1066 ipsa
952 1027 983 1057 in
1003 1027 1144 1057 termino
1162 1035 1179 1055 a
1197 1035 1251 1056 vo-

233 1081 286 1112 bis
300 1081 473 1111 statuendo
491 1090 556 1111 non
571 1081 670 1111 fuerit
684 1081 865 1120 persoluta,
883 1081 1015 1110 sublata
1028 1079 1250 1110 creditoribus

234 1135 318 1172 ipsis
335 1135 533 1164 necessitate
550 1134 712 1172 probandi
728 1134 816 1172 ([11011
834 1133 975 1172 pecunia
993 1133 1063 1172 ipsa
1079 1133 1112 1162 in
1130 1133 1250 1162 utilita-

232 1188 299 1217 tem
317 1187 481 1217 dictorum
500 1187 621 1225 prioris
639 1188 670 1217 et
686 1188 882 1221 conventus,
903 1185 1053 1220 ecclesie,
1073 1185 1202 1215 abbatis
1219 1185 1250 1214 et

232 1249 465 1270 successorum
492 1240 641 1278 ipsorum
665 1240 708 1269 sit
734 1248 906 1274 conversa,
932 1239 1082 1277 pretextu
1107 1238 1248 1276 alicujus

229 1293 479 1323 constitutionis
493 1293 649 1322 canonice
664 1293 717 1322 vel
732 1293 843 1322 civilis
859 1291 1028 1330 privilegii
1043 1299 1174 1330 quoque
1193 1292 1244 1321 vel

229 1346 447 1385 indulgentie,
466 1346 505 1376 de
524 1345 647 1383 quibus
668 1346 698 1375 et
713 1354 855 1383 quorum
879 1346 944 1375 toto
962 1346 1075 1374 tenore
1098 1346 1247 1382 oporteat

233 1399 267 1429 in
285 1399 497 1437 presentibus
521 1399 593 1428 fieri
612 1398 829 1428 mentionem.
850 1398 972 1428 Datum
997 1397 1085 1435 apud
1108 1397 1247 1428 Urbem-

232 1453 390 1488 veterem,
410 1463 429 1481 v
448 1453 525 1482 idus
541 1451 752 1491 septembris,
772 1461 858 1482 anno
878 1451 984 1481 tertio.
1010 1464 1024 1477 »

726 1654 850 1687 Orvieto,
872 1656 899 1680 13
916 1654 1079 1688 septembre
1102 1654 1175 1679 1263.

302 1658 374 1688 16ss

268 1739 369 1766 Abbati
389 1748 411 1766 s.
430 1738 587 1765 Genovefae
602 1740 630 1765 61
649 1738 765 1764 officiali
783 1737 938 1764 parisiensi
959 1737 1116 1764 committit
1134 1739 1165 1763 ut
1186 1745 1247 1764 mo-

229 1788 391 1815 nasterium
413 1796 436 1814 s.
470 1787 573 1813 Albani
602 1786 780 1820 compellant
799 1787 834 1812 ad
855 1786 1025 1812 solvendum
1064 1786 1198 1820 pecunias
1219 1786 1247 1812 in

230 1838 367 1864 mutuum
384 1838 516 1870 acceptas
533 1843 549 1861 a
562 1835 796 1869 procuratoribus
815 1835 903 1869 ipsius
922 1836 1088 1861 conventus.
1108 1835 1186 1867 (line.
1203 1836 1248 1867 27,

228 1886 280 1912 fol.
298 1886 329 1911 41
350 1893 391 1917 νο,
410 1892 441 1911 no
460 1886 495 1916 1.)

268 1996 284 2012 «
309 2007 331 2014 ..
353 1982 454 2013 abbaci
473 1987 576 2011 sancte
601 1981 748 2020 Genevefc
766 1986 792 2011 et
813 2004 834 2012 ..
852 1980 984 2020 officiali
1000 1981 1181 2010 Parisiensi.
1201 1981 1249 2011 Si-

226 2037 429 2076 gnificarunt
450 2035 547 2066 nobis
570 2035 681 2065 dilecti
706 2035 768 2064 filii
789 2034 963 2073 Roggerus
985 2034 1025 2063 de
1045 2034 1248 2064 Stakederne

225 2091 257 2121 et
277 2090 448 2120 Joliannes
467 2089 507 2119 de
530 2089 639 2118 Bolim
663 2088 815 2118 inanaclii
837 2088 917 2125 (sici,
942 2096 978 2117 ac
1002 2087 1186 2117 Riccardus
1208 2087 1247 2116 de

227 2143 410 2180 Nedb[a1n]
429 2142 582 2176 clericus,
600 2142 832 2180 procuratores
848 2141 1044 2170 dilectorum
1062 2140 1208 2169 filiorum
1226 2164 1245 2169 ..

225 2196 348 2236 prioris
363 2197 393 2225 et
407 2196 592 2225 conventus
607 2194 745 2224 ecclesie
758 2194 865 2223 sancti
878 2193 1001 2223 Albani
1016 2194 1247 2231 616,,111511ρ1-11

225 2257 333 2287 usque
363 2248 614 2278 Lincolniensis
632 2247 785 2283 diocesis,
804 2247 891 2285 quod
921 2247 999 2285 ipsi,
1017 2246 1246 2276 renuntiantes

225 2301 457 2332 constitutioni
470 2301 510 2331 de
526 2301 657 2331 duabus
674 2300 772 2330 dietis
786 2300 872 2330 edit-e
888 2300 923 2329 in
939 2299 1081 2329 concilio
1098 2299 1245 2337 generali

226 2355 259 2384 et
279 2354 442 2384 beneficio
465 2353 685 2383 restitutionis
703 2353 737 2382 in
755 2353 921 2390 integrum
941 2360 999 2381 nec
1018 2360 1083 2381 nou
1104 2360 1244 2381 conven-

226 2407 311 2437 tioni
323 2406 476 2445 judicum
491 2415 528 2436 ac
545 2405 701 2436 omnibus
717 2405 837 2435 litteris
853 2406 884 2435 et
901 2404 1118 2442 indulgentiis
1134 2413 1152 2433 a
1168 2404 1243 2434 sede

225 2459 408 2498 apostolica
425 2459 611 2497 impetratis
627 2467 664 2488 ac
679 2458 777 2489 etiam
796 2458 1025 2496 impetrandis,
1039 2458 1070 2487 et
1086 2457 1245 2487 habentes

225 2515 295 2543 tam
311 2521 370 2551 per
391 2512 556 2542 dictorum
577 2511 702 2550 prioris
719 2512 751 2542 et
764 2512 947 2541 conventus
969 2519 1068 2549 quam
1089 2519 1147 2549 per
1169 2519 1242 2540 1105-

225 2568 294 2596 tras
309 2565 436 2595 litteras
450 2565 488 2594 (16
501 2564 724 2594 contrahendo
742 2565 857 2594 mutuo
874 2564 1074 2598 facultatem,
1085 2573 1103 2593 a
1114 2563 1243 2593 dilectis

226 2619 307 2649 filiis
326 2618 561 2648 Bonaventura
576 2617 787 2652 Bernardini,
805 2617 983 2647 Francisco
1002 2616 1104 2646 (sinidi
1119 2625 1177 2654 pro
1194 2624 1241 2651 56,

225 2671 410 2702 Tholomeo
428 2669 607 2705 Manentis,
633 2669 864 2709 Bonsignonjel
882 2669 1044 2708 Raynerii
1064 2671 1095 2699 et
1111 2670 1241 2707 Raync-

225 2725 275 2755 rio
294 2723 496 2754 Bonaccursi
517 2731 553 2752 ac
571 2722 647 2752 aliis
663 2722 763 2752 506115
784 2722 866 2758 51115,
884 2722 1014 2752 civibus
1036 2723 1067 2752 et
1084 2723 1241 2752 mercato-
1271 2727 1272 2740 ³

226 2777 322 2808 ribus
346 2776 566 2810 Senensibus,
589 2775 755 2813 quandam
771 2783 830 2813 pro
858 2775 1075 2813 expediendis
1100 2774 1242 2813 negotiis

228 2830 380 2869 ipsorum
403 2829 526 2868 prioris
549 2830 581 2859 et
601 2829 785 2858 conventus
808 2828 838 2858 et
862 2827 999 2857 ecclesie
1020 2828 1135 2857 mutuo
1156 2835 1242 2858 rece-

223 2884 348 2922 perunt
375 2882 516 2922 pecunie
551 2880 779 2920 quantitatem,
807 2880 907 2910 certis
934 2880 998 2910 sibi
1022 2880 1093 2910 loco
1121 2881 1152 2910 et
1179 2881 1241 2911 ter-

224 2936 316 2967 mino
329 2935 597 2975 persolvendam,
613 2935 711 2973 prout
729 2933 762 2963 in
777 2933 998 2963 instrumento
1009 2932 1142 2971 publico
1164 2933 1242 2963 inde

2279 272 2294 298 li
2301 272 2317 297 7

1283 346 1284 350 ’
1314 345 1461 374 confecto
1489 345 1620 383 plenius
1647 347 1842 377 continetur.
1868 348 1936 377 Nos
1967 349 2074 387 itaque
2105 351 2143 379 ad
2168 350 2314 388 ipsorum

1311 399 1560 434 procuratmnm
1585 399 1859 437 supplic;1tiom·in
1883 401 2113 439 indempnitati
2137 405 2314 433 eorundem

1311 451 1528 479 mercatorum
1546 460 1721 488 precavere
1744 453 1901 487 volentes,
1922 454 2111 484 discretioni
2136 458 2241 485 vestre
2260 466 2318 495 per

1311 502 1491 539 apostolica
1519 504 1639 541 scripta
1666 506 1862 534 mandamus
1888 508 2050 544 quatenus·
2078 516 2136 537 vos
2161 509 2213 538 vel
2237 510 2317 539 atter

1312 555 1458 583 vestrum
1482 564 1538 593 per
1560 565 1616 585 ros
1639 557 1690 586 vel
1709 558 1810 586 alium
1828 568 1885 587 seu
1905 559 1998 593 alios,
2021 560 2048 588 si
2067 560 2146 589 forte
2170 562 2209 591 de
2230 563 2316 592 dicta

1312 607 1452 644 pecunia
1473 608 1505 636 111
1527 609 1657 638 statutis
1679 609 1748 638 111611
1770 614 1799 639 (·1
1822 612 1970 641 1611111111»,
1990 612 2085 649 Juxta
2107 614 2313 644 iustrunwuti

1280 655 1282 663 '
1313 660 1449 696 predicti
1472 662 1631 694 tenorem,
1652 662 1695 690 ita
1713 663 1799 699 quod
1823 664 1913 692 nulla
1931 664 1995 692 :ilia
2014 666 2161 702 probatio
2180 668 2229 696 ml
2249 678 2315 697 rer-

1312 712 1416 741 titudo
1439 722 1538 750 super
1560 714 1749 751 hujusmodi
1774 715 1884 743 debito
1907 716 2056 751 exigatur
2080 721 2316 749 inerratoribus

1312 764 1405 802 ipsis,
1427 765 1549 802 quibus
1567 768 1717 803 pretextu
1740 767 1881 803 alicujus
1900 769 2144 799 constitutionis
2161 773 2316 802 canonice

1311 818 1364 846 vel
1386 818 1496 847 civilis
1514 821 1569 847 aut
1585 819 1823 857 cujuscumque
1844 821 2011 858 privilegii
2032 822 2084 851 vel
2104 823 2316 861 indulgentie,

1310 870 1349 900 de
1366 870 1487 908 quibus⁴
1503 871 1632 909 plenam
1648 874 1679 901 et
1692 881 1881 910 expressam
1900 876 2044 910 olmrleat
2061 875 2091 903 in
2109 877 2316 913 prffientibns·

1311 923 1383 952 fieri
1400 924 1613 959 mentionem,
1634 925 1794 962 probandi
1812 926 2040 956 necessitatem
2060 927 2248 958 incanum·—
2264 939 2318 958 1111-

1310 976 1422 1005 lumus
1440 977 1527 1014 quod
1542 977 1681 1014 pecunia
1700 978 1815 1015 ipsain
1829 978 2000 1008 utilitatem
2018 979 2177 1009 dictorum
2197 981 2317 1019 prioris

1310 1031 1341 1058 et
1358 1030 1542 1058 conventus
1559 1031 1589 1059 et
1607 1030 1745 1059 ecclesie
1763 1031 1810 1060 516
1829 1040 1998 1065 conversa,
2022 1041 2083 1061 111111
2105 1033 2203 1062 tuerit
2220 1034 2314 1062 satis-

1309 1082 1445 1116 factum,
1461 1083 1581 1112 extunc
1593 1083 1738 1120 prefatos
1754 1084 1896 1121 priorem
1915 1086 1943 1113 et
1961 1087 2158 1114 conventum
2171 1094 2206 1115 ac
2221 1086 2316 1114 abba-

1309 1136 1373 1164 tem
1390 1135 1629 1172 proficiendum
1646 1136 1752 1165 eidem
1768 1137 1906 1166 ecclesie
1923 1138 2027 1167 sancti
2042 1138 2163 1167 Albani
2179 1139 2316 1176 ejusque

1308 1196 1529 1221 successores,
1550 1188 1637 1217 infra
1659 1198 1796 1227 reguum
1821 1190 1952 1227 Anglie,
1975 1191 2002 1219 si
2024 1200 2138 1220 secure
2157 1192 2314 1229 poteritis,

1308 1240 1457 1278 alioquin
1470 1241 1551 1269 citra
1562 1249 1652 1270 marr*
1670 1242 1903 1279 Anglicanum,
1918 1241 1972 1271 ubi
1987 1243 2142 1280 expedire
2155 1243 2315 1272 videritis.

1309 1301 1443 1322 monere
1457 1302 1521 1323 non
1536 1293 1696 1323 differatis
1715 1296 1758 1328 111,
1777 1294 1863 1323 infra
1879 1303 1981 1324 unum
2001 1304 2148 1325 mensem
2163 1297 2234 1333 post
2251 1305 2316 1325 mo-

1307 1346 1469 1375 nitionem
1491 1347 1648 1380 vestram,
1666 1347 1704 1376 de
1723 1347 1808 1376 dicta
1831 1348 1973 1385 pecunia
1988 1357 2062 1377 cum
2081 1348 2181 1386 justis
2201 1352 2232 1377 et
2251 1357 2317 1378 ino-

1308 1398 1431 1428 deratis
1451 1399 1605 1436 expensis
1629 1408 1664 1429 ac
1686 1400 1795 1429 debita
1821 1401 2059 1430 restauratione
2083 1401 2315 1439 dampnorum,

1307 1451 1420 1481 usuris
1443 1452 1579 1481 omnino
1602 1452 1822 1486 cessantibus,
1847 1453 2086 1483 mercatoribus
2110 1454 2315 1483 satisfaciant

1308 1504 1492 1539 antedictis,
1505 1513 1541 1534 ac
1559 1513 1616 1534 605
1636 1506 1675 1534 ad
1694 1505 1725 1534 id
1741 1514 1800 1543 per
1815 1506 2169 1536 excommunicationis
2185 1508 2315 1536 senten-

1307 1557 1398 1592 tiam,
1416 1558 1636 1596 appellatione
1658 1560 1793 1591 remota,
1811 1558 1947 1596 cogatis,
1966 1560 1996 1588 et
2014 1559 2152 1594 tamdiu,
2174 1559 2316 1597 singulis

1307 1609 1424 1639 diebus
1440 1610 1618 1639 dominicis
1636 1612 1666 1640 et
1685 1610 1826 1645 festivis,
1844 1611 1984 1649 pulsatis
2001 1612 2171 1649 campanis
2193 1613 2222 1641 et
2241 1620 2315 1641 can-

1307 1662 1391 1692 delis
1407 1662 1567 1698 accensis,
1582 1663 1884 1693 excommunicatos
1900 1664 2031 1702 publice
2051 1664 2209 1694 nuntietis
2228 1666 2257 1694 et
2274 1664 2314 1693 ab

1308 1715 1383 1744 aliis
1399 1724 1456 1752 per
1470 1715 1581 1745 onmia
1596 1715 1678 1748 loca,
1697 1716 1729 1745 in
1743 1716 1864 1754 quibus
1882 1717 2036 1754 expedire
2050 1717 2210 1751 videritis,
2229 1725 2313 1746 nuu-

1307 1768 1383 1798 tiari
1401 1768 1531 1798 faciatis
1549 1770 1578 1798 et
1596 1768 1636 1798 ab
1655 1769 1811 1798 omnibus
1827 1769 1931 1798 artius
1952 1769 2080 1803 evitari,
2101 1769 2201 1799 donec
2219 1770 2235 1799 d
2245 1769 2315 1799 ictis

1308 1821 1548 1850 mercatoribus
1571 1821 1610 1850 de
1636 1821 1812 1859 premissis
1834 1822 1958 1859 integre
1978 1822 2075 1852 fuerit
2098 1823 2312 1852 satisfactum.

1308 1874 1383 1903 Non
1401 1874 1609 1903 obstantibus
1626 1891 1676 1903 —.
1690 1874 1810 1903 Datum
1833 1875 1920 1912 apud
1936 1874 2219 1909 Urbemveterem,
2241 1875 2314 1905 idus

1308 1926 1517 1964 septembrIS,
1536 1934 1621 1955 anno
1638 1926 1744 1956 tertio.
1770 1938 1784 1953 11

1376 2104 1444 2134 167
1795 2103 1918 2135 orricio,
1936 2104 1967 2129 27
1985 2103 2148 2136 septembre
2169 2104 2242 2129 1263.

1340 2187 1576 2213 Procurator-ibus
1600 2187 1768 2213 monasterii
1785 2195 1807 2213 5.
1827 2187 1927 2213 Albani
1948 2187 2076 2221 indulget
2091 2189 2119 2213 ut
2142 2187 2257 2213 nornine
2276 2186 2315 2219 ip-

1305 2236 1363 2262 sius
1381 2235 1552 2262 monasterii
1564 2235 1641 2261 aliud
1654 2238 1786 2261 mutuum
1803 2238 1917 2261 rentum
1930 2243 2095 2261 marcarum
2110 2235 2312 2269 sterlingorum

1274 2283 1276 2301 1
1304 2284 1377 2310 111116
1394 2284 1518 2311 valeant.
1538 2284 1620 2317 (line.
1639 2285 1683 2315 27,
1699 2283 1747 2310 sel.
1764 2284 1809 2315 42,
1827 2292 1859 2309 no
1879 2286 1913 2315 1.)

1347 2390 1360 2403 tr
1377 2378 1517 2416 Boyyero
1534 2377 1567 2406 de
1585 2376 1773 2406 Stalscilerne
1789 2376 1945 2411 mmmclzo,
1963 2386 1996 2405 ar
2015 2376 2162 2405 [riccardo
2180 2376 2214 2405 (lc
2233 2376 2311 2406 Ned-

1303 2430 1371 2460 lzam
1396 2431 1514 2465 clerico,
1543 2430 1795 2470 Jn’ocmwzcw‘z'hus
1822 2429 1995 2458 dilectorum
2028 2428 2161 2467 filiorum
2187 2453 2206 2459 ..
2227 2429 2312 2468 prio-

1303 2484 1344 2512 ris
1380 2489 1408 2513 cc
1434 2488 1597 2512 conventus
1631 2482 1750 2512 ecclesie
1787 2493 1809 2512 s.
1833 2481 1956 2516 Albani,
1983 2483 2057 2516 etc,
2090 2483 2125 2511 ut
2148 2490 2248 2520 supra
2277 2483 2310 2511 iu

1302 2536 1368 2566 alia
1395 2545 1500 2575 usque
1527 2537 1622 2575 prout
1648 2536 1681 2565 in
1708 2535 1828 2565 litteris
1859 2543 1972 2564 eorum
1998 2534 2156 2564 confectis
2179 2534 2310 2569 exinde,

1301 2590 1451 2628 ipsorum
1476 2589 1609 2626 sigillis,
1627 2590 1702 2624 etc.‚
1728 2596 1831 2626 usque
1857 2587 1895 2616 ad
1916 2595 2081 2616 summam
2105 2587 2128 2616 C
2150 2587 2310 2616 librarum

1271 2654 1272 2662 1
1302 2642 1538 2681 sterlingorum
1569 2650 1730 2671 novorum
1760 2642 1833 2674 etc,
1851 2647 1955 2677 usque
1979 2639 2018 2668 ad
2037 2647 2217 2673 summam,
2234 2640 2307 2672 etc„

1270 2717 1272 2723 1
1300 2704 1406 2734 usque
1424 2713 1470 2725 —.
1489 2695 1608 2725 Datum
1627 2694 1712 2733 apud
1727 2693 2008 2726 Urbemveterem,
2021 2701 2039 2719 v
2051 2691 2211 2722 kalendas
2223 2692 2307 2721 octo-

1271 2760 1272 2773 1
1300 2748 1382 2783 bris,
1400 2757 1486 2778 anno
1503 2747 1610 2778 tertio.
1631 2757 1647 2774 »
