2547 3289
191 247 227 276 14
946 232 1196 264 REGtSTREs
1220 231 1433 262 D‘URnAtN
1457 231 1514 261 IV.

185 328 279 355 officio
294 327 322 353 iu
346 325 520 359 Tripolitana
538 321 658 349 ccclesia
673 320 819 355 providere
844 317 946 344 valent.
973 317 1094 351 (lln=;.26
1110 315 1156 341 sol.
1168 316 1194 347 9,

186 381 217 403 n⁰
233 375 291 409 39.)

226 479 266 496 «..
286 465 419 504 episcopo
448 461 644 501 Tripolitana.
672 460 762 490 Licet
784 458 1000 489 eeclesiarum
1030 465 1130 486 onera
1146 472 1194 488 -,

185 520 260 550 Hiis
271 519 379 556 itaque
392 514 659 546 virtutumdonis
672 513 702 542 in
717 512 835 542 dilecto
849 511 930 544 filio,
940 510 1099 547 magistro
1112 509 1197 538 Pan-

183 572 274 602 dulfo
293 571 331 601 de
355 570 497 600 Subura.
525 567 695 606 capellano
720 566 843 599 nostro,
863 563 1110 601 consanguineo
1127 563 1195 596 tuo,

182 624 322 664 provida
341 621 604 653 consideratione
620 619 780 658 pensatis,
801 618 940 655 <lignum
959 615 1143 654 duxi[mlus
1158 622 1196 644 eo

183 677 316 716 plenius
329 684 424 706 suam
435 675 597 704 honorare
614 679 802 711 personam,
816 679 880 709 quo
895 670 1002 708 ipsam
1020 668 1196 698 dilectione

184 729 417 769 prosequimur
442 727 606 766 ampliori,
633 727 668 755 ut
696 725 728 754 in
757 732 794 754 ea
814 724 956 753 fructum
975 721 1198 760 rependamus

184 782 355 821 obsequiis
371 782 401 811 et
419 780 546 810 meritis
572 778 734 818 premium
760 783 1026 814 compensemus.
1049 774 1100 804 Tu
1117 781 1196 811 quo-

184 844 247 874 que
263 835 478 865 considerans
498 833 582 871 qnod
602 832 708 870 ipsius
726 829 890 860 industria
905 830 935 858 et
954 827 1197 865 circumspecta

185 887 394 927 providentIa
422 886 482 916 tibi
498 887 530 916 et
555 885 692 915 ecclesie
716 885 770 913 tue
796 883 947 921 poterant
969 879 1198 918 multipliciter
1227 904 1228 907 ,

185 941 326 971 existere
337 940 514 972 fructuose,
530 938 625 968 nobis
636 937 806 967 humiliter
824 934 1019 974 supplicasti
1036 935 1068 963 ut
1086 933 1197 971 ipsum

187 995 219 1025 in
246 993 360 1024 eadem
393 991 532 1022 ecclesia
566 990 753 1029 specialiter
778 996 970 1018 curaremus
994 985 1198 1025 provisionis

185 1046 362 1085 apostolice
382 1053 518 1075 munere
542 1042 728 1083 prevenire.
745 1042 854 1077 Quare
879 1040 1054 1079 specialem
1072 1039 1135 1069 sibi
1153 1040 1198 1069 fa-

186 1107 258 1129 cere
275 1099 415 1137 gratiam
428 1098 651 1131 intendentes,
666 1094 863 1126 fraternitati
874 1094 928 1124 tue
945 1093 1141 1132 providendi
1156 1094 1199 1124 ei—

185 1153 259 1182 dem
278 1152 517 1190 capellanoper
532 1151 562 1180 tc
580 1150 631 1179 vel
644 1158 701 1188 per
714 1148 817 1178 alium
834 1156 892 1177 seu
909 1146 993 1177 alios
1007 1146 1041 1176 in
1058 1146 1199 1177 ecclesia

187 1205 406 1244 Tripolitana,
420 1205 595 1242 postquam
607 1202 648 1233 ad
667 1202 774 1240 ipsam
794 1199 997 1239 perveneris,
1010 1199 1048 1228 de
1058 1199 1199 1229 canonia

186 1257 408 1296 etprebemta,
425 1257 583 1293 dignitate
599 1255 649 1285 vel
671 1254 860 1293 personatu.
879 1261 955 1282 cum
972 1260 1050 1281 cura
1062 1252 1115 1282 vel
1127 1252 1199 1282 sine

187 1319 276 1345 cura,
289 1311 316 1340 si
334 1310 458 1340 ibidem
474 1310 590 1339 vacant
607 1308 647 1337 ad
658 1315 795 1346 presens·
808 1306 858 1336 vel
872 1305 1037 1344 quamcito
1060 1305 1099 1334 ad
1117 1305 1148 1334 id
1164 1313 1199 1335 se

190 1363 327 1394 facultas
338 1363 541 1393 ol›tulerit‚et
557 1360 699 1391 faciendi
710 1368 784 1389 eum
802 1358 854 1388 vel
870 1358 1198 1396 ejusprocuratorem

192 1425 252 1446 suo
263 1415 594 1453 nomine‚post‹f1uam
603 1414 642 1443 de
654 1411 845 1451 hujusmodi
858 1410 1026 1449 prebenda
1043 1411 1074 1439 et
1090 1418 1199 1448 perso-

190 1469 267 1499 natu
292 1468 346 1498 vel
363 1467 522 1505 dignitate
552 1465 748 1496 vacantibus
765 1464 830 1493 sibi
847 1463 1020 1501 provisum
1038 1462 1197 1498 extiterit,

191 1521 293 1560 recipi
310 1520 344 1550 in
361 1520 476 1550 eadem
492 1519 632 1550 ecclesia
649 1519 684 1548 in
704 1517 900 1548 canonicum
912 1516 988 1546 etin
1006 1515 1199 1545 fratrem—.

189 1574 263 1605 Non
279 1573 429 1604 obstante
441 1573 469 1603 si
485 1590 533 1602 —.
544 1572 667 1603 Datum
682 1570 836 1605 Viterbii,
852 1579 887 1598 111
903 1568 1203 1607 kalendasjdecem-

192 1627 272 1663 bris,
286 1635 371 1656 anno
389 1626 418 1656 Ιο
436 1637 460 1656 ».
697 1626 703 1629 “

264 1804 310 1834 142
758 1799 881 1830 Viterbe,
899 1798 915 1823 4
932 1797 1037 1824 sevricr
1057 1798 1135 1824 1262.

232 1886 332 1912 Abbati
353 1887 381 1912 ct
398 1884 549 1911 conventui
569 1882 821 1910 Westmouasterii
843 1882 972 1915 indulget
992 1884 1021 1908 ut
1042 1889 1128 1915 super
1150 1883 1206 1907 tre-

191 1934 283 1960 centis
297 1935 325 1960 et
341 1933 461 1967 triginta
477 1932 584 1958 marcis
599 1940 615 1958 a
631 1931 839 1957 mercatoribus
853 1930 974 1956 diversis
990 1929 1165 1956 Florentinis
1181 1931 1209 1955 ct

194 1981 366 2008 senensibus
391 1989 490 2008 coram
514 1988 694 2015 quocumque
714 1979 809 2014 judice
830 1986 879 2012 per
904 1978 1015 2004 litteras
1037 1977 1207 2012 apostolicas

192 2030 458 2065 quomodocumque
476 2029 658 2062 impetratas,
676 2027 797 2053 minime
812 2027 927 2053 valeant.
951 2026 1107 2053 conveniri.
1128 2026 1206 2059 (linc.

195 2080 240 2110 26,
257 2079 305 2105 sol.
326 2079 340 2105 9
356 2082 394 2111 v0,
412 2083 444 2103 n0
461 2078 515 2110 40.)

235 2184 274 2201 «..
302 2171 403 2200 abbaci
419 2175 446 2199 ee
465 2169 624 2199 conventui
648 2166 901 2198 Wcstmonascerz'i
925 2166 1154 2203 Londnm‘ensis,
1169 2165 1209 2195 ad

195 2224 361 2254 Romanam
387 2222 540 2252 ecclesiam
557 2221 638 2250 nullo
657 2221 751 2250 medio
765 2220 958 2260 pertinentis,
974 2219 1089 2248 ordinis
1107 2229 1130 2248 S.
1150 2219 1208 2248 Be-

193 2276 317 2306 nedicti.
342 2276 461 2306 Petitio
483 2275 593 2305 vestra
623 2273 718 2304 nobis
743 2273 890 2303 exhibita
915 2272 1104 2302 continebat
1120 2272 1209 2310 quod

197 2330 366 2368 quondam
390 2328 569 2368 Phylippo,
583 2328 690 2366 priore
708 2326 901 2357 monasterii
919 2326 1034 2359 vestri,
1052 2325 1085 2355 in
1101 2325 1209 2363 ipsius

194 2381 346 2411 abbatem
361 2380 476 2414 electo,
487 2379 627 2409 dilectus
638 2378 728 2407 tilius
739 2377 895 2415 magister
906 2376 1075 2406 ¹Iohannes
1086 2376 1206 2410 ClareI,

193 2433 386 2472 capellanus
402 2433 524 2467 noster,
542 2432 604 2461 fuit
620 2440 638 2461 a
657 2431 764 2465 vobis,
788 2430 851 2460 filii
866 2430 1062 2465 conventus,
1078 2437 1136 2467 pro
1154 2438 1207 2458 ne-

194 2487 281 2526 gotio
298 2485 471 2516 electionis
485 2484 677 2523 hujusmodi
695 2483 860 2513 adsedem
876 2482 1093 2520 apostolicam
1108 2481 1209 2511 desti-

195 2541 304 2574 natus,
319 2539 372 2569 cui
390 2538 499 2569 felicis
517 2536 756 2568 recordationis
774 2535 964 2566 Alexander
979 2543 1074 2573 papa,
1094 2534 1208 2573 prede-

195 2601 306 2623 cessor
324 2592 445 2625 noster,
463 2590 679 2620 contrahendi
700 2589 851 2619 mutuum
870 2596 928 2626 pro
947 2587 1138 2625 hujusmodi
1154 2595 1208 2617 ne-

195 2645 287 2684 gocio
302 2653 405 2683 nsque
416 2644 455 2674 ad
466 2651 631 2673 summam
643 2643 874 2672 sexcentarum
890 2642 922 2670 et
940 2640 1112 2677 sexaginta
1121 2649 1207 2670 mar-

195 2697 332 2728 charum
348 2696 637 2734 sterlingorutn,et
653 2695 786 2734 propter
804 2694 864 2724 hoc
879 2693 1062 2732 predictum
1078 2701 1207 2723 monas-

196 2750 315 2782 terium
331 2759 367 2780 ac
383 2749 536 2779 abbatem
556 2749 587 2778 et
603 2749 803 2778 conventum
820 2747 927 2786 ipsius
943 2747 974 2776 et
989 2754 1104 2776 eorum
1123 2746 1210 2776 bona

195 2802 415 2834 creditoribus
440 2801 609 2840 obligandi
634 2800 798 2831 concessit
818 2808 876 2838 per
892 2807 970 2829 suas
987 2798 1114 2828 litteras
1130 2799 1208 2829 libe-

199 2864 269 2886 ram
304 2855 503 2886 facultatem.
538 2854 589 2884 Ex
625 2853 815 2892 hujusmodi
849 2853 960 2882 autem
999 2852 1210 2882 marcharum

199 2916 341 2944 summa,
364 2908 506 2938 trecente
529 2915 636 2937 marce
659 2915 788 2936 camere
815 2905 893 2936 dicti
909 2905 1154 2944 predecessoris
1178 2906 1210 2936 et

1258 315 1392 345 totidem
1414 315 1520 354 ipsius
1536 315 1694 345 fratribus·
1712 315 1927 351 debebantur,
1945 315 2114 345 residuum
2137 323 2212 345 vero
2232 315 2266 345 in

1257 369 1430 398 utilitatem
1450 368 1649 398 ‹trmlitorum
1666 368 1973 407 hujusmodimutui
1990 368 2162 399 occasione
2177 368 2269 398 cede-

1257 421 1319 450 bat.
1331 422 1416 452 Sane
1431 421 1799 460 predictuscapellanus
1818 422 1849 452 in
1866 423 2176 460 pretaxatasumma
2193 430 2267 451 sex-

1255 475 1425 504 centarum
1445 476 1475 504 et
1501 475 1672 513 sexaginta
1689 483 1875 504 marcarum
1895 484 1954 505 vos
1981 477 2011 504 et
2027 475 2267 505 monasterium

1258 527 1366 565 ipsum
1383 536 1419 557 ac
1436 528 1508 566 ejtts
1524 528 1609 557 bona
1627 529 1760 567 propter
1782 527 1844 558 hoc
1861 528 2004 557 diver<is
2028 527 2268 557 mercatoribus

1255 580 1459 610 Florentinis
1472 581 1502 610 et
1516 580 1723 610 Senensibus
1741 580 1912 619 obligavit,
1929 580 2076 610 consecto
2094 589 2193 619 super
2205 580 2267 610 hoc

1257 642 1315 671 per
1325 641 1444 663 manus
1456 633 1601 663 Noclerii
1614 633 1766 663 scrinarii
1779 633 1913 672 publico
1933 633 2165 663 instrumento.
2178 633 2267 663 Dicti

1257 695 1334 716 vero
1358 690 1558 716 mercatores
1578 687 1803 725 promiserunt
1825 686 1911 724 quod
1936 687 2108 716 sexcentas
2140 693 2268 715 marcas

1256 739 1481 777 predecessori
1499 741 1529 769 et
1548 739 1705 769 fratribus
1721 748 1778 778 pre
1791 739 1880 769 lictis
1897 738 2189 778 proportionaliter
2204 738 2269 768 sol-

1257 794 1383 827 verent,
1400 794 1495 831 prout
1512 793 1666 831 superius
1680 794 1728 822 est
1738 800 1945 830 expressum.
1959 792 2077 822 Verum
2092 792 2171 830 quia
2187 799 2270 821 mer-

1257 846 1384 875 catores
1403 846 1464 883 ipsi
1485 846 1647 885 predictas
1669 848 1832 875 trecentas
1858 853 1998 879 marcas,
2025 844 2132 874 eidem
2154 844 2270 883 prede-

1256 899 1380 929 cessori
1393 899 1533 933 debitas,
1546 899 1652 936 ipsius
1667 907 1795 929 rainere
1813 907 1877 928 non
1895 898 2077 932 solverunt,
2095 899 2141 932 tu,
2157 897 2203 926 fili
2216 896 2270 926 ab·

1257 952 1327 987 bas,
1352 960 1408 982 eas
1425 952 1607 982 liberaliter
1623 954 1733 981 nostre
1751 960 1879 982 camere
1900 951 2101 990 persolvisti.
2124 950 2195 980 Nos
2210 950 2269 980 ita-

1257 1014 1320 1044 que
1338 1005 1488 1035 nolcntes
1505 1007 1539 1034 ut
1554 1014 1654 1043 super
1676 1004 1868 1041 hujusmodi
1885 1005 2038 1034 trecentis
2054 1003 2175 1033 marcis
2196 1012 2270 1034 nos·

1256 1059 1304 1088 tre
1327 1067 1455 1088 camere
1468 1058 1657 1097 persolutis,
1678 1059 1707 1088 et
1730 1058 1866 1097 triginta
1890 1058 2008 1087 marcis
2025 1066 2088 1096 que
2105 1056 2269 1088 debebant

1259 1112 1291 1141 in
1308 1112 1485 1142 utilitatem
1504 1113 1726 1141 mercatorum
1750 1111 1897 1150 ipsorum
1916 1111 2041 1148 cedere,
2060 1110 2197 1149 possitis
2210 1109 2270 1139 ali-

1257 1166 1421 1203 quatenus
1445 1165 1626 1199 melestari,
1656 1173 1716 1194 vos
1741 1164 1781 1194 ab
1811 1164 2017 1202 impetitione
2046 1165 2268 1193 mercatorum

1258 1217 1406 1256 ipsorum
1426 1226 1526 1256 snper
1543 1217 1606 1246 biis
1624 1217 1826 1256 presentium
1848 1216 2268 1249 auctoritateabsolvimus,

1258 1272 1288 1300 et
1302 1270 1946 1309 instrumentumhujusmodi,quantum
1966 1270 2005 1298 a1l
2025 1269 2129 1299 dictas
2147 1270 2271 1299 trecen-

1258 1325 1308 1354 tas
1321 1324 1352 1353 et
1362 1323 1496 1361 triginta
1509 1331 1827 1357 ulai-eas,c;tssa1nus
1844 1323 1874 1352 ct
1890 1322 2058 1352 irritamus
2074 1323 2105 1351 vt
2121 1321 2271 1351 decerni—

1259 1384 1335 1406 mus
1366 1376 1492 1405 nullius
1522 1376 1663 1405 existere
1694 1375 1872 1408 firmitatis,
1913 1374 2008 1404 vobis
2033 1374 2271 1404 nichilominus

1260 1429 1477 1458 concedentes
1492 1429 1528 1458 ut
1544 1428 1585 1457 ab
1597 1428 1722 1457 eisdem
1740 1427 1978 1457 mercatoribus
1997 1436 2055 1457 seu
2073 1434 2272 1466 quocunque

1261 1482 1325 1512 alio
1337 1481 1542 1520 superdictis
1551 1481 1707 1511 trecentis
1720 1482 1750 1511 et
1766 1481 1900 1519 triginta
1917 1481 2050 1514 marcis,
2061 1489 2171 1510 coram
2188 1488 2271 1518 quo-

1261 1543 1390 1572 cunque
1410 1534 1518 1573 judice
1543 1542 1602 1572 per
1624 1533 1751 1564 ilttcras
1776 1533 1974 1572 apostolicas
1996 1533 2199 1571 impetratas,
2219 1531 2274 1562 vel

1261 1587 1361 1618 etiam
1389 1586 1626 1625 impetrandas,
1650 1586 1827 1616 convenire
1850 1586 1988 1616 minime
2012 1585 2161 1615 valeatis.
2182 1585 2276 1616 Cete-

1262 1649 1336 1670 rum
1355 1640 1481 1670 litteras
1493 1648 1720 1678 quascunque,
1738 1639 1765 1669 si
1783 1648 1866 1678 quas
1882 1641 1995 1669 contra
2013 1648 2072 1669 vos
2089 1647 2189 1677 super
2205 1646 2276 1677 pre-

1263 1694 1360 1724 dictis
1389 1692 1543 1723 trecentis
1568 1693 1599 1723 et
1620 1692 1754 1731 triginta
1777 1692 1898 1722 marcis
1915 1701 1933 1721 a
1951 1700 2091 1731 quarum
2111 1691 2275 1721 solutione

1265 1756 1325 1777 vos
1340 1745 1608 1780 absolvimus,ab
1624 1745 1739 1775 cadem
1755 1745 1832 1775 sede
1843 1745 2022 1784 impetrari,
2033 1753 2067 1774 ac
2086 1753 2276 1774 excommu-

1267 1800 1453 1834 nicationiS,
1470 1799 1704 1838 suspensionis
1716 1800 1746 1829 et
1761 1799 1927 1829 interdicti
1943 1799 2137 1834 sententias,
2152 1798 2181 1828 si
2193 1806 2277 1836 quas

1266 1854 1438 1884 occasione
1461 1854 1684 1891 predictarum
1701 1854 1923 1882 trecentarum
1943 1853 1974 1881 ct
1996 1851 2132 1890 triginta
2152 1859 2277 1881 marca-

1267 1907 1383 1938 rumin
1401 1915 1461 1936 vos
1479 1906 1676 1945 generaliter
1692 1906 1745 1936 vel
1762 1905 1906 1944 aliquem
1923 1907 2071 1935 vestrum
2089 1904 2278 1943 specialiter

1266 1960 1472 2000 promulgari
1501 1960 1686 1998 contigerit„
1712 1959 1922 1989 decernimus
1948 1959 2058 1989 irritas
2086 1961 2117 1989 ct
2147 1959 2277 1988 inanes.

1267 2013 1361 2043 Nulli
1395 2021 1472 2051 ergo
1502 2029 1552 2042 —.
1578 2012 1703 2042 Datum
1728 2012 1882 2046 Viterbii,
1916 2022 1934 2041 11
1967 2020 2071 2041 nonas
2104 2010 2278 2046 februarii,

1267 2075 1354 2097 anno
1370 2066 1398 2096 Ιὃ
1418 2079 1442 2094 υ.

1334 2260 1381 2291 43
1832 2256 1956 2289 vitertm,
1973 2257 1989 2281 4
2006 2255 2111 2282 sevricr
2131 2256 2206 2282 1262.

1302 2343 1402 2370 Abbati
1416 2351 1439 2369 s.
1458 2342 1608 2377 ⁴lugustini
1625 2341 1839 2368 Cuntuariensis
1852 2343 1878 2367 et
1897 2340 1984 2375 priori
1997 2340 2031 2366 dc
2044 2340 2183 2371 Mertuno,
2201 2339 2280 2366 Win-

1266 2393 1404 2419 toniensis
1425 2391 1679 2423 diocesis‚mundat
1702 2393 1733 2417 ut
1753 2389 1896 2424 praefatas
1918 2389 2064 2423 proximas
2086 2389 2197 2415 litteras
2217 2396 2282 2414 exe-

1265 2441 1374 2468 cutioni
1393 2440 1526 2467 mandari
1544 2441 1707 2474 procurent.
1727 2439 1804 2472 (Rea.
1821 2440 1866 2472 QG,
1887 2437 1935 2464 sol.
1954 2439 1970 2463 9
1987 2441 2026 2470 v0,
2043 2441 2074 2463 ῐιο
2092 2438 2147 2466 41.)

1309 2547 1349 2564 «..
1367 2534 1469 2564 abbati
1482 2544 1505 2563 s.
1519 2533 1682 2571 Anqustini
1700 2532 1916 2563 Cantuarensis
1934 2538 1985 2562 et..
2004 2532 2102 2570 priori
2117 2531 2152 2560 de
2169 2531 2281 2561 Met-lu-

1266 2597 1314 2622 ne,
1326 2586 1540 2617 Wintoniensis
1552 2585 1818 2616 diocesis.Petitio
1835 2585 2032 2616 dilectorum
2051 2584 2285 2615 tiliorum..ab-

1266 2641 1352 2671 batis
1369 2641 1400 2670 et
1408 2642 1592 2670 conventus
1600 2639 1890 2670 XVestmonastcrii
1900 2638 2157 2671 Londoniensis,
2169 2637 2208 2667 ad
2219 2637 2284 2667 Ro-

1266 2702 1398 2724 manam
1408 2693 1581 2723 ecclesiam
1594 2692 1685 2722 nullo
1697 2690 2143 2730 nediopertinentis,01·dinis
2152 2690 2284 2721 s.Bene-

1267 2746 1357 2781 dicti,
1369 2746 1464 2776 nobis
1472 2745 1618 2776 exhibita
1627 2745 1816 2776 continebat
1828 2745 1914 2783 quod
1924 2744 2091 2783 quondam
2104 2743 2282 2782 Phylippo,

1267 2800 1377 2838 priore
1395 2799 1501 2838 ipsius
1524 2798 1718 2829 monasterii
1739 2799 1799 2833 otc,
1824 2797 1912 2828 utin
1938 2797 2089 2837 proxima
2119 2795 2283 2835 superiori

1268 2860 1374 2891 usque
1389 2852 1601 2882 decernimus
1618 2852 1728 2882 irritas
1744 2852 1775 2881 et
1787 2851 1917 2886 inanes,
1936 2850 2047 2881 verbis
2060 2849 2282 2888 competenter

1268 2905 1417 2936 mutatis.
1434 2905 1596 2941 Quocirca
1608 2904 1806 2934 mandamus
1823 2904 1986 2942 quatenus
2000 2911 2064 2933 non
2082 2901 2280 2941 permittatis
