2547 3289
242 199 298 228 124
1050 191 1271 222 REGISTRE
1295 185 1510 222 CAMERAL

238 281 305 309 tam
321 287 379 317 per
398 287 432 307 se
449 286 549 316 quam
564 286 622 315 per
637 276 722 305 alios
741 275 891 305 conferre
912 277 941 305 et
963 275 1136 313 assIgnarc
1153 282 1245 303 cura—

238 333 325 361 runt.
348 332 481 365 Verum,
503 330 592 367 quia,
612 329 698 358 sicut
717 328 920 366 accepimus,
941 327 1115 357 occasione
1133 326 1246 365 hujus—

238 383 326 413 modi
340 392 517 421 processus
532 390 590 420 per
606 381 774 419 predIctos
791 381 1081 418 archiepiscopum
1097 381 1129 409 et
1146 379 1245 409 colle-

236 444 294 474 gas
327 435 442 469 habiti,
475 443 575 473 grave
607 434 639 463 in
674 433 743 463 illis
778 433 931 472 partibus
964 432 1159 462 scandalum
1195 433 1245 461 est

236 489 399 520 exortum,
416 495 484 522 nos,
500 487 556 525 qui
569 486 767 524 exinj11ncto
785 485 881 515 nobis
895 485 1104 524 apostolatus
1119 484 1242 519 officio,

235 539 404 569 scandalis
421 539 556 568 obviare
581 541 744 574 tenemur,
766 539 917 568 volentes
937 547 977 568 ex
997 537 1107 567 osticio
1129 538 1244 566 nostro

236 592 267 621 in
294 592 352 621 bac
376 593 469 631 parte
496 591 678 622 salubriter
703 591 893 631 providere,
914 590 1110 621 discretioni
1133 591 1245 619 vestre

234 654 293 683 per
310 645 495 683 apostolica
513 645 638 683 scripta
656 645 855 675 mandamus
877 644 1048 682 quatinus,
1069 643 1096 672 si
1118 644 1169 672 est
1186 643 1242 678 ita,

235 698 402 736 predictas
429 698 764 733 exconuinicationis‚
796 697 1043 735 suspensionis,
1074 695 1242 726 interdicti

235 759 271 780 ac
284 750 384 780 etiam
403 750 671 780 subtractioninn
691 752 722 781 et
742 750 971 789 privationum
987 751 1242 788 personatuum,

234 803 448 842 dignitatum,
473 803 674 840 ot't'1ciorum,
707 803 934 838 canoniarum⁷
965 802 1241 841 capellaniarum,

236 856 467 892 rectoriarum,
502 858 533 886 et
558 855 702 885 aliorum
731 855 971 886 beneficiorum
998 854 1245 885 ecclesiastico-

236 917 310 938 rum
334 909 520 938 sententias
548 910 663 939 contra
694 909 846 947 prefatos
868 908 1009 938 clericos
1035 909 1066 938 et
1089 907 1194 937 laicos
1213 907 1245 936 et

236 961 404 999 quaslibet
424 961 508 991 alias
529 962 715 991 sententias
737 961 869 991 simile-s
891 962 1006 991 contra
1027 968 1244 999 quascunque

235 1013 320 1043 alias
338 1022 511 1051 personas,
537 1014 711 1044 occasione
729 1015 761 1044 et
790 1014 989 1044 auctoritate
1008 1013 1174 1043 dictarum
1192 1013 1245 1042 lit—

234 1069 396 1104 terarum,
409 1068 536 1098 eisdem
552 1068 805 1107 archiepiscopo
816 1069 847 1098 et
862 1068 1001 1106 collegis
1017 1067 1127 1106 ipsius
1144 1075 1245 1105 super

235 1121 467 1159 compulsione
500 1121 665 1151 dictorum
704 1122 843 1151 testium
875 1121 1092 1156 directarum,
1124 1120 1244 1150 ultimo

236 1174 476 1212 promulgataS,
489 1183 616 1204 necnon
633 1175 832 1204 collationes
847 1176 878 1204 et
902 1174 1150 1213 assignationes
1170 1173 1245 1203 aliis

235 1227 369 1257 clericis
388 1227 427 1257 de
450 1227 601 1266 ipsorum
626 1227 861 1266 dignitatibus,
878 1227 1128 1266 personatibus,
1150 1235 1245 1256 cano-

237 1280 314 1316 niis,
336 1280 546 1319 capellanum,
570 1281 737 1316 rectoriiS,
758 1280 880 1310 officiis
898 1282 929 1310 et
948 1280 1121 1310 beneficiis
1145 1280 1247 1309 eccle-

236 1333 396 1369 siasticiS,
417 1335 452 1363 ut
471 1333 666 1372 predicitur,
687 1334 804 1369 factas,
825 1334 857 1363 et
879 1333 1041 1372 quicquid
1059 1342 1099 1363 ex
1116 1333 1243 1362 eisdem

236 1386 415 1416 sententiis
433 1387 586 1416 secutum
599 1388 650 1416 est
668 1387 719 1416 vel
737 1386 777 1416 ob
792 1386 895 1424 ipsas,
914 1387 1114 1416 auctoritate
1130 1386 1245 1415 nostra

236 1447 404 1475 revocare,
429 1439 603 1478 dictosque
624 1439 764 1469 clericos
781 1439 814 1468 in
837 1439 971 1469 illorum
992 1438 1244 1477 possessionem

236 1492 405 1527 reducere,
436 1492 557 1521 amotis
583 1491 623 1522 ab
647 1493 696 1521 eis
716 1491 925 1530 quibuslibet
947 1491 1189 1524 detentoribus,
1213 1491 1245 1520 et

236 1545 391 1575 reductos
406 1545 581 1575 defensare
605 1545 742 1575 01110115.
765 1544 1018 1574 Contradictore
1036 1553 1178 1574 censura
1199 1543 1245 1573 si—

235 1597 306 1627 mili
326 1599 385 1628 otc.
402 1598 558 1628 Invocato
585 1599 647 1628 etc.
675 1598 749 1628 Non
773 1597 927 1628 obstante
951 1597 981 1627 si
1002 1597 1159 1636 personis
1187 1597 1245 1627 ali-

233 1650 357 1689 quibus
385 1659 403 1680 a
417 1651 495 1680 sede
515 1651 701 1689 apostolica
718 1651 761 1680 sit
777 1651 947 1681 indultum
966 1651 1055 1689 quod
1073 1650 1242 1687 interdici,

234 1704 396 1742 suspendi
422 1704 474 1734 vel
509 1704 759 1734 excomunicari
786 1713 851 1733 non
876 1704 1009 1743 possint
1031 1712 1090 1742 per
1111 1704 1245 1734 litteras

234 1756 325 1786 sedis
342 1757 451 1795 ipsius
471 1765 534 1795 que
551 1757 590 1787 de
613 1756 743 1786 indulto
764 1757 957 1795 hujusmodi
982 1756 1116 1795 plenam
1138 1758 1170 1787 et
1191 1766 1246 1787 ex·

234 1817 387 1847 pressam
414 1818 479 1839 non
519 1809 657 1840 fecerint
682 1809 899 1846 mentionem,
931 1811 962 1840 et
993 1809 1143 1849 qualibet
1179 1811 1246 1840 alia

234 1862 385 1901 ejusdem
403 1863 494 1892 sedis
509 1862 718 1901 indulgentia
738 1872 796 1901 per
815 1872 914 1901 quam
940 1863 1078 1893 effectus
1109 1872 1245 1902 presen-

234 1916 319 1946 tium
337 1916 493 1955 impediri
510 1916 620 1946 valeat
636 1916 688 1945 vel
703 1916 842 1946 differri.
862 1917 987 1946 Datum
1009 1917 1097 1954 apud
1118 1916 1243 1947 Urbem

235 1970 393 2003 veterem,
414 1979 458 1998 vn
478 1969 641 1999 kalendas
656 1969 745 2007 julii,
767 1977 854 1999 anno
870 1969 982 1999 tertio.
1004 1981 1018 1996 11

324 2127 397 2159 446
827 2126 950 2157 Orvieto,
967 2128 1001 2154 26
1019 2127 1077 2154 mai
1096 2128 1174 2154 1264.

273 2204 386 2231 Eisdem
412 2206 531 2232 mandat
551 2208 690 2240 quatenus
716 2214 816 2232 onmes
837 2206 994 2233 sententias
1018 2207 1247 2234 excommunica-

235 2254 346 2281 tionum
363 2254 390 2281 in
405 2254 606 2286 senescallum,
619 2254 768 2289 vicarium,
781 2256 965 2290 capitularios
982 2257 1158 2283 Tliolosauos
1175 2260 1203 2284 et
1218 2257 1246 2284 in

235 2303 371 2330 osticiales
383 2303 536 2330 Tholosaui
548 2303 684 2338 episcopi,
697 2304 845 2331 occasione
860 2304 1055 2339 inquisitionis
1072 2306 1099 2332 in
1113 2307 1246 2333 eumdem

235 2351 401 2386 episcopum
421 2352 522 2383 factae,
538 2351 675 2379 relaxent.
698 2353 777 2387 (11110.
797 2354 840 2385 27,
858 2353 905 2380 fol.
931 2355 979 2380 127
997 2358 1035 2386 νο,
1054 2355 1135 2389 11⁰¹.)

277 2451 291 2470 «
313 2441 449 2471 Eisdem.
464 2442 554 2473 Olim
569 2444 630 2473 etc.
649 2444 685 2474 ut
702 2452 805 2482 supra
823 2453 928 2483 usque
946 2445 1161 2484 Agennensis
1178 2447 1247 2477 dio-

238 2494 337 2529 cesis,
359 2503 418 2533 per
432 2497 565 2525 nostras
598 2495 660 2525 sul)
685 2498 775 2527 certa
804 2497 908 2528 forma
930 2498 1061 2528 litteras
1086 2499 1248 2530 duximus

238 2547 577 2584 committendum,ac
594 2549 678 2587 ipsis
689 2558 873 2589 eorumque
891 2550 1032 2581 familiis
1048 2551 1081 2581 in
1096 2561 1249 2583 necessa-

239 2600 312 2634 riis,
330 2601 469 2631 durante
483 2601 567 2631 dicte
584 2602 817 2641 inquisitionis
834 2604 979 2643 negotio,
994 2604 1147 2635 debonis
1163 2607 1249 2644 epis-

239 2654 378 2692 copatus
403 2653 585 2684 'l'llolosani
610 2664 668 2693 per
693 2656 862 2694 prefatum
887 2656 1084 2695 episcopum
1111 2657 1248 2696 ejusque

240 2706 384 2736 vicarios
395 2715 431 2736 ac
445 2707 607 2737 officiales
622 2708 857 2739 mandavimus
874 2709 1056 2747 provideri,
1068 2710 1248 2740 eldenium

240 2766 312 2794 nos,
331 2768 372 2789 ox
396 2759 622 2790 insinuatione
644 2761 810 2791 dictorum
839 2761 1080 2800 archiepiscopi
1102 2764 1131 2792 ct
1149 2763 1249 2792 colle-

240 2818 356 2849 garum
385 2811 469 2849 ejus,
504 2813 673 2843 intellecto
708 2814 797 2853 quod
829 2814 981 2853 prefatus
1005 2815 1185 2853 episcopus
1213 2824 1248 2846 se

241 2864 482 2895 contumaciter
509 2865 701 2896 absentarat
720 2875 738 2897 a
760 2867 896 2898 civitate
917 2869 948 2897 et
976 2867 1102 2897 diocesi
1126 2867 1247 2899 Tholo-

1308 274 1401 304 sanis
1429 276 1459 304 et
1486 274 1625 313 predicti
1650 274 1767 303 vicarii
1788 276 1819 304 et
1843 274 2006 305 officIales
2029 275 2079 305 eis
2103 276 2260 306 nolebant
2283 277 2317 307 in

1307 327 1510 357 necessariis
1532 327 1720 366 providere,
1744 329 1774 357 et
1793 327 1883 366 quod
1901 330 2040 366 propter
2057 328 2118 359 hoc
2142 329 2244 359 iidem
2266 338 2319 359 ar-

1307 379 1543 418 chiepiscopus
1564 382 1593 409 et
1620 379 1746 416 college
1768 380 1801 409 in
1822 379 1914 418 ipsos
1933 381 2079 411 vicarios
2100 383 2131 411 ct
2153 382 2317 412 officiales

1306 433 1633 462 excomunicationis
1654 432 1854 462 sententiam
1877 433 2145 471 promulgarunt⁷
2166 435 2317 472 predicto

1307 485 1561 524 archiepiscopo
1586 488 1617 515 ct
1641 485 1713 523 ejus
1737 485 1877 523 collegis
1900 494 1958 523 per
1982 488 2116 515 nostras
2142 487 2204 516 sub
2228 489 2318 517 certa

1309 537 1416 567 fornia
1440 538 1572 568 litteras
1598 539 1744 567 dicimur
1768 538 1958 576 injunxisse
1978 540 2013 568 ut
2037 538 2185 568 nobilem
2206 540 2317 570 virum

1308 592 1532 621 senescallum
1544 592 1657 621 dilecti
1676 592 1736 621 tilii
1749 591 1874 620 nobilis
1886 591 1948 620 viri
1960 591 2095 621 comitis
2106 592 2318 622 Pictavensis

1307 646 1339 674 et
1355 644 1538 675 'l'liolosani
1554 645 1586 674 in
1604 644 1758 683 partibus
1773 644 1989 680 'l'holosanis‚
2010 653 2138 674 necnon
2152 645 2317 675 vicarium

1307 698 1338 727 et
1373 697 1595 736 capitularios
1625 707 1684 727 seu
1709 697 1866 727 consules
1897 697 2120 731 Tholosanos,
2151 706 2191 727 ex
2223 700 2318 736 parte

1307 752 1434 787 nostra,
1463 751 1673 789 requirerent
1705 753 1737 781 et
1760 760 1819 789 per
1844 759 2021 780 censuram
2053 751 2318 781 ecclesiasticam

1306 803 1531 838 colim-tarent,
1561 805 1597 834 ut
1628 805 1757 834 tantum
1787 804 1827 833 de
1856 803 1953 833 bonis
1984 803 2170 834 mobilibus
2195 803 2319 842 prefati

1306 856 1503 895 episcopatu
1521 858 1677 894 caperent
1692 858 1723 886 ct
1745 857 1914 893 saisirent,
1930 866 1965 886 ac
1988 857 2116 886 eisdem
2135 856 2318 895 archiepis-

1306 918 1388 947 copo
1403 910 1434 939 et
1457 909 1598 947 collegis
1616 909 1790 948 assignare
1809 911 1965 939 curarent
1984 910 2072 948 quod
2093 909 2202 948 ipsius
2217 911 2249 939 et
2268 917 2320 939 eo-

1307 971 1381 991 rum
1410 962 1552 992 familiis
1571 963 1740 992 sut'ticeret
1763 971 1822 1000 pro
1846 962 2078 992 satisfactione
2107 964 2318 1000 sumptuum,

1307 1015 1482 1045 occasione
1505 1014 1738 1053 inquisitionis
1756 1015 1904 1053 predicte
1923 1015 2101 1050 factorum,
2124 1017 2154 1044 et
2180 1015 2320 1044 illorum

1307 1068 1407 1098 etiam
1437 1067 1494 1106 qui
1522 1068 1632 1097 forent
1656 1068 1878 1105 imposterum
1901 1068 2055 1097 faciendi.
2082 1068 2167 1097 Sane
2194 1067 2320 1098 nobilis

1307 1121 1358 1150 vir
1375 1122 1496 1151 Petrus
1519 1121 1558 1151 de
1579 1121 1809 1153 Landrevilla,
1829 1121 2037 1151 senescallus
2056 1121 2197 1159 predicti
2217 1121 2317 1151 comi·

1307 1174 1351 1203 tis
1369 1174 1401 1203 in
1414 1173 1567 1212 partibus
1582 1173 1973 1212 predictis,(siuillelmus
1985 1173 2318 1212 deEscalqucnquis,

1306 1235 1426 1265 gerens
1447 1226 1539 1256 vices
1558 1228 1636 1256 tunc
1655 1226 1773 1256 vicarii
1793 1226 1987 1262 Tholosani,
2007 1226 2241 1265 etcapitularii
2259 1235 2319 1256 seu

1307 1279 1464 1309 consules
1488 1279 1673 1317 supradicti
1693 1282 1941 1317 proposuerunt
1966 1279 2128 1318 quasdam
2151 1279 2320 1317 exceptio-

1306 1341 1366 1362 nes
1399 1341 1511 1362 coram
1539 1332 1792 1370 archiepiscopo
1819 1333 1851 1362 et
1879 1332 1951 1371 ejus
1976 1332 2116 1371 collegis
2144 1332 2316 1370 predictis,

1307 1385 1363 1423 qui
1377 1394 1434 1415 eos
1450 1394 1551 1423 super
1568 1385 1746 1423 hoc,juxta
1760 1385 1953 1415 mandatum
1970 1387 2135 1421 nostruin,
2151 1386 2317 1415 duxerant

1306 1438 1541 1476 requirendos,
1567 1447 1604 1468 ac
1627 1440 1764 1476 propter
1787 1438 1847 1468 hoc
1872 1438 2040 1468 mandatis
2057 1447 2174 1468 eorum
2201 1446 2319 1477 parere

1306 1491 1471 1526 nolentes,
1502 1491 1542 1520 ad
1563 1491 1678 1520 sedem
1693 1490 1927 1529 apostolicam,
1955 1492 1989 1520 ut
2012 1491 2148 1524 dicitur,
2172 1491 2320 1530 appella-

1307 1545 1397 1574 runt.
1427 1544 1484 1574 Set
1503 1543 1605 1574 iidem
1632 1543 1908 1582 archiepiscopus
1935 1546 1966 1574 et
1986 1544 2058 1582 ejus
2087 1544 2226 1582 college,
2243 1546 2322 1583 post

1306 1596 1568 1636 appellationem
1591 1596 1796 1635 hujusmodi,
1816 1597 1850 1626 in
1878 1597 2066 1635 predictum
2094 1597 2321 1628 senescallum

1306 1651 1337 1680 et
1360 1649 1584 1680 Guillelmum
1608 1658 1737 1680 necnon
1760 1651 1791 1680 et
1825 1650 1984 1680 consules
2017 1658 2076 1680 seu
2098 1650 2320 1688 capitularios

1306 1703 1520 1741 supradictos
1557 1704 1589 1733 et
1616 1703 1836 1741 quamplures
1872 1703 1970 1739 alios,
2001 1703 2176 1733 occasione
2206 1703 2323 1742 hujus-

1306 1756 1409 1792 modi,
1453 1756 1780 1786 excomunicationis
1814 1756 2018 1786 sententiam
2049 1756 2321 1795 promulgarunt.

1308 1809 1391 1839 Cum
1425 1809 1551 1848 itaque,
1579 1809 1666 1839 sicut
1692 1809 1896 1847 accepimuS,
1923 1809 2099 1840 occasione
2125 1809 2321 1848 hujusmodi

1306 1862 1633 1892 exconmnicationis
1672 1863 1850 1898 sententie,
1883 1871 2011 1893 necnon
2043 1862 2188 1892 aliarum
2218 1863 2319 1893 inter-

1306 1915 1398 1951 dicti,
1417 1915 1653 1954 suspensionis
1671 1917 1700 1945 et
1722 1915 2048 1945 exconmnicationis
2073 1916 2320 1946 sententiarum

1306 1968 1340 1998 in
1362 1968 1531 1998 civitatem
1558 1967 1786 1998 Tholosanam
1813 1970 1843 1998 et
1867 1968 2069 2007 quamplura
2091 1968 2229 1998 illarum
2246 1977 2322 2007 par-

1306 2021 1392 2052 tium
1414 2021 1487 2051 loca
1504 2021 1725 2060 prolatarum,
1747 2030 1847 2060 grave
1874 2021 2071 2051 scandalum
2100 2021 2133 2051 in
2156 2021 2226 2051 illis
2245 2030 2319 2060 par-

1306 2074 1398 2105 tibus
1425 2074 1469 2104 sit
1497 2075 1665 2109 exortum,
1685 2082 1757 2109 nos,
1777 2073 1929 2103 volentes
1951 2083 1991 2103 ex
2009 2074 2195 2112 apostolica
2211 2074 2322 2113 provi-

1306 2127 1421 2158 dentia
1448 2127 1531 2157 illud
1558 2136 1658 2166 super
1674 2127 1733 2157 1100
1761 2127 1949 2157 remedium
1970 2126 2129 2157 adhibere
2152 2136 2211 2166 per
2231 2127 2321 2166 quod

1307 2181 1397 2211 idem
1415 2180 1656 2210 submoveatur
1676 2179 1873 2210 scandalum
1890 2188 1926 2209 ac
1946 2179 2137 2210 animarum
2156 2180 2320 2219 periculis

1307 2232 1698 2264 exindeimminentibus
1712 2232 1878 2267 obvietur,
1895 2233 2052 2271 precipue
2062 2241 2150 2268 cum,
2167 2235 2201 2263 ut
2218 2241 2320 2272 super

1307 2286 1468 2325 predictis
1487 2286 1646 2324 expensis
1667 2287 1842 2316 caveretur
1859 2285 2124 2325 inquisitoribus
2149 2285 2322 2324 supradic-

1306 2340 1363 2376 tis,
1384 2339 1574 2369 cautiouem
1604 2338 1708 2377 recipi
1744 2338 1925 2369 fecerimus
1960 2338 2000 2368 ab
2028 2339 2145 2369 eodem
2161 2339 2321 2378 episcopo

1308 2392 1499 2422 Tholosano
1525 2392 1614 2430 quod
1638 2391 1711 2430 ipse
1734 2391 1834 2422 dictis
1861 2391 2123 2430 inquisitoribus
2149 2392 2321 2431 persolvet

1308 2454 1476 2484 expensas
1486 2453 1582 2484 quas,
1603 2444 1837 2483 inquisitionis
1856 2445 2048 2483 hujusmodi
2072 2445 2258 2481 occasione,
2275 2445 2323 2476 fe-

1309 2500 1437 2534 cerunt,
1463 2498 1491 2528 si
1509 2498 1619 2528 dictus
1642 2498 1823 2536 episcopus
1852 2498 2066 2528 'l‘liolosanus
2095 2498 2256 2529 defecerit
2286 2498 2321 2528 in

1309 2551 1506 2590 probatione
1523 2551 2105 2590 quarundamappellationumquas
2121 2551 2193 2590 ipse
2212 2560 2230 2581 a
2247 2559 2320 2590 pre-

1309 2604 1407 2635 dictis
1440 2603 1703 2643 inquisitoribus
1724 2604 1763 2634 ad
1789 2604 1929 2634 eandem
1965 2605 2079 2634 sedem
2107 2604 2257 2643 legitime
2283 2612 2320 2634 se

1309 2657 1430 2687 asserit
1465 2657 1634 2693 emisisse,
1671 2657 1865 2687 discretioni
1899 2659 2009 2688 vestre
2044 2666 2104 2696 per
2135 2656 2321 2696 apostolica

1309 2710 1433 2749 scripta
1474 2710 1675 2740 mandamus
1717 2711 1877 2749 quatinus
1911 2710 2089 2740 universas
2136 2709 2320 2745 interdicti,

1309 2761 1546 2800 suspensionis
1573 2763 1602 2792 et
1631 2762 1957 2792 excommucationis
1981 2762 2167 2792 sententias
2191 2762 2223 2791 in
2246 2769 2320 2800 pre-

1309 2815 1416 2845 dictos
1434 2815 1598 2845 vicarium
1622 2824 1659 2845 ac
1677 2815 1842 2845 officiales
1859 2815 1937 2845 dicti
1960 2815 2110 2854 episcopi
2125 2814 2320 2852 'l'holosani‚

1310 2876 1368 2898 nec
1393 2877 1459 2898 non
1483 2869 1516 2898 in
1540 2868 1689 2907 prefatos
1713 2868 1951 2905 senescallum,
1980 2870 2010 2898 et
2035 2867 2256 2898 Guillelmum
2280 2867 2321 2899 de
