<?xml version="1.0" encoding="UTF-8"?>
<!DOCTYPE html PUBLIC "-//W3C//DTD XHTML 1.0 Transitional//EN"
    "http://www.w3.org/TR/xhtml1/DTD/xhtml1-transitional.dtd">
<html xmlns="http://www.w3.org/1999/xhtml" xml:lang="en" lang="en">
 <head>
  <title>
</title>
<meta http-equiv="Content-Type" content="text/html;charset=utf-8" />
  <meta name='ocr-system' content='tesseract 3.04.00' />
  <meta name='ocr-capabilities' content='ocr_page ocr_carea ocr_par ocr_line ocrx_word'/>
</head>
<body>
  <div class='ocr_page' id='page_1' title='image "./lesregistresdurb12cath/lesregistresdurb12cath_0254.png"; bbox 0 0 2547 3289; ppageno 0'>
   <div class='ocr_carea' id='block_1_1' title="bbox 214 232 1540 271">
    <p class='ocr_par' dir='ltr' id='par_1_1' title="bbox 214 232 1540 271">
     <span class='ocr_line' id='line_1_1' title="bbox 214 232 1540 271; baseline -0.006 0"><span class='ocrx_word' id='word_1_1' title='bbox 214 241 251 271; x_wconf 89' lang='grc'>16</span> <span class='ocrx_word' id='word_1_2' title='bbox 972 232 1222 264; x_wconf 79' lang='lat' dir='ltr'>REGISTRES</span> <span class='ocrx_word' id='word_1_3' title='bbox 1245 233 1459 265; x_wconf 68' lang='lat' dir='ltr'>D&#39;URBAIN</span> <span class='ocrx_word' id='word_1_4' title='bbox 1483 233 1540 264; x_wconf 69' lang='lat' dir='ltr'>IV.</span> 
     </span>
    </p>
   </div>
   <div class='ocr_carea' id='block_1_2' title="bbox 209 311 1222 670">
    <p class='ocr_par' dir='ltr' id='par_1_2' title="bbox 209 311 1222 670">
     <span class='ocr_line' id='line_1_2' title="bbox 253 311 1217 352; baseline -0.01 -2"><span class='ocrx_word' id='word_1_5' title='bbox 253 334 293 352; x_wconf 89' lang='lat'>«..</span> <span class='ocrx_word' id='word_1_6' title='bbox 314 320 414 350; x_wconf 68' lang='lat' dir='ltr'>abbati</span> <span class='ocrx_word' id='word_1_7' title='bbox 427 317 599 347; x_wconf 70' lang='lat' dir='ltr'>rizonasccrii</span> <span class='ocrx_word' id='word_1_8' title='bbox 620 315 783 347; x_wconf 48' lang='lat' dir='ltr'>Labieni-is,</span> <span class='ocrx_word' id='word_1_9' title='bbox 798 313 911 342; x_wconf 80' lang='lat' dir='ltr'><em>ordinis</em></span> <span class='ocrx_word' id='word_1_10' title='bbox 926 323 948 341; x_wconf 82' lang='lat' dir='ltr'>s.</span> <span class='ocrx_word' id='word_1_11' title='bbox 968 311 1133 346; x_wconf 60' lang='lat' dir='ltr'>nonestis-ti,</span> <span class='ocrx_word' id='word_1_12' title='bbox 1160 312 1217 341; x_wconf 82' lang='lat' dir='ltr'>Ca-</span> 
     </span>
     <span class='ocr_line' id='line_1_3' title="bbox 214 365 1221 404; baseline -0.008 -1"><span class='ocrx_word' id='word_1_13' title='bbox 214 372 389 404; x_wconf 77' lang='lat' dir='ltr'>meracensis</span> <span class='ocrx_word' id='word_1_14' title='bbox 400 370 535 400; x_wconf 63' lang='lat' dir='ltr'>diocesis.</span> <span class='ocrx_word' id='word_1_15' title='bbox 556 368 676 399; x_wconf 81' lang='lat' dir='ltr'>Potitio</span> <span class='ocrx_word' id='word_1_16' title='bbox 688 369 744 397; x_wconf 81' lang='lat' dir='ltr'>tua</span> <span class='ocrx_word' id='word_1_17' title='bbox 762 367 858 396; x_wconf 79' lang='lat' dir='ltr'>nobis</span> <span class='ocrx_word' id='word_1_18' title='bbox 872 366 1018 396; x_wconf 82' lang='lat' dir='ltr'>exhibita</span> <span class='ocrx_word' id='word_1_19' title='bbox 1031 365 1221 395; x_wconf 87' lang='lat' dir='ltr'>continebat</span> 
     </span>
     <span class='ocr_line' id='line_1_4' title="bbox 213 418 1219 465; baseline -0.01 -9"><span class='ocrx_word' id='word_1_20' title='bbox 213 426 300 465; x_wconf 87' lang='lat' dir='ltr'>quod</span> <span class='ocrx_word' id='word_1_21' title='bbox 315 423 464 454; x_wconf 87' lang='lat' dir='ltr'>canonici</span> <span class='ocrx_word' id='word_1_22' title='bbox 488 421 626 452; x_wconf 79' lang='lat' dir='ltr'>ecclesie</span> <span class='ocrx_word' id='word_1_23' title='bbox 647 429 673 449; x_wconf 88' lang='lat' dir='ltr'>s.</span> <span class='ocrx_word' id='word_1_24' title='bbox 691 419 842 450; x_wconf 89' lang='lat' dir='ltr'>Ursmari</span> <span class='ocrx_word' id='word_1_25' title='bbox 863 418 1049 453; x_wconf 88' lang='lat' dir='ltr'>Lobiensis,</span> <span class='ocrx_word' id='word_1_26' title='bbox 1069 418 1219 447; x_wconf 75' lang='lat' dir='ltr'>Camera-</span> 
     </span>
     <span class='ocr_line' id='line_1_5' title="bbox 211 471 1220 512; baseline -0.01 -3"><span class='ocrx_word' id='word_1_27' title='bbox 211 478 319 509; x_wconf 77' lang='lat' dir='ltr'><strong>censis</strong></span> <span class='ocrx_word' id='word_1_28' title='bbox 341 476 494 510; x_wconf 83' lang='lat' dir='ltr'>diocesis,</span> <span class='ocrx_word' id='word_1_29' title='bbox 525 475 556 504; x_wconf 94' lang='lat' dir='ltr'>in</span> <span class='ocrx_word' id='word_1_30' title='bbox 579 482 654 512; x_wconf 71' lang='lat' dir='ltr'>qua,</span> <span class='ocrx_word' id='word_1_31' title='bbox 682 474 778 511; x_wconf 87' lang='lat' dir='ltr'>prout</span> <span class='ocrx_word' id='word_1_32' title='bbox 809 471 944 505; x_wconf 77' lang='lat' dir='ltr'>asseris,</span> <span class='ocrx_word' id='word_1_33' title='bbox 977 471 1220 510; x_wconf 75' lang='lat' dir='ltr'>prebendarum</span> 
     </span>
     <span class='ocr_line' id='line_1_6' title="bbox 211 524 1220 567; baseline -0.008 -6"><span class='ocrx_word' id='word_1_34' title='bbox 211 530 341 561; x_wconf 87' lang='lat' dir='ltr'>collatio</span> <span class='ocrx_word' id='word_1_35' title='bbox 357 529 436 559; x_wconf 90' lang='lat' dir='ltr'>adte</span> <span class='ocrx_word' id='word_1_36' title='bbox 454 527 608 567; x_wconf 79' lang='lat' dir='ltr'><strong>pertinet,</strong></span> <span class='ocrx_word' id='word_1_37' title='bbox 629 527 659 556; x_wconf 86' lang='lat' dir='ltr'>et</span> <span class='ocrx_word' id='word_1_38' title='bbox 677 526 709 556; x_wconf 91' lang='lat' dir='ltr'>in</span> <span class='ocrx_word' id='word_1_39' title='bbox 725 534 790 564; x_wconf 85' lang='lat' dir='ltr'>qua</span> <span class='ocrx_word' id='word_1_40' title='bbox 805 526 854 555; x_wconf 89' lang='lat' dir='ltr'>est</span> <span class='ocrx_word' id='word_1_41' title='bbox 869 524 1109 562; x_wconf 67' lang='lat' dir='ltr'>quindenarius</span> <span class='ocrx_word' id='word_1_42' title='bbox 1125 531 1220 553; x_wconf 86' lang='lat' dir='ltr'>cano-</span> 
     </span>
     <span class='ocr_line' id='line_1_7' title="bbox 211 577 1222 615; baseline -0.008 -2"><span class='ocrx_word' id='word_1_43' title='bbox 211 583 360 613; x_wconf 88' lang='lat' dir='ltr'>nicorum</span> <span class='ocrx_word' id='word_1_44' title='bbox 375 589 546 615; x_wconf 85' lang='lat' dir='ltr'>numerus,</span> <span class='ocrx_word' id='word_1_45' title='bbox 563 580 686 610; x_wconf 85' lang='lat' dir='ltr'>decano</span> <span class='ocrx_word' id='word_1_46' title='bbox 699 579 730 608; x_wconf 92' lang='lat' dir='ltr'>ot</span> <span class='ocrx_word' id='word_1_47' title='bbox 745 577 920 608; x_wconf 84' lang='lat' dir='ltr'>scolastico</span> <span class='ocrx_word' id='word_1_48' title='bbox 937 577 1075 606; x_wconf 91' lang='lat' dir='ltr'>minime</span> <span class='ocrx_word' id='word_1_49' title='bbox 1088 584 1222 614; x_wconf 88' lang='lat' dir='ltr'>eompu-</span> 
     </span>
     <span class='ocr_line' id='line_1_8' title="bbox 209 629 1218 670; baseline -0.008 -4"><span class='ocrx_word' id='word_1_50' title='bbox 209 636 296 670; x_wconf 87' lang='lat' dir='ltr'>tatis,</span> <span class='ocrx_word' id='word_1_51' title='bbox 315 635 431 665; x_wconf 85' lang='lat' dir='ltr'>nolunt</span> <span class='ocrx_word' id='word_1_52' title='bbox 447 634 487 663; x_wconf 86' lang='lat' dir='ltr'>ad</span> <span class='ocrx_word' id='word_1_53' title='bbox 505 641 616 663; x_wconf 80' lang='lat' dir='ltr'>sacros</span> <span class='ocrx_word' id='word_1_54' title='bbox 632 631 768 662; x_wconf 81' lang='lat' dir='ltr'>ordines</span> <span class='ocrx_word' id='word_1_55' title='bbox 796 639 830 660; x_wconf 80' lang='lat' dir='ltr'>se</span> <span class='ocrx_word' id='word_1_56' title='bbox 844 630 951 660; x_wconf 80' lang='lat' dir='ltr'>facere</span> <span class='ocrx_word' id='word_1_57' title='bbox 975 629 1164 667; x_wconf 87' lang='lat' dir='ltr'>promoveri</span> <span class='ocrx_word' id='word_1_58' title='bbox 1187 630 1218 658; x_wconf 85' lang='lat' dir='ltr'>et</span> 
     </span>
    </p>
   </div>
   <div class='ocr_carea' id='block_1_3' title="bbox 210 682 1252 725">
    <p class='ocr_par' dir='ltr' id='par_1_3' title="bbox 210 682 1252 725">
     <span class='ocr_line' id='line_1_9' title="bbox 210 682 1252 725; baseline -0.007 -7"><span class='ocrx_word' id='word_1_59' title='bbox 210 688 243 718; x_wconf 92' lang='lat' dir='ltr'>in</span> <span class='ocrx_word' id='word_1_60' title='bbox 267 687 407 718; x_wconf 88' lang='lat' dir='ltr'>ecclesia</span> <span class='ocrx_word' id='word_1_61' title='bbox 426 687 498 725; x_wconf 90' lang='lat' dir='ltr'>ipsa</span> <span class='ocrx_word' id='word_1_62' title='bbox 522 685 735 716; x_wconf 87' lang='lat' dir='ltr'>residentiam</span> <span class='ocrx_word' id='word_1_63' title='bbox 753 684 860 714; x_wconf 85' lang='lat' dir='ltr'>facere</span> <span class='ocrx_word' id='word_1_64' title='bbox 880 682 1102 722; x_wconf 69' lang='lat' dir='ltr'>personalem,</span> <span class='ocrx_word' id='word_1_65' title='bbox 1127 690 1221 721; x_wconf 91' lang='lat' dir='ltr'>prop·</span> <span class='ocrx_word' id='word_1_66' title='bbox 1251 709 1252 712; x_wconf 76' lang='grc'>,</span> 
     </span>
    </p>
   </div>
   <div class='ocr_carea' id='block_1_4' title="bbox 208 735 1223 936">
    <p class='ocr_par' dir='ltr' id='par_1_4' title="bbox 208 735 1223 936">
     <span class='ocr_line' id='line_1_10' title="bbox 209 735 1220 780; baseline -0.007 -9"><span class='ocrx_word' id='word_1_67' title='bbox 209 743 259 771; x_wconf 85' lang='lat' dir='ltr'>ter</span> <span class='ocrx_word' id='word_1_68' title='bbox 288 740 376 780; x_wconf 82' lang='lat' dir='ltr'>quod</span> <span class='ocrx_word' id='word_1_69' title='bbox 407 739 521 770; x_wconf 84' lang='lat' dir='ltr'>eadem</span> <span class='ocrx_word' id='word_1_70' title='bbox 557 738 697 769; x_wconf 86' lang='lat' dir='ltr'>ecclesia</span> <span class='ocrx_word' id='word_1_71' title='bbox 733 737 855 767; x_wconf 87' lang='lat' dir='ltr'>debitis</span> <span class='ocrx_word' id='word_1_72' title='bbox 889 735 1060 773; x_wconf 81' lang='lat' dir='ltr'>obsequiis</span> <span class='ocrx_word' id='word_1_73' title='bbox 1090 735 1220 765; x_wconf 80' lang='lat' dir='ltr'>defrau-</span> 
     </span>
     <span class='ocr_line' id='line_1_11' title="bbox 209 788 1221 832; baseline -0.006 -8"><span class='ocrx_word' id='word_1_74' title='bbox 209 794 316 830; x_wconf 74' lang='lat' dir='ltr'>datur,</span> <span class='ocrx_word' id='word_1_75' title='bbox 334 802 435 832; x_wconf 88' lang='lat' dir='ltr'>super</span> <span class='ocrx_word' id='word_1_76' title='bbox 452 801 516 831; x_wconf 78' lang='lat' dir='ltr'>quo</span> <span class='ocrx_word' id='word_1_77' title='bbox 533 791 657 831; x_wconf 88' lang='lat' dir='ltr'>petiisti</span> <span class='ocrx_word' id='word_1_78' title='bbox 670 799 726 829; x_wconf 88' lang='lat' dir='ltr'>per</span> <span class='ocrx_word' id='word_1_79' title='bbox 744 790 833 820; x_wconf 76' lang='lat' dir='ltr'>sedis</span> <span class='ocrx_word' id='word_1_80' title='bbox 850 788 1029 828; x_wconf 83' lang='lat' dir='ltr'>apostolice</span> <span class='ocrx_word' id='word_1_81' title='bbox 1045 788 1221 827; x_wconf 65' lang='lat' dir='ltr'>providem</span> 
     </span>
     <span class='ocr_line' id='line_1_12' title="bbox 208 841 1220 883; baseline -0.006 -7"><span class='ocrx_word' id='word_1_82' title='bbox 208 847 289 876; x_wconf 81' lang='lat' dir='ltr'>tiam</span> <span class='ocrx_word' id='word_1_83' title='bbox 305 845 483 875; x_wconf 76' lang='lat' dir='ltr'>salubriter</span> <span class='ocrx_word' id='word_1_84' title='bbox 498 844 675 883; x_wconf 88' lang='lat' dir='ltr'>provideri.</span> <span class='ocrx_word' id='word_1_85' title='bbox 690 843 759 873; x_wconf 70' lang='lat' dir='ltr'>Nos</span> <span class='ocrx_word' id='word_1_86' title='bbox 774 843 885 880; x_wconf 86' lang='lat' dir='ltr'>itaque</span> <span class='ocrx_word' id='word_1_87' title='bbox 900 842 1049 872; x_wconf 81' lang='lat' dir='ltr'>volentes</span> <span class='ocrx_word' id='word_1_88' title='bbox 1067 842 1104 871; x_wconf 89' lang='lat' dir='ltr'>ut</span> <span class='ocrx_word' id='word_1_89' title='bbox 1120 841 1220 871; x_wconf 89' lang='lat' dir='ltr'>iidem</span> 
     </span>
     <span class='ocr_line' id='line_1_13' title="bbox 209 894 1223 936; baseline -0.006 -7"><span class='ocrx_word' id='word_1_90' title='bbox 209 898 466 932; x_wconf 80' lang='lat' dir='ltr'>canonici,sicut</span> <span class='ocrx_word' id='word_1_91' title='bbox 476 897 582 936; x_wconf 88' lang='lat' dir='ltr'>ipsius</span> <span class='ocrx_word' id='word_1_92' title='bbox 591 896 728 927; x_wconf 76' lang='lat' dir='ltr'>ecclesie</span> <span class='ocrx_word' id='word_1_93' title='bbox 738 896 967 926; x_wconf 70' lang='lat' dir='ltr'>sustentantur</span> <span class='ocrx_word' id='word_1_94' title='bbox 979 894 1167 932; x_wconf 81' lang='lat' dir='ltr'>stipendiis,</span> <span class='ocrx_word' id='word_1_95' title='bbox 1178 894 1223 923; x_wconf 90' lang='lat' dir='ltr'>ita</span> 
     </span>
    </p>
   </div>
   <div class='ocr_carea' id='block_1_5' title="bbox 210 947 1254 1042">
    <p class='ocr_par' dir='ltr' id='par_1_5' title="bbox 210 947 1254 1042">
     <span class='ocr_line' id='line_1_14' title="bbox 210 947 1253 988; baseline -0.006 -6"><span class='ocrx_word' id='word_1_96' title='bbox 210 951 436 982; x_wconf 85' lang='lat' dir='ltr'>sibidebitum</span> <span class='ocrx_word' id='word_1_97' title='bbox 458 951 613 981; x_wconf 86' lang='lat' dir='ltr'>studeant</span> <span class='ocrx_word' id='word_1_98' title='bbox 637 949 828 988; x_wconf 80' lang='lat' dir='ltr'>impendere</span> <span class='ocrx_word' id='word_1_99' title='bbox 847 948 1056 982; x_wconf 81' lang='lat' dir='ltr'>sanmlatum,</span> <span class='ocrx_word' id='word_1_100' title='bbox 1081 947 1222 986; x_wconf 85' lang='lat' dir='ltr'>compel-</span> <span class='ocrx_word' id='word_1_101' title='bbox 1252 947 1253 952; x_wconf 78' lang='grc'>’</span> 
     </span>
     <span class='ocr_line' id='line_1_15' title="bbox 212 1001 1254 1042; baseline -0.005 -7"><span class='ocrx_word' id='word_1_102' title='bbox 212 1003 755 1042; x_wconf 71' lang='lat' dir='ltr'>leudi,monitione1›1·&lt;=1nissa,pcr</span> <span class='ocrx_word' id='word_1_103' title='bbox 765 1001 1220 1035; x_wconf 84' lang='lat' dir='ltr'>censuramecclesiasticam,</span> <span class='ocrx_word' id='word_1_104' title='bbox 1253 1011 1254 1014; x_wconf 50' lang='lat'>¹</span> 
     </span>
    </p>
   </div>
   <div class='ocr_carea' id='block_1_6' title="bbox 210 1053 1225 1514">
    <p class='ocr_par' dir='ltr' id='par_1_6' title="bbox 210 1053 1225 1514">
     <span class='ocr_line' id='line_1_16' title="bbox 211 1053 1225 1096; baseline -0.004 -9"><span class='ocrx_word' id='word_1_105' title='bbox 211 1057 431 1096; x_wconf 79' lang='lat' dir='ltr'>appellatione</span> <span class='ocrx_word' id='word_1_106' title='bbox 449 1058 582 1091; x_wconf 80' lang='lat' dir='ltr'>remota,</span> <span class='ocrx_word' id='word_1_107' title='bbox 592 1057 738 1094; x_wconf 63' lang='lat' dir='ltr'>quinque</span> <span class='ocrx_word' id='word_1_108' title='bbox 767 1055 873 1094; x_wconf 84' lang='lat' dir='ltr'>magis</span> <span class='ocrx_word' id='word_1_109' title='bbox 889 1055 1024 1084; x_wconf 84' lang='lat' dir='ltr'>idoneos</span> <span class='ocrx_word' id='word_1_110' title='bbox 1035 1063 1076 1085; x_wconf 79' lang='lat' dir='ltr'>ex</span> <span class='ocrx_word' id='word_1_111' title='bbox 1091 1053 1225 1084; x_wconf 87' lang='lat' dir='ltr'>canoni-</span> 
     </span>
     <span class='ocr_line' id='line_1_17' title="bbox 212 1108 1223 1148; baseline -0.004 -8"><span class='ocrx_word' id='word_1_112' title='bbox 212 1110 259 1141; x_wconf 92' lang='lat' dir='ltr'>cis</span> <span class='ocrx_word' id='word_1_113' title='bbox 275 1110 359 1140; x_wconf 87' lang='lat' dir='ltr'>dicte</span> <span class='ocrx_word' id='word_1_114' title='bbox 373 1109 510 1140; x_wconf 73' lang='lat' dir='ltr'>ecclesie</span> <span class='ocrx_word' id='word_1_115' title='bbox 523 1109 579 1148; x_wconf 72' lang='lat' dir='ltr'>qui</span> <span class='ocrx_word' id='word_1_116' title='bbox 594 1109 717 1139; x_wconf 85' lang='lat' dir='ltr'>suerint</span> <span class='ocrx_word' id='word_1_117' title='bbox 733 1109 765 1138; x_wconf 91' lang='lat' dir='ltr'>iu</span> <span class='ocrx_word' id='word_1_118' title='bbox 783 1117 819 1138; x_wconf 81' lang='lat' dir='ltr'>ea</span> <span class='ocrx_word' id='word_1_119' title='bbox 838 1116 897 1147; x_wconf 87' lang='lat' dir='ltr'>pro</span> <span class='ocrx_word' id='word_1_120' title='bbox 912 1108 1071 1146; x_wconf 89' lang='lat' dir='ltr'>tempore,</span> <span class='ocrx_word' id='word_1_121' title='bbox 1083 1108 1118 1137; x_wconf 86' lang='lat' dir='ltr'>ut</span> <span class='ocrx_word' id='word_1_122' title='bbox 1132 1115 1223 1146; x_wconf 90' lang='lat' dir='ltr'>pres-</span> 
     </span>
     <span class='ocr_line' id='line_1_18' title="bbox 212 1160 1225 1199; baseline -0.004 -6"><span class='ocrx_word' id='word_1_123' title='bbox 212 1163 383 1198; x_wconf 83' lang='lat' dir='ltr'>biteratus,</span> <span class='ocrx_word' id='word_1_124' title='bbox 396 1163 532 1193; x_wconf 83' lang='lat' dir='ltr'>totidem</span> <span class='ocrx_word' id='word_1_125' title='bbox 546 1170 624 1192; x_wconf 86' lang='lat' dir='ltr'>vero</span> <span class='ocrx_word' id='word_1_126' title='bbox 636 1163 671 1192; x_wconf 93' lang='lat' dir='ltr'>ut</span> <span class='ocrx_word' id='word_1_127' title='bbox 691 1161 885 1192; x_wconf 75' lang='lat' dir='ltr'>diaconatus</span> <span class='ocrx_word' id='word_1_128' title='bbox 899 1162 929 1191; x_wconf 87' lang='lat' dir='ltr'>et</span> <span class='ocrx_word' id='word_1_129' title='bbox 945 1161 1092 1199; x_wconf 83' lang='lat' dir='ltr'>reli‹1uos</span> <span class='ocrx_word' id='word_1_130' title='bbox 1104 1160 1225 1190; x_wconf 87' lang='lat' dir='ltr'>utsub-</span> 
     </span>
     <span class='ocr_line' id='line_1_19' title="bbox 210 1213 1221 1252; baseline -0.003 -6"><span class='ocrx_word' id='word_1_131' title='bbox 210 1217 403 1247; x_wconf 73' lang='lat' dir='ltr'>diaconatus</span> <span class='ocrx_word' id='word_1_132' title='bbox 422 1214 783 1252; x_wconf 62' lang='lat' dir='ltr'>ordines,temporibus</span> <span class='ocrx_word' id='word_1_133' title='bbox 803 1214 947 1249; x_wconf 78' lang='lat' dir='ltr'>statutis,</span> <span class='ocrx_word' id='word_1_134' title='bbox 962 1214 1123 1252; x_wconf 80' lang='lat' dir='ltr'>recipiant</span> <span class='ocrx_word' id='word_1_135' title='bbox 1142 1215 1171 1243; x_wconf 92' lang='lat' dir='ltr'>et</span> <span class='ocrx_word' id='word_1_136' title='bbox 1190 1213 1221 1243; x_wconf 88' lang='lat' dir='ltr'>iu</span> 
     </span>
     <span class='ocr_line' id='line_1_20' title="bbox 212 1267 1222 1310; baseline -0.003 -11"><span class='ocrx_word' id='word_1_137' title='bbox 212 1270 327 1299; x_wconf 84' lang='lat' dir='ltr'>eadem</span> <span class='ocrx_word' id='word_1_138' title='bbox 344 1269 496 1305; x_wconf 84' lang='lat' dir='ltr'>eeclesia,</span> <span class='ocrx_word' id='word_1_139' title='bbox 513 1269 548 1298; x_wconf 88' lang='lat' dir='ltr'>ut</span> <span class='ocrx_word' id='word_1_140' title='bbox 563 1268 728 1301; x_wconf 86' lang='lat' dir='ltr'>tenentur,</span> <span class='ocrx_word' id='word_1_141' title='bbox 746 1267 961 1297; x_wconf 81' lang='lat' dir='ltr'>residentiam</span> <span class='ocrx_word' id='word_1_142' title='bbox 974 1267 1096 1310; x_wconf 78' lang='lat' dir='ltr'>saciant</span> <span class='ocrx_word' id='word_1_143' title='bbox 1112 1275 1222 1304; x_wconf 85' lang='lat' dir='ltr'>perso-</span> 
     </span>
     <span class='ocr_line' id='line_1_21' title="bbox 214 1319 1222 1360; baseline -0.004 -8"><span class='ocrx_word' id='word_1_144' title='bbox 214 1322 335 1357; x_wconf 84' lang='lat' dir='ltr'>nalem,</span> <span class='ocrx_word' id='word_1_145' title='bbox 348 1321 461 1360; x_wconf 83' lang='lat' dir='ltr'>ibique</span> <span class='ocrx_word' id='word_1_146' title='bbox 480 1321 513 1351; x_wconf 87' lang='lat' dir='ltr'>in</span> <span class='ocrx_word' id='word_1_147' title='bbox 534 1320 912 1360; x_wconf 85' lang='lat' dir='ltr'>hujusmodiordinibus</span> <span class='ocrx_word' id='word_1_148' title='bbox 928 1319 1162 1349; x_wconf 86' lang='lat' dir='ltr'>dcserviantin</span> <span class='ocrx_word' id='word_1_149' title='bbox 1176 1319 1222 1349; x_wconf 89' lang='lat' dir='ltr'>di-</span> 
     </span>
     <span class='ocr_line' id='line_1_22' title="bbox 212 1372 1224 1410; baseline -0.003 -5"><span class='ocrx_word' id='word_1_150' title='bbox 212 1375 314 1410; x_wconf 84' lang='lat' dir='ltr'>vinis,</span> <span class='ocrx_word' id='word_1_151' title='bbox 325 1375 396 1407; x_wconf 82' lang='lat' dir='ltr'>tib&#39;i.</span> <span class='ocrx_word' id='word_1_152' title='bbox 411 1384 477 1405; x_wconf 91' lang='lat' dir='ltr'>uon</span> <span class='ocrx_word' id='word_1_153' title='bbox 493 1374 642 1405; x_wconf 85' lang='lat' dir='ltr'>obstante</span> <span class='ocrx_word' id='word_1_154' title='bbox 658 1374 823 1404; x_wconf 81' lang='lat' dir='ltr'>contraria</span> <span class='ocrx_word' id='word_1_155' title='bbox 840 1373 1080 1403; x_wconf 72' lang='lat' dir='ltr'>consuetudine</span> <span class='ocrx_word' id='word_1_156' title='bbox 1096 1372 1224 1402; x_wconf 79' lang='lat' dir='ltr'>volsta-</span> 
     </span>
     <span class='ocr_line' id='line_1_23' title="bbox 212 1425 1223 1464; baseline -0.003 -6"><span class='ocrx_word' id='word_1_157' title='bbox 212 1429 293 1464; x_wconf 89' lang='lat' dir='ltr'>tuto,</span> <span class='ocrx_word' id='word_1_158' title='bbox 313 1427 451 1458; x_wconf 84' lang='lat' dir='ltr'>liberam</span> <span class='ocrx_word' id='word_1_159' title='bbox 463 1427 676 1457; x_wconf 77' lang='lat' dir='ltr'>concedimus</span> <span class='ocrx_word' id='word_1_160' title='bbox 693 1427 883 1457; x_wconf 87' lang='lat' dir='ltr'>auctoritate</span> <span class='ocrx_word' id='word_1_161' title='bbox 897 1426 1102 1464; x_wconf 84' lang='lat' dir='ltr'>presentium</span> <span class='ocrx_word' id='word_1_162' title='bbox 1121 1425 1223 1455; x_wconf 84' lang='lat' dir='ltr'>sacul-</span> 
     </span>
     <span class='ocr_line' id='line_1_24' title="bbox 212 1478 1150 1514; baseline -0.002 -4"><span class='ocrx_word' id='word_1_163' title='bbox 212 1482 321 1511; x_wconf 87' lang='lat' dir='ltr'>tatem.</span> <span class='ocrx_word' id='word_1_164' title='bbox 338 1481 462 1511; x_wconf 88' lang='lat' dir='ltr'>Datum</span> <span class='ocrx_word' id='word_1_165' title='bbox 477 1479 631 1514; x_wconf 83' lang='lat' dir='ltr'>Vitorbii,</span> <span class='ocrx_word' id='word_1_166' title='bbox 650 1489 672 1509; x_wconf 78' lang='lat' dir='ltr'>v</span> <span class='ocrx_word' id='word_1_167' title='bbox 688 1479 764 1509; x_wconf 86' lang='lat' dir='ltr'>idus</span> <span class='ocrx_word' id='word_1_168' title='bbox 781 1479 954 1514; x_wconf 85' lang='lat' dir='ltr'>februarii,</span> <span class='ocrx_word' id='word_1_169' title='bbox 973 1487 1059 1508; x_wconf 89' lang='lat' dir='ltr'>anno</span> <span class='ocrx_word' id='word_1_170' title='bbox 1075 1478 1104 1508; x_wconf 72' lang='grc' dir='ltr'>Ιο</span> <span class='ocrx_word' id='word_1_171' title='bbox 1123 1489 1150 1508; x_wconf 94' lang='lat'>».</span> 
     </span>
    </p>
   </div>
   <div class='ocr_carea' id='block_1_7' title="bbox 279 1640 1150 1675">
    <p class='ocr_par' dir='ltr' id='par_1_7' title="bbox 279 1640 1150 1675">
     <span class='ocr_line' id='line_1_25' title="bbox 279 1640 1150 1675; baseline -0.002 -7"><span class='ocrx_word' id='word_1_172' title='bbox 279 1643 327 1675; x_wconf 63' lang='grc'>48</span> <span class='ocrx_word' id='word_1_173' title='bbox 782 1640 907 1673; x_wconf 73' lang='lat' dir='ltr'>viterbe,</span> <span class='ocrx_word' id='word_1_174' title='bbox 924 1642 938 1666; x_wconf 85' lang='lat'><strong>7</strong></span> <span class='ocrx_word' id='word_1_175' title='bbox 952 1640 1057 1667; x_wconf 72' lang='lat' dir='ltr'>sevrier</span> <span class='ocrx_word' id='word_1_176' title='bbox 1075 1641 1150 1666; x_wconf 69' lang='lat'>1262.</span> 
     </span>
    </p>
   </div>
   <div class='ocr_carea' id='block_1_8' title="bbox 212 1725 1226 1955">
    <p class='ocr_par' dir='ltr' id='par_1_8' title="bbox 212 1725 1226 1955">
     <span class='ocr_line' id='line_1_26' title="bbox 249 1725 1224 1760; baseline -0.001 -7"><span class='ocrx_word' id='word_1_177' title='bbox 249 1727 352 1753; x_wconf 74' lang='lat' dir='ltr'>Notum</span> <span class='ocrx_word' id='word_1_178' title='bbox 372 1726 441 1753; x_wconf 75' lang='lat' dir='ltr'>facit</span> <span class='ocrx_word' id='word_1_179' title='bbox 460 1735 489 1753; x_wconf 85' lang='lat' dir='ltr'>se</span> <span class='ocrx_word' id='word_1_180' title='bbox 508 1726 543 1753; x_wconf 79' lang='lat' dir='ltr'>ad</span> <span class='ocrx_word' id='word_1_181' title='bbox 568 1725 785 1760; x_wconf 74' lang='lat' dir='ltr'>inquisitionem</span> <span class='ocrx_word' id='word_1_182' title='bbox 808 1725 905 1752; x_wconf 79' lang='lat' dir='ltr'>famae</span> <span class='ocrx_word' id='word_1_183' title='bbox 931 1725 1068 1757; x_wconf 80' lang='lat' dir='ltr'>Simonis,</span> <span class='ocrx_word' id='word_1_184' title='bbox 1095 1725 1224 1752; x_wconf 83' lang='lat' dir='ltr'>canonici</span> 
     </span>
     <span class='ocr_line' id='line_1_27' title="bbox 215 1774 1226 1810; baseline -0.001 -8"><span class='ocrx_word' id='word_1_185' title='bbox 215 1775 351 1807; x_wconf 73' lang='lat' dir='ltr'>Paduuni,</span> <span class='ocrx_word' id='word_1_186' title='bbox 365 1783 451 1810; x_wconf 87' lang='lat' dir='ltr'>quem</span> <span class='ocrx_word' id='word_1_187' title='bbox 468 1775 494 1802; x_wconf 91' lang='lat' dir='ltr'>in</span> <span class='ocrx_word' id='word_1_188' title='bbox 513 1775 714 1810; x_wconf 79' lang='lat' dir='ltr'>presbyterum</span> <span class='ocrx_word' id='word_1_189' title='bbox 730 1775 907 1802; x_wconf 76' lang='lat' dir='ltr'>cardinalem</span> <span class='ocrx_word' id='word_1_190' title='bbox 924 1774 1096 1807; x_wconf 77' lang='lat' dir='ltr'>evocaverit,</span> <span class='ocrx_word' id='word_1_191' title='bbox 1111 1774 1226 1801; x_wconf 83' lang='lat' dir='ltr'>duxisse</span> 
     </span>
     <span class='ocr_line' id='line_1_28' title="bbox 214 1823 1223 1858; baseline -0.001 -8"><span class='ocrx_word' id='word_1_192' title='bbox 214 1824 434 1857; x_wconf 86' lang='lat' dir='ltr'>procedendum,</span> <span class='ocrx_word' id='word_1_193' title='bbox 457 1824 523 1858; x_wconf 84' lang='lat' dir='ltr'>quia</span> <span class='ocrx_word' id='word_1_194' title='bbox 543 1824 726 1858; x_wconf 82' lang='lat' dir='ltr'>postmodum</span> <span class='ocrx_word' id='word_1_195' title='bbox 751 1823 872 1851; x_wconf 84' lang='lat' dir='ltr'>fuissent</span> <span class='ocrx_word' id='word_1_196' title='bbox 896 1824 929 1850; x_wconf 86' lang='lat' dir='ltr'>dc</span> <span class='ocrx_word' id='word_1_197' title='bbox 950 1823 1011 1858; x_wconf 71' lang='lat' dir='ltr'>ipso</span> <span class='ocrx_word' id='word_1_198' title='bbox 1032 1823 1107 1857; x_wconf 86' lang='lat' dir='ltr'>apud</span> <span class='ocrx_word' id='word_1_199' title='bbox 1126 1824 1223 1850; x_wconf 86' lang='lat' dir='ltr'>sedem</span> 
     </span>
     <span class='ocr_line' id='line_1_29' title="bbox 213 1872 1226 1907; baseline -0.001 -8"><span class='ocrx_word' id='word_1_200' title='bbox 213 1873 399 1907; x_wconf 80' lang='lat' dir='ltr'>apostolicam</span> <span class='ocrx_word' id='word_1_201' title='bbox 420 1873 510 1899; x_wconf 89' lang='lat' dir='ltr'>relata</span> <span class='ocrx_word' id='word_1_202' title='bbox 537 1873 666 1899; x_wconf 85' lang='lat' dir='ltr'>sinistra.</span> <span class='ocrx_word' id='word_1_203' title='bbox 689 1873 768 1906; x_wconf 69' lang='lat' dir='ltr'>(nnc.</span> <span class='ocrx_word' id='word_1_204' title='bbox 789 1874 833 1904; x_wconf 71' lang='lat'>26,</span> <span class='ocrx_word' id='word_1_205' title='bbox 853 1872 901 1900; x_wconf 75' lang='lat' dir='ltr'>sol.</span> <span class='ocrx_word' id='word_1_206' title='bbox 924 1873 954 1898; x_wconf 82' lang='lat'>10</span> <span class='ocrx_word' id='word_1_207' title='bbox 976 1876 1014 1904; x_wconf 67' lang='grc' dir='ltr'>νο,</span> <span class='ocrx_word' id='word_1_208' title='bbox 1036 1878 1068 1898; x_wconf 91' lang='lat' dir='ltr'>n⁰</span> <span class='ocrx_word' id='word_1_209' title='bbox 1084 1872 1132 1904; x_wconf 80' lang='lat'>46;</span> <span class='ocrx_word' id='word_1_210' title='bbox 1154 1872 1226 1898; x_wconf 82' lang='lat' dir='ltr'>Por--</span> 
     </span>
     <span class='ocr_line' id='line_1_30' title="bbox 212 1922 421 1955; baseline -0.005 -7"><span class='ocrx_word' id='word_1_211' title='bbox 212 1930 297 1948; x_wconf 53' lang='lat' dir='ltr'>‘rnasr</span> <span class='ocrx_word' id='word_1_212' title='bbox 313 1922 421 1955; x_wconf 70' lang='lat'><strong>18227.)</strong></span> 
     </span>
    </p>
   </div>
   <div class='ocr_carea' id='block_1_9' title="bbox 215 2013 1225 2103">
    <p class='ocr_par' dir='ltr' id='par_1_9' title="bbox 215 2013 1225 2103">
     <span class='ocr_line' id='line_1_31' title="bbox 254 2013 1225 2053; baseline 0.003 -11"><span class='ocrx_word' id='word_1_213' title='bbox 254 2026 268 2042; x_wconf 87' lang='lat'>«</span> <span class='ocrx_word' id='word_1_214' title='bbox 286 2013 337 2044; x_wconf 68' lang='lat' dir='ltr'>,ld</span> <span class='ocrx_word' id='word_1_215' title='bbox 356 2014 492 2053; x_wconf 71' lang='lat' dir='ltr'>sulm-am</span> <span class='ocrx_word' id='word_1_216' title='bbox 513 2014 559 2043; x_wconf 75' lang='lat' dir='ltr'>rei</span> <span class='ocrx_word' id='word_1_217' title='bbox 577 2013 760 2044; x_wconf 78' lang='lat' dir='ltr'>memoriam.</span> <span class='ocrx_word' id='word_1_218' title='bbox 774 2014 864 2045; x_wconf 79' lang='lat' dir='ltr'>Licet</span> <span class='ocrx_word' id='word_1_219' title='bbox 879 2014 1038 2045; x_wconf 82' lang='lat' dir='ltr'>dilectum</span> <span class='ocrx_word' id='word_1_220' title='bbox 1056 2014 1164 2044; x_wconf 84' lang='lat' dir='ltr'>filium</span> <span class='ocrx_word' id='word_1_221' title='bbox 1177 2032 1225 2045; x_wconf 87' lang='lat'>—.</span> 
     </span>
     <span class='ocr_line' id='line_1_32' title="bbox 215 2067 1080 2103; baseline 0 -5"><span class='ocrx_word' id='word_1_222' title='bbox 215 2069 337 2098; x_wconf 80' lang='lat' dir='ltr'>Datum</span> <span class='ocrx_word' id='word_1_223' title='bbox 352 2067 506 2099; x_wconf 83' lang='lat' dir='ltr'>Vitcrbii.</span> <span class='ocrx_word' id='word_1_224' title='bbox 530 2077 573 2096; x_wconf 77' lang='lat' dir='ltr'>vu</span> <span class='ocrx_word' id='word_1_225' title='bbox 594 2067 668 2097; x_wconf 68' lang='lat' dir='ltr'>idus</span> <span class='ocrx_word' id='word_1_226' title='bbox 689 2067 860 2103; x_wconf 69' lang='lat' dir='ltr'>sobi-uarii,</span> <span class='ocrx_word' id='word_1_227' title='bbox 878 2076 964 2098; x_wconf 89' lang='lat' dir='ltr'>anno</span> <span class='ocrx_word' id='word_1_228' title='bbox 984 2067 1030 2097; x_wconf 80' lang='lat'>1⁰¹</span> <span class='ocrx_word' id='word_1_229' title='bbox 1053 2079 1080 2098; x_wconf 71' lang='lat' dir='ltr'>n.</span> 
     </span>
    </p>
   </div>
   <div class='ocr_carea' id='block_1_10' title="bbox 280 2233 1152 2269">
    <p class='ocr_par' dir='ltr' id='par_1_10' title="bbox 280 2233 1152 2269">
     <span class='ocr_line' id='line_1_33' title="bbox 280 2233 1152 2269; baseline 0 -9"><span class='ocrx_word' id='word_1_230' title='bbox 280 2236 329 2268; x_wconf 69' lang='grc'>49</span> <span class='ocrx_word' id='word_1_231' title='bbox 757 2234 881 2265; x_wconf 79' lang='lat' dir='ltr'>Viterbe,</span> <span class='ocrx_word' id='word_1_232' title='bbox 899 2235 932 2260; x_wconf 74' lang='lat'>‘20</span> <span class='ocrx_word' id='word_1_233' title='bbox 945 2233 1059 2269; x_wconf 68' lang='lat' dir='ltr'>janvier</span> <span class='ocrx_word' id='word_1_234' title='bbox 1078 2235 1152 2260; x_wconf 64' lang='lat'>1262.</span> 
     </span>
    </p>
   </div>
   <div class='ocr_carea' id='block_1_11' title="bbox 211 2316 1224 2448">
    <p class='ocr_par' dir='ltr' id='par_1_11' title="bbox 211 2316 1224 2448">
     <span class='ocr_line' id='line_1_34' title="bbox 250 2316 1216 2347; baseline -0.004 -1"><span class='ocrx_word' id='word_1_235' title='bbox 250 2319 380 2346; x_wconf 76' lang='lat' dir='ltr'>Fratrem</span> <span class='ocrx_word' id='word_1_236' title='bbox 398 2317 548 2345; x_wconf 78' lang='lat' dir='ltr'>Jotl‘ridum</span> <span class='ocrx_word' id='word_1_237' title='bbox 568 2317 596 2344; x_wconf 89' lang='lat' dir='ltr'>in</span> <span class='ocrx_word' id='word_1_238' title='bbox 615 2316 750 2343; x_wconf 80' lang='lat' dir='ltr'>abbatem</span> <span class='ocrx_word' id='word_1_239' title='bbox 766 2316 936 2343; x_wconf 87' lang='lat' dir='ltr'>monasterii</span> <span class='ocrx_word' id='word_1_240' title='bbox 953 2324 974 2343; x_wconf 90' lang='lat' dir='ltr'>s.</span> <span class='ocrx_word' id='word_1_241' title='bbox 991 2316 1109 2347; x_wconf 80' lang='lat' dir='ltr'>Urbani,</span> <span class='ocrx_word' id='word_1_242' title='bbox 1126 2316 1216 2343; x_wconf 82' lang='lat' dir='ltr'>Cutha</span> 
     </span>
     <span class='ocr_line' id='line_1_35' title="bbox 214 2364 1224 2398; baseline -0.002 -5"><span class='ocrx_word' id='word_1_243' title='bbox 214 2368 358 2395; x_wconf 84' lang='lat' dir='ltr'>lauuensis</span> <span class='ocrx_word' id='word_1_244' title='bbox 374 2366 505 2398; x_wconf 83' lang='lat' dir='ltr'>diocesis,</span> <span class='ocrx_word' id='word_1_245' title='bbox 521 2374 538 2392; x_wconf 85' lang='lat' dir='ltr'>a</span> <span class='ocrx_word' id='word_1_246' title='bbox 552 2365 746 2392; x_wconf 78' lang='lat' dir='ltr'>cardinalibus</span> <span class='ocrx_word' id='word_1_247' title='bbox 759 2365 870 2391; x_wconf 88' lang='lat' dir='ltr'>titulis.</span> <span class='ocrx_word' id='word_1_248' title='bbox 885 2364 1005 2391; x_wconf 78' lang='lat' dir='ltr'>Sabinae</span> <span class='ocrx_word' id='word_1_249' title='bbox 1020 2367 1048 2391; x_wconf 87' lang='lat' dir='ltr'>ot</span> <span class='ocrx_word' id='word_1_250' title='bbox 1062 2373 1087 2392; x_wconf 87' lang='lat' dir='ltr'>s.</span> <span class='ocrx_word' id='word_1_251' title='bbox 1106 2365 1224 2392; x_wconf 65' lang='lat' dir='ltr'>Adriani</span> 
     </span>
     <span class='ocr_line' id='line_1_36' title="bbox 211 2412 986 2448; baseline -0.006 -5"><span class='ocrx_word' id='word_1_252' title='bbox 211 2417 346 2448; x_wconf 81' lang='lat' dir='ltr'>electum,</span> <span class='ocrx_word' id='word_1_253' title='bbox 363 2414 526 2442; x_wconf 78' lang='lat' dir='ltr'>confirmat.</span> <span class='ocrx_word' id='word_1_254' title='bbox 543 2414 624 2446; x_wconf 63' lang='lat' dir='ltr'>(nec.</span> <span class='ocrx_word' id='word_1_255' title='bbox 643 2414 685 2445; x_wconf 73' lang='lat'>26,</span> <span class='ocrx_word' id='word_1_256' title='bbox 703 2412 751 2439; x_wconf 82' lang='lat' dir='ltr'>fol.</span> <span class='ocrx_word' id='word_1_257' title='bbox 774 2414 804 2439; x_wconf 89' lang='lat'>10</span> <span class='ocrx_word' id='word_1_258' title='bbox 822 2417 861 2445; x_wconf 64' lang='grc' dir='ltr'>νῦ,</span> <span class='ocrx_word' id='word_1_259' title='bbox 878 2417 910 2439; x_wconf 87' lang='lat' dir='ltr'>n⁰</span> <span class='ocrx_word' id='word_1_260' title='bbox 928 2413 986 2443; x_wconf 76' lang='lat'><strong>47.)</strong></span> 
     </span>
    </p>
   </div>
   <div class='ocr_carea' id='block_1_12' title="bbox 212 2502 1225 2754">
    <p class='ocr_par' dir='ltr' id='par_1_12' title="bbox 212 2502 1225 2754">
     <span class='ocr_line' id='line_1_37' title="bbox 252 2502 1221 2544; baseline 0.001 -11"><span class='ocrx_word' id='word_1_261' title='bbox 252 2517 267 2534; x_wconf 87' lang='lat'>«</span> <span class='ocrx_word' id='word_1_262' title='bbox 287 2505 391 2535; x_wconf 77' lang='lat' dir='ltr'>Fratri</span> <span class='ocrx_word' id='word_1_263' title='bbox 407 2504 553 2543; x_wconf 75' lang='lat' dir='ltr'>Joffrido,</span> <span class='ocrx_word' id='word_1_264' title='bbox 579 2504 734 2544; x_wconf 68' lang='lat' dir='ltr'>capellano</span> <span class='ocrx_word' id='word_1_265' title='bbox 751 2510 864 2538; x_wconf 76' lang='lat' dir='ltr'>nostro,</span> <span class='ocrx_word' id='word_1_266' title='bbox 880 2502 983 2533; x_wconf 80' lang='lat' dir='ltr'>abbati</span> <span class='ocrx_word' id='word_1_267' title='bbox 1006 2504 1180 2533; x_wconf 74' lang='lat' dir='ltr'>monasterii</span> <span class='ocrx_word' id='word_1_268' title='bbox 1198 2514 1221 2534; x_wconf 90' lang='lat' dir='ltr'>s.</span> 
     </span>
     <span class='ocr_line' id='line_1_38' title="bbox 216 2555 1225 2594; baseline 0 -6"><span class='ocrx_word' id='word_1_269' title='bbox 216 2559 342 2594; x_wconf 75' lang='lat' dir='ltr'>(li-bani,</span> <span class='ocrx_word' id='word_1_270' title='bbox 359 2557 506 2587; x_wconf 77' lang='lat' dir='ltr'>ordiniss.</span> <span class='ocrx_word' id='word_1_271' title='bbox 528 2557 691 2592; x_wconf 74' lang='lat' dir='ltr'>Benedicti,</span> <span class='ocrx_word' id='word_1_272' title='bbox 711 2556 967 2587; x_wconf 76' lang='lat' dir='ltr'>Caclmlazmensis</span> <span class='ocrx_word' id='word_1_273' title='bbox 982 2555 1116 2586; x_wconf 78' lang='lat' dir='ltr'>diocesis.</span> <span class='ocrx_word' id='word_1_274' title='bbox 1135 2557 1225 2588; x_wconf 83' lang='lat' dir='ltr'>Licet</span> 
     </span>
     <span class='ocr_line' id='line_1_39' title="bbox 212 2609 1223 2650; baseline -0.002 -8"><span class='ocrx_word' id='word_1_275' title='bbox 212 2620 251 2642; x_wconf 85' lang='lat' dir='ltr'>ea</span> <span class='ocrx_word' id='word_1_276' title='bbox 261 2611 468 2650; x_wconf 65' lang='lat' dir='ltr'>que—sane</span> <span class='ocrx_word' id='word_1_277' title='bbox 479 2610 755 2649; x_wconf 75' lang='lat' dir='ltr'>questionemque</span> <span class='ocrx_word' id='word_1_278' title='bbox 766 2610 885 2639; x_wconf 84' lang='lat' dir='ltr'>intorte</span> <span class='ocrx_word' id='word_1_279' title='bbox 897 2609 1093 2639; x_wconf 86' lang='lat' dir='ltr'>etdilectum</span> <span class='ocrx_word' id='word_1_280' title='bbox 1106 2609 1223 2644; x_wconf 82' lang='lat' dir='ltr'>filium,</span> 
     </span>
     <span class='ocr_line' id='line_1_40' title="bbox 214 2662 1224 2701; baseline -0.002 -6"><span class='ocrx_word' id='word_1_281' title='bbox 214 2665 348 2695; x_wconf 80' lang='lat' dir='ltr'>fratrem</span> <span class='ocrx_word' id='word_1_282' title='bbox 361 2664 547 2694; x_wconf 83' lang='lat' dir='ltr'>Jobannem</span> <span class='ocrx_word' id='word_1_283' title='bbox 564 2663 603 2693; x_wconf 89' lang='lat' dir='ltr'>de</span> <span class='ocrx_word' id='word_1_284' title='bbox 619 2663 769 2697; x_wconf 83' lang='lat' dir='ltr'>Memeri,</span> <span class='ocrx_word' id='word_1_285' title='bbox 788 2662 932 2701; x_wconf 87' lang='lat' dir='ltr'>priorem</span> <span class='ocrx_word' id='word_1_286' title='bbox 950 2662 989 2692; x_wconf 89' lang='lat' dir='ltr'>de</span> <span class='ocrx_word' id='word_1_287' title='bbox 1002 2662 1146 2694; x_wconf 70' lang='lat' dir='ltr'>Ulmeto,</span> <span class='ocrx_word' id='word_1_288' title='bbox 1166 2663 1224 2693; x_wconf 88' lang='lat' dir='ltr'>Ca-</span> 
     </span>
     <span class='ocr_line' id='line_1_41' title="bbox 213 2715 1224 2754; baseline -0.001 -7"><span class='ocrx_word' id='word_1_289' title='bbox 213 2716 442 2747; x_wconf 86' lang='lat' dir='ltr'>thalauuensis</span> <span class='ocrx_word' id='word_1_290' title='bbox 462 2716 615 2751; x_wconf 85' lang='lat' dir='ltr'>diocesis,</span> <span class='ocrx_word' id='word_1_291' title='bbox 634 2723 733 2754; x_wconf 86' lang='lat' dir='ltr'>snper</span> <span class='ocrx_word' id='word_1_292' title='bbox 756 2715 887 2745; x_wconf 83' lang='lat' dir='ltr'>abbatia</span> <span class='ocrx_word' id='word_1_293' title='bbox 905 2715 1097 2745; x_wconf 82' lang='lat' dir='ltr'>monasterii</span> <span class='ocrx_word' id='word_1_294' title='bbox 1117 2724 1144 2745; x_wconf 73' lang='lat' dir='ltr'>S.</span> <span class='ocrx_word' id='word_1_295' title='bbox 1163 2716 1224 2747; x_wconf 91' lang='lat' dir='ltr'>Ur—</span> 
     </span>
    </p>
   </div>
   <div class='ocr_carea' id='block_1_13' title="bbox 214 2813 1222 2924">
    <p class='ocr_par' dir='ltr' id='par_1_13' title="bbox 214 2813 1222 2924">
     <span class='ocr_line' id='line_1_42' title="bbox 246 2813 1222 2844; baseline 0 -7"><span class='ocrx_word' id='word_1_296' title='bbox 246 2815 268 2837; x_wconf 71' lang='lat' dir='ltr'>t.</span> <span class='ocrx_word' id='word_1_297' title='bbox 285 2814 321 2837; x_wconf 76' lang='lat' dir='ltr'>Le</span> <span class='ocrx_word' id='word_1_298' title='bbox 338 2813 453 2843; x_wconf 74' lang='lat' dir='ltr'>registro</span> <span class='ocrx_word' id='word_1_299' title='bbox 464 2815 540 2844; x_wconf 79' lang='lat' dir='ltr'>porte</span> <span class='ocrx_word' id='word_1_300' title='bbox 556 2819 589 2837; x_wconf 89' lang='lat' dir='ltr'>en</span> <span class='ocrx_word' id='word_1_301' title='bbox 599 2819 704 2841; x_wconf 64' lang='lat' dir='ltr'>margo:</span> <span class='ocrx_word' id='word_1_302' title='bbox 718 2822 730 2836; x_wconf 85' lang='lat'>«</span> <span class='ocrx_word' id='word_1_303' title='bbox 746 2813 830 2844; x_wconf 79' lang='lat' dir='ltr'>Super</span> <span class='ocrx_word' id='word_1_304' title='bbox 844 2813 1010 2844; x_wconf 76' lang='lat' dir='ltr'>inquisitione</span> <span class='ocrx_word' id='word_1_305' title='bbox 1025 2813 1149 2843; x_wconf 75' lang='lat' dir='ltr'>facienda</span> <span class='ocrx_word' id='word_1_306' title='bbox 1163 2821 1222 2837; x_wconf 78' lang='lat' dir='ltr'>con—</span> 
     </span>
     <span class='ocr_line' id='line_1_43' title="bbox 215 2852 1219 2884; baseline 0.001 -7"><span class='ocrx_word' id='word_1_307' title='bbox 215 2854 257 2877; x_wconf 75' lang='lat' dir='ltr'>tra</span> <span class='ocrx_word' id='word_1_308' title='bbox 272 2853 426 2884; x_wconf 76' lang='lat' dir='ltr'>mayislrum</span> <span class='ocrx_word' id='word_1_309' title='bbox 445 2853 591 2883; x_wconf 67' lang='lat' dir='ltr'>Symonem,</span> <span class='ocrx_word' id='word_1_310' title='bbox 613 2852 763 2876; x_wconf 68' lang='lat' dir='ltr'>canonicum</span> <span class='ocrx_word' id='word_1_311' title='bbox 790 2853 955 2880; x_wconf 76' lang='lat' dir='ltr'>I&#39;uduanum,</span> <span class='ocrx_word' id='word_1_312' title='bbox 976 2853 1177 2884; x_wconf 77' lang='lat' dir='ltr'>promovendum</span> <span class='ocrx_word' id='word_1_313' title='bbox 1194 2853 1219 2878; x_wconf 79' lang='lat' dir='ltr'>i&#39;n</span> 
     </span>
     <span class='ocr_line' id='line_1_44' title="bbox 214 2891 1192 2924; baseline 0 -9"><span class='ocrx_word' id='word_1_314' title='bbox 214 2891 386 2924; x_wconf 72' lang='lat' dir='ltr'>presbiterum</span> <span class='ocrx_word' id='word_1_315' title='bbox 402 2892 571 2922; x_wconf 68' lang='lat' dir='ltr'>cardinalem,</span> <span class='ocrx_word' id='word_1_316' title='bbox 585 2893 647 2916; x_wconf 72' lang='lat' dir='ltr'>Item</span> <span class='ocrx_word' id='word_1_317' title='bbox 664 2891 695 2916; x_wconf 80' lang='lat' dir='ltr'>de</span> <span class='ocrx_word' id='word_1_318' title='bbox 709 2892 797 2917; x_wconf 75' lang='lat' dir='ltr'>eodem</span> <span class='ocrx_word' id='word_1_319' title='bbox 813 2899 893 2924; x_wconf 75' lang='lat' dir='ltr'>supra</span> <span class='ocrx_word' id='word_1_320' title='bbox 905 2892 1022 2924; x_wconf 76' lang='lat' dir='ltr'>capitulo</span> <span class='ocrx_word' id='word_1_321' title='bbox 1033 2892 1101 2916; x_wconf 78' lang='lat' dir='ltr'>XXX</span> <span class='ocrx_word' id='word_1_322' title='bbox 1108 2893 1157 2917; x_wconf 81' lang='lat' dir='ltr'><em>V11.</em></span> <span class='ocrx_word' id='word_1_323' title='bbox 1179 2902 1192 2916; x_wconf 72' lang='lat' dir='ltr'>n</span> 
     </span>
    </p>
   </div>
   <div class='ocr_carea' id='block_1_14' title="bbox 1253 312 1257 2648">
    <p class='ocr_par' dir='ltr' id='par_1_14' title="bbox 1253 312 1257 2648">
     <span class='ocr_line' id='line_1_45' title="bbox 1253 312 1257 2648; baseline 0 0"><span class='ocrx_word' id='word_1_324' title='bbox 1253 312 1257 2648; x_wconf 95' lang='lat' dir='ltr'> </span> 
     </span>
    </p>
   </div>
   <div class='ocr_carea' id='block_1_15' title="bbox 1282 313 2299 1675">
    <p class='ocr_par' dir='ltr' id='par_1_15' title="bbox 1282 313 2299 1675">
     <span class='ocr_line' id='line_1_46' title="bbox 1283 313 2293 356; baseline 0.005 -13"><span class='ocrx_word' id='word_1_325' title='bbox 1283 313 1360 343; x_wconf 85' lang='lat' dir='ltr'>bani</span> <span class='ocrx_word' id='word_1_326' title='bbox 1376 314 1416 344; x_wconf 88' lang='lat' dir='ltr'>ad</span> <span class='ocrx_word' id='word_1_327' title='bbox 1433 316 1629 352; x_wconf 78' lang='lat' dir='ltr'>quam‚tunc</span> <span class='ocrx_word' id='word_1_328' title='bbox 1644 315 1987 351; x_wconf 81' lang='lat' dir='ltr'>vacantein,s11isti,ut</span> <span class='ocrx_word' id='word_1_329' title='bbox 2001 316 2134 353; x_wconf 64' lang='lat' dir='ltr'>asseris,</span> <span class='ocrx_word' id='word_1_330' title='bbox 2145 324 2203 356; x_wconf 89' lang='lat' dir='ltr'>per</span> <span class='ocrx_word' id='word_1_331' title='bbox 2214 325 2293 348; x_wconf 89' lang='lat' dir='ltr'>con-</span> 
     </span>
     <span class='ocr_line' id='line_1_47' title="bbox 1283 367 2293 408; baseline 0.006 -14"><span class='ocrx_word' id='word_1_332' title='bbox 1283 367 1417 396; x_wconf 83' lang='lat' dir='ltr'>ventum</span> <span class='ocrx_word' id='word_1_333' title='bbox 1429 367 1536 404; x_wconf 67' lang='lat' dir='ltr'>ipsius</span> <span class='ocrx_word' id='word_1_334' title='bbox 1547 368 1738 397; x_wconf 79' lang='lat' dir='ltr'>monasterii</span> <span class='ocrx_word' id='word_1_335' title='bbox 1750 376 1809 398; x_wconf 90' lang='lat' dir='ltr'>seu</span> <span class='ocrx_word' id='word_1_336' title='bbox 1823 369 1980 407; x_wconf 87' lang='lat' dir='ltr'>majorem</span> <span class='ocrx_word' id='word_1_337' title='bbox 1992 370 2119 408; x_wconf 86' lang='lat' dir='ltr'>partem</span> <span class='ocrx_word' id='word_1_338' title='bbox 2128 369 2200 407; x_wconf 86' lang='lat' dir='ltr'>ejus</span> <span class='ocrx_word' id='word_1_339' title='bbox 2210 369 2293 401; x_wconf 90' lang='lat' dir='ltr'>elec-</span> 
     </span>
     <span class='ocr_line' id='line_1_48' title="bbox 1282 419 2292 461; baseline 0.006 -13"><span class='ocrx_word' id='word_1_340' title='bbox 1282 419 1347 454; x_wconf 88' lang='lat' dir='ltr'>tus,</span> <span class='ocrx_word' id='word_1_341' title='bbox 1362 421 1391 449; x_wconf 88' lang='lat' dir='ltr'>et</span> <span class='ocrx_word' id='word_1_342' title='bbox 1407 419 1445 449; x_wconf 90' lang='lat' dir='ltr'>de</span> <span class='ocrx_word' id='word_1_343' title='bbox 1463 428 1526 458; x_wconf 76' lang='lat' dir='ltr'>qua</span> <span class='ocrx_word' id='word_1_344' title='bbox 1543 420 1649 450; x_wconf 55' lang='lat' dir='ltr'>dictus·</span> <span class='ocrx_word' id='word_1_345' title='bbox 1667 421 1757 459; x_wconf 90' lang='lat' dir='ltr'>prior</span> <span class='ocrx_word' id='word_1_346' title='bbox 1772 421 1901 451; x_wconf 82' lang='lat' dir='ltr'>dicebat</span> <span class='ocrx_word' id='word_1_347' title='bbox 1916 422 1980 451; x_wconf 86' lang='lat' dir='ltr'>sibi</span> <span class='ocrx_word' id='word_1_348' title='bbox 1994 431 2053 461; x_wconf 88' lang='lat' dir='ltr'>per</span> <span class='ocrx_word' id='word_1_349' title='bbox 2068 422 2154 453; x_wconf 88' lang='lat' dir='ltr'>bone</span> <span class='ocrx_word' id='word_1_350' title='bbox 2168 431 2292 454; x_wconf 90' lang='lat' dir='ltr'>memo-</span> 
     </span>
     <span class='ocr_line' id='line_1_49' title="bbox 1282 473 2292 516; baseline 0.005 -14"><span class='ocrx_word' id='word_1_351' title='bbox 1282 473 1367 508; x_wconf 85' lang='lat' dir='ltr'>rie..,</span> <span class='ocrx_word' id='word_1_352' title='bbox 1387 473 1688 504; x_wconf 79' lang='lat' dir='ltr'>Catlialaunensem</span> <span class='ocrx_word' id='word_1_353' title='bbox 1708 475 1913 514; x_wconf 64' lang='lat' dir='ltr'>episcopum,</span> <span class='ocrx_word' id='word_1_354' title='bbox 1942 476 2100 506; x_wconf 89' lang='lat' dir='ltr'>canonice</span> <span class='ocrx_word' id='word_1_355' title='bbox 2131 476 2200 507; x_wconf 87' lang='lat' dir='ltr'>sore</span> <span class='ocrx_word' id='word_1_356' title='bbox 2218 485 2292 516; x_wconf 85' lang='lat' dir='ltr'>pro-</span> 
     </span>
     <span class='ocr_line' id='line_1_50' title="bbox 1282 526 2294 565; baseline 0.005 -11"><span class='ocrx_word' id='word_1_357' title='bbox 1282 526 1405 561; x_wconf 80' lang='lat' dir='ltr'>visum,</span> <span class='ocrx_word' id='word_1_358' title='bbox 1426 527 1625 562; x_wconf 75' lang='lat' dir='ltr'>vertebatur,</span> <span class='ocrx_word' id='word_1_359' title='bbox 1637 527 1676 556; x_wconf 90' lang='lat' dir='ltr'>ad</span> <span class='ocrx_word' id='word_1_360' title='bbox 1694 536 1833 557; x_wconf 81' lang='lat' dir='ltr'>examen</span> <span class='ocrx_word' id='word_1_361' title='bbox 1849 528 2067 565; x_wconf 83' lang='lat' dir='ltr'>apostolicum</span> <span class='ocrx_word' id='word_1_362' title='bbox 2080 528 2225 565; x_wconf 72' lang='lat' dir='ltr'>legitime</span> <span class='ocrx_word' id='word_1_363' title='bbox 2239 529 2294 559; x_wconf 89' lang='lat' dir='ltr'>de-</span> 
     </span>
     <span class='ocr_line' id='line_1_51' title="bbox 1283 579 2293 620; baseline 0.003 -12"><span class='ocrx_word' id='word_1_364' title='bbox 1283 579 1441 613; x_wconf 74' lang='lat' dir='ltr'>volutam,</span> <span class='ocrx_word' id='word_1_365' title='bbox 1462 579 1568 609; x_wconf 84' lang='lat' dir='ltr'>felicis</span> <span class='ocrx_word' id='word_1_366' title='bbox 1592 580 1828 610; x_wconf 80' lang='lat' dir='ltr'>recordationis</span> <span class='ocrx_word' id='word_1_367' title='bbox 1853 580 2043 611; x_wconf 65' lang='lat' dir='ltr'>Alexander</span> <span class='ocrx_word' id='word_1_368' title='bbox 2061 590 2157 620; x_wconf 87' lang='lat' dir='ltr'>papa,</span> <span class='ocrx_word' id='word_1_369' title='bbox 2178 581 2293 620; x_wconf 88' lang='lat' dir='ltr'>prede-</span> 
     </span>
     <span class='ocr_line' id='line_1_52' title="bbox 1283 632 2294 667; baseline 0.003 -6"><span class='ocrx_word' id='word_1_370' title='bbox 1283 641 1393 662; x_wconf 82' lang='lat' dir='ltr'>cessor</span> <span class='ocrx_word' id='word_1_371' title='bbox 1407 633 1657 667; x_wconf 54' lang='lat' dir='ltr'>noemi-‚dilecto</span> <span class='ocrx_word' id='word_1_372' title='bbox 1676 632 1745 663; x_wconf 85' lang='lat' dir='ltr'>silio</span> <span class='ocrx_word' id='word_1_373' title='bbox 1764 634 1875 663; x_wconf 79' lang='lat' dir='ltr'>nostro</span> <span class='ocrx_word' id='word_1_374' title='bbox 1891 633 1943 667; x_wconf 85' lang='grc'>0,,</span> <span class='ocrx_word' id='word_1_375' title='bbox 1957 642 1982 663; x_wconf 89' lang='lat' dir='ltr'>s.</span> <span class='ocrx_word' id='word_1_376' title='bbox 2002 634 2141 664; x_wconf 85' lang='lat' dir='ltr'>Adriani</span> <span class='ocrx_word' id='word_1_377' title='bbox 2154 634 2294 665; x_wconf 88' lang='lat' dir='ltr'>diacono</span> 
     </span>
     <span class='ocr_line' id='line_1_53' title="bbox 1283 685 2293 724; baseline 0.002 -9"><span class='ocrx_word' id='word_1_378' title='bbox 1283 685 1455 720; x_wconf 82' lang='lat' dir='ltr'>cardinali,</span> <span class='ocrx_word' id='word_1_379' title='bbox 1474 686 1652 720; x_wconf 87' lang='lat' dir='ltr'>commisit,</span> <span class='ocrx_word' id='word_1_380' title='bbox 1677 695 1740 724; x_wconf 60' lang='lat' dir='ltr'>quc»</span> <span class='ocrx_word' id='word_1_381' title='bbox 1757 686 1884 715; x_wconf 56' lang='lat' dir='ltr'>diutius·</span> <span class='ocrx_word' id='word_1_382' title='bbox 1908 695 2018 716; x_wconf 85' lang='lat' dir='ltr'>coram</span> <span class='ocrx_word' id='word_1_383' title='bbox 2037 695 2074 716; x_wconf 86' lang='lat' dir='ltr'>eo</span> <span class='ocrx_word' id='word_1_384' title='bbox 2092 687 2199 717; x_wconf 79' lang='lat' dir='ltr'>extitit</span> <span class='ocrx_word' id='word_1_385' title='bbox 2216 696 2293 717; x_wconf 77' lang='lat' dir='ltr'>ven-</span> 
     </span>
     <span class='ocr_line' id='line_1_54' title="bbox 1282 739 2291 778; baseline 0.001 -9"><span class='ocrx_word' id='word_1_386' title='bbox 1282 739 1385 769; x_wconf 81' lang='lat' dir='ltr'>tilata.</span> <span class='ocrx_word' id='word_1_387' title='bbox 1406 740 1470 770; x_wconf 86' lang='lat' dir='ltr'>Sed</span> <span class='ocrx_word' id='word_1_388' title='bbox 1488 740 1554 769; x_wconf 85' lang='lat' dir='ltr'>tam</span> <span class='ocrx_word' id='word_1_389' title='bbox 1567 741 1602 769; x_wconf 88' lang='lat' dir='ltr'>tu</span> <span class='ocrx_word' id='word_1_390' title='bbox 1617 748 1715 778; x_wconf 84' lang='lat' dir='ltr'>quam</span> <span class='ocrx_word' id='word_1_391' title='bbox 1736 740 1843 769; x_wconf 86' lang='lat' dir='ltr'>dictus</span> <span class='ocrx_word' id='word_1_392' title='bbox 1858 740 1949 777; x_wconf 88' lang='lat' dir='ltr'>prior</span> <span class='ocrx_word' id='word_1_393' title='bbox 1964 740 2056 769; x_wconf 86' lang='lat' dir='ltr'>sanis</span> <span class='ocrx_word' id='word_1_394' title='bbox 2071 740 2221 770; x_wconf 86' lang='lat' dir='ltr'>consiliis</span> <span class='ocrx_word' id='word_1_395' title='bbox 2235 740 2291 770; x_wconf 85' lang='lat' dir='ltr'>ad-</span> 
     </span>
     <span class='ocr_line' id='line_1_55' title="bbox 1285 793 2293 832; baseline 0.002 -11"><span class='ocrx_word' id='word_1_396' title='bbox 1285 794 1449 823; x_wconf 67' lang='lat' dir='ltr'>vertentes</span> <span class='ocrx_word' id='word_1_397' title='bbox 1466 793 1554 831; x_wconf 78' lang='lat' dir='ltr'>quod</span> <span class='ocrx_word' id='word_1_398' title='bbox 1572 801 1635 822; x_wconf 89' lang='lat' dir='ltr'>non</span> <span class='ocrx_word' id='word_1_399' title='bbox 1651 793 1784 831; x_wconf 77' lang='lat' dir='ltr'>expedit</span> <span class='ocrx_word' id='word_1_400' title='bbox 1797 793 1860 822; x_wconf 84' lang='lat' dir='ltr'>Dei</span> <span class='ocrx_word' id='word_1_401' title='bbox 1878 793 2051 823; x_wconf 83' lang='lat' dir='ltr'>ministros</span> <span class='ocrx_word' id='word_1_402' title='bbox 2068 802 2102 823; x_wconf 87' lang='lat' dir='ltr'>se</span> <span class='ocrx_word' id='word_1_403' title='bbox 2118 793 2293 832; x_wconf 84' lang='lat' dir='ltr'>pertinaci-</span> 
     </span>
     <span class='ocr_line' id='line_1_56' title="bbox 1283 845 2296 884; baseline 0 -8"><span class='ocrx_word' id='word_1_404' title='bbox 1283 848 1331 877; x_wconf 86' lang='lat' dir='ltr'>ter</span> <span class='ocrx_word' id='word_1_405' title='bbox 1347 846 1463 884; x_wconf 76' lang='lat' dir='ltr'>litigiis</span> <span class='ocrx_word' id='word_1_406' title='bbox 1479 845 1658 884; x_wconf 82' lang='lat' dir='ltr'>implicare,</span> <span class='ocrx_word' id='word_1_407' title='bbox 1681 854 1778 875; x_wconf 90' lang='lat' dir='ltr'>omne</span> <span class='ocrx_word' id='word_1_408' title='bbox 1797 847 1853 883; x_wconf 75' lang='lat' dir='ltr'>Jus</span> <span class='ocrx_word' id='word_1_409' title='bbox 1871 845 1967 875; x_wconf 84' lang='lat' dir='ltr'>vobis</span> <span class='ocrx_word' id='word_1_410' title='bbox 1983 847 2172 884; x_wconf 86' lang='lat' dir='ltr'>competens</span> <span class='ocrx_word' id='word_1_411' title='bbox 2188 846 2223 876; x_wconf 90' lang='lat' dir='ltr'>in</span> <span class='ocrx_word' id='word_1_412' title='bbox 2241 845 2296 876; x_wconf 88' lang='lat' dir='ltr'>ab·</span> 
     </span>
     <span class='ocr_line' id='line_1_57' title="bbox 1284 898 2295 938; baseline -0.001 -9"><span class='ocrx_word' id='word_1_413' title='bbox 1284 899 1372 930; x_wconf 83' lang='lat' dir='ltr'>batia</span> <span class='ocrx_word' id='word_1_414' title='bbox 1388 899 1534 938; x_wconf 85' lang='lat' dir='ltr'>predicta</span> <span class='ocrx_word' id='word_1_415' title='bbox 1549 899 1582 928; x_wconf 91' lang='lat' dir='ltr'>in</span> <span class='ocrx_word' id='word_1_416' title='bbox 1597 898 1745 937; x_wconf 68' lang='lat' dir='ltr'>ejusdcm</span> <span class='ocrx_word' id='word_1_417' title='bbox 1762 907 1799 928; x_wconf 90' lang='lat' dir='ltr'>ac</span> <span class='ocrx_word' id='word_1_418' title='bbox 1815 898 1925 928; x_wconf 88' lang='lat' dir='ltr'>dilecti</span> <span class='ocrx_word' id='word_1_419' title='bbox 1942 899 2003 928; x_wconf 84' lang='lat' dir='ltr'>filii</span> <span class='ocrx_word' id='word_1_420' title='bbox 2019 899 2123 928; x_wconf 87' lang='lat' dir='ltr'>nostri</span> <span class='ocrx_word' id='word_1_421' title='bbox 2133 898 2191 933; x_wconf 63' lang='lat' dir='ltr'>H„</span> <span class='ocrx_word' id='word_1_422' title='bbox 2207 898 2295 929; x_wconf 88' lang='lat' dir='ltr'>tituli</span> 
     </span>
     <span class='ocr_line' id='line_1_58' title="bbox 1285 951 2295 991; baseline -0.001 -9"><span class='ocrx_word' id='word_1_423' title='bbox 1285 962 1310 983; x_wconf 90' lang='lat' dir='ltr'>s.</span> <span class='ocrx_word' id='word_1_424' title='bbox 1329 952 1452 983; x_wconf 82' lang='lat' dir='ltr'>Sabine</span> <span class='ocrx_word' id='word_1_425' title='bbox 1470 952 1643 991; x_wconf 78' lang='lat' dir='ltr'>presbiteri</span> <span class='ocrx_word' id='word_1_426' title='bbox 1662 951 1881 981; x_wconf 81' lang='lat' dir='ltr'>cardinalium</span> <span class='ocrx_word' id='word_1_427' title='bbox 1898 951 2052 981; x_wconf 84' lang='lat' dir='ltr'>manibus</span> <span class='ocrx_word' id='word_1_428' title='bbox 2065 951 2295 990; x_wconf 85' lang='lat' dir='ltr'>recipientium</span> 
     </span>
     <span class='ocr_line' id='line_1_59' title="bbox 1285 1004 2295 1044; baseline -0.002 -8"><span class='ocrx_word' id='word_1_429' title='bbox 1285 1006 1478 1036; x_wconf 80' lang='lat' dir='ltr'>auctorItatc</span> <span class='ocrx_word' id='word_1_430' title='bbox 1488 1006 1609 1038; x_wconf 78' lang='lat' dir='ltr'>nostra,</span> <span class='ocrx_word' id='word_1_431' title='bbox 1619 1004 1682 1034; x_wconf 85' lang='lat' dir='ltr'>sibi</span> <span class='ocrx_word' id='word_1_432' title='bbox 1695 1005 1773 1034; x_wconf 71' lang='lat' dir='ltr'>viva</span> <span class='ocrx_word' id='word_1_433' title='bbox 1782 1013 1861 1035; x_wconf 79' lang='lat' dir='ltr'>voce</span> <span class='ocrx_word' id='word_1_434' title='bbox 1873 1005 2063 1038; x_wconf 50' lang='lat' dir='ltr'>commissa,</span> <span class='ocrx_word' id='word_1_435' title='bbox 2072 1004 2188 1040; x_wconf 87' lang='lat' dir='ltr'>libere,</span> <span class='ocrx_word' id='word_1_436' title='bbox 2197 1013 2295 1044; x_wconf 88' lang='lat' dir='ltr'>spon-</span> 
     </span>
     <span class='ocr_line' id='line_1_60' title="bbox 1286 1057 2295 1096; baseline -0.001 -7"><span class='ocrx_word' id='word_1_437' title='bbox 1286 1061 1378 1089; x_wconf 84' lang='lat' dir='ltr'>tance</span> <span class='ocrx_word' id='word_1_438' title='bbox 1394 1068 1431 1089; x_wconf 88' lang='lat' dir='ltr'>ac</span> <span class='ocrx_word' id='word_1_439' title='bbox 1447 1058 1617 1088; x_wconf 75' lang='lat' dir='ltr'>hainiliter</span> <span class='ocrx_word' id='word_1_440' title='bbox 1629 1058 1836 1096; x_wconf 71' lang='lat' dir='ltr'>resignastis.</span> <span class='ocrx_word' id='word_1_441' title='bbox 1849 1058 1891 1087; x_wconf 88' lang='lat' dir='ltr'>Et</span> <span class='ocrx_word' id='word_1_442' title='bbox 1905 1058 2059 1096; x_wconf 86' lang='lat' dir='ltr'>quianon</span> <span class='ocrx_word' id='word_1_443' title='bbox 2075 1057 2295 1088; x_wconf 81' lang='lat' dir='ltr'>conveniebat</span> 
     </span>
     <span class='ocr_line' id='line_1_61' title="bbox 1287 1111 2295 1150; baseline -0.003 -8"><span class='ocrx_word' id='word_1_444' title='bbox 1287 1113 1524 1143; x_wconf 78' lang='lat' dir='ltr'>monasterium</span> <span class='ocrx_word' id='word_1_445' title='bbox 1542 1112 1652 1150; x_wconf 87' lang='lat' dir='ltr'>ipsum</span> <span class='ocrx_word' id='word_1_446' title='bbox 1671 1120 1787 1141; x_wconf 78' lang='lat' dir='ltr'>vacare</span> <span class='ocrx_word' id='word_1_447' title='bbox 1804 1111 1940 1145; x_wconf 82' lang='lat' dir='ltr'>diutius,</span> <span class='ocrx_word' id='word_1_448' title='bbox 1957 1111 2100 1140; x_wconf 78' lang='lat' dir='ltr'>maximo</span> <span class='ocrx_word' id='word_1_449' title='bbox 2118 1119 2193 1140; x_wconf 88' lang='lat' dir='ltr'>cum</span> <span class='ocrx_word' id='word_1_450' title='bbox 2206 1111 2295 1140; x_wconf 83' lang='lat' dir='ltr'>esset</span> 
     </span>
     <span class='ocr_line' id='line_1_62' title="bbox 1285 1163 2293 1204; baseline -0.003 -8"><span class='ocrx_word' id='word_1_451' title='bbox 1285 1167 1456 1196; x_wconf 80' lang='lat' dir='ltr'>occasione</span> <span class='ocrx_word' id='word_1_452' title='bbox 1469 1165 1654 1204; x_wconf 80' lang='lat' dir='ltr'>questionis</span> <span class='ocrx_word' id='word_1_453' title='bbox 1667 1164 1857 1203; x_wconf 85' lang='lat' dir='ltr'>hujusmodi</span> <span class='ocrx_word' id='word_1_454' title='bbox 1868 1166 2001 1203; x_wconf 88' lang='lat' dir='ltr'>propter</span> <span class='ocrx_word' id='word_1_455' title='bbox 2016 1164 2179 1194; x_wconf 67' lang='lat' dir='ltr'>detectum</span> <span class='ocrx_word' id='word_1_456' title='bbox 2191 1163 2293 1193; x_wconf 87' lang='lat' dir='ltr'>admi-</span> 
     </span>
     <span class='ocr_line' id='line_1_63' title="bbox 1286 1216 2296 1257; baseline -0.004 -7"><span class='ocrx_word' id='word_1_457' title='bbox 1286 1219 1473 1250; x_wconf 62' lang='lat' dir='ltr'>nistratori÷</span> <span class='ocrx_word' id='word_1_458' title='bbox 1496 1218 1646 1257; x_wconf 83' lang='lat' dir='ltr'>legitimi,</span> <span class='ocrx_word' id='word_1_459' title='bbox 1667 1226 1733 1247; x_wconf 90' lang='lat' dir='ltr'>non</span> <span class='ocrx_word' id='word_1_460' title='bbox 1759 1217 1925 1247; x_wconf 87' lang='lat' dir='ltr'>modicum</span> <span class='ocrx_word' id='word_1_461' title='bbox 1948 1217 1981 1247; x_wconf 88' lang='lat' dir='ltr'>in</span> <span class='ocrx_word' id='word_1_462' title='bbox 2002 1216 2242 1256; x_wconf 82' lang='lat' dir='ltr'>temporalibus</span> <span class='ocrx_word' id='word_1_463' title='bbox 2263 1217 2296 1247; x_wconf 89' lang='lat' dir='ltr'>et</span> 
     </span>
     <span class='ocr_line' id='line_1_64' title="bbox 1285 1269 2298 1312; baseline -0.003 -9"><span class='ocrx_word' id='word_1_464' title='bbox 1285 1272 1516 1312; x_wconf 61' lang='lat' dir='ltr'>spiritualibus</span> <span class='ocrx_word' id='word_1_465' title='bbox 1525 1272 1757 1305; x_wconf 62' lang='lat' dir='ltr'>(leformatum,</span> <span class='ocrx_word' id='word_1_466' title='bbox 1770 1270 1871 1300; x_wconf 75' lang='lat' dir='ltr'>iidem</span> <span class='ocrx_word' id='word_1_467' title='bbox 1881 1269 2298 1307; x_wconf 71' lang='lat' dir='ltr'>cardinales-,consideran-</span> 
     </span>
     <span class='ocr_line' id='line_1_65' title="bbox 1284 1322 2296 1364; baseline -0.004 -8"><span class='ocrx_word' id='word_1_468' title='bbox 1284 1328 1334 1356; x_wconf 85' lang='lat' dir='ltr'>tes</span> <span class='ocrx_word' id='word_1_469' title='bbox 1350 1334 1490 1364; x_wconf 80' lang='lat' dir='ltr'>persone</span> <span class='ocrx_word' id='word_1_470' title='bbox 1514 1326 1568 1354; x_wconf 88' lang='lat' dir='ltr'>tue</span> <span class='ocrx_word' id='word_1_471' title='bbox 1594 1323 1709 1353; x_wconf 84' lang='lat' dir='ltr'>merita</span> <span class='ocrx_word' id='word_1_472' title='bbox 1725 1324 1755 1353; x_wconf 88' lang='lat' dir='ltr'>et</span> <span class='ocrx_word' id='word_1_473' title='bbox 1771 1323 1810 1353; x_wconf 88' lang='lat' dir='ltr'>dc</span> <span class='ocrx_word' id='word_1_474' title='bbox 1840 1324 1895 1352; x_wconf 84' lang='lat' dir='ltr'>tua</span> <span class='ocrx_word' id='word_1_475' title='bbox 1918 1323 1992 1353; x_wconf 91' lang='lat' dir='ltr'>utili</span> <span class='ocrx_word' id='word_1_476' title='bbox 2008 1322 2296 1352; x_wconf 85' lang='lat' dir='ltr'>administratione</span> 
     </span>
     <span class='ocr_line' id='line_1_66' title="bbox 1284 1375 2296 1415; baseline -0.004 -7"><span class='ocrx_word' id='word_1_477' title='bbox 1284 1380 1454 1408; x_wconf 84' lang='lat' dir='ltr'>sumentes</span> <span class='ocrx_word' id='word_1_478' title='bbox 1466 1386 1506 1407; x_wconf 82' lang='lat' dir='ltr'>ex</span> <span class='ocrx_word' id='word_1_479' title='bbox 1520 1386 1558 1407; x_wconf 90' lang='lat' dir='ltr'>eo</span> <span class='ocrx_word' id='word_1_480' title='bbox 1574 1377 1784 1415; x_wconf 61' lang='lat' dir='ltr'>potissimum</span> <span class='ocrx_word' id='word_1_481' title='bbox 1811 1378 2041 1413; x_wconf 79' lang='lat' dir='ltr'>argumentum</span> <span class='ocrx_word' id='word_1_482' title='bbox 2060 1375 2147 1414; x_wconf 70' lang='lat' dir='ltr'>qnod</span> <span class='ocrx_word' id='word_1_483' title='bbox 2165 1383 2296 1405; x_wconf 86' lang='lat' dir='ltr'>monas-</span> 
     </span>
     <span class='ocr_line' id='line_1_67' title="bbox 1285 1427 2298 1466; baseline -0.003 -6"><span class='ocrx_word' id='word_1_484' title='bbox 1285 1431 1403 1460; x_wconf 87' lang='lat' dir='ltr'>terium</span> <span class='ocrx_word' id='word_1_485' title='bbox 1421 1439 1448 1460; x_wconf 91' lang='lat' dir='ltr'>s.</span> <span class='ocrx_word' id='word_1_486' title='bbox 1477 1429 1660 1464; x_wconf 82' lang='lat' dir='ltr'>Michaelis,</span> <span class='ocrx_word' id='word_1_487' title='bbox 1686 1429 1911 1459; x_wconf 75' lang='lat' dir='ltr'>Vll-dunensis</span> <span class='ocrx_word' id='word_1_488' title='bbox 1932 1429 2071 1463; x_wconf 87' lang='lat' dir='ltr'>ordinis,</span> <span class='ocrx_word' id='word_1_489' title='bbox 2096 1430 2192 1466; x_wconf 80' lang='lat' dir='ltr'>cujus</span> <span class='ocrx_word' id='word_1_490' title='bbox 2217 1427 2298 1457; x_wconf 89' lang='lat' dir='ltr'>olim</span> 
     </span>
     <span class='ocr_line' id='line_1_68' title="bbox 1283 1480 2298 1520; baseline -0.002 -8"><span class='ocrx_word' id='word_1_491' title='bbox 1283 1483 1422 1513; x_wconf 80' lang='lat' dir='ltr'>extitisti</span> <span class='ocrx_word' id='word_1_492' title='bbox 1440 1482 1554 1516; x_wconf 85' lang='lat' dir='ltr'>abbas,</span> <span class='ocrx_word' id='word_1_493' title='bbox 1567 1481 1994 1520; x_wconf 78' lang='lat' dir='ltr'>laudabilitergubernasti,</span> <span class='ocrx_word' id='word_1_494' title='bbox 2008 1481 2046 1511; x_wconf 88' lang='lat' dir='ltr'>de</span> <span class='ocrx_word' id='word_1_495' title='bbox 2058 1480 2195 1520; x_wconf 81' lang='lat' dir='ltr'>speciali</span> <span class='ocrx_word' id='word_1_496' title='bbox 2207 1488 2298 1510; x_wconf 88' lang='lat' dir='ltr'>man-</span> 
     </span>
     <span class='ocr_line' id='line_1_69' title="bbox 1283 1533 2297 1573; baseline -0.003 -7"><span class='ocrx_word' id='word_1_497' title='bbox 1283 1535 1358 1566; x_wconf 87' lang='lat' dir='ltr'>dato</span> <span class='ocrx_word' id='word_1_498' title='bbox 1378 1536 1489 1566; x_wconf 88' lang='lat' dir='ltr'>nostro</span> <span class='ocrx_word' id='word_1_499' title='bbox 1507 1535 1555 1565; x_wconf 77' lang='lat' dir='ltr'>eis</span> <span class='ocrx_word' id='word_1_500' title='bbox 1576 1535 1654 1564; x_wconf 74' lang='lat' dir='ltr'>viva</span> <span class='ocrx_word' id='word_1_501' title='bbox 1673 1543 1752 1565; x_wconf 81' lang='lat' dir='ltr'>voce</span> <span class='ocrx_word' id='word_1_502' title='bbox 1763 1534 1861 1570; x_wconf 75' lang='lat' dir='ltr'>facto,</span> <span class='ocrx_word' id='word_1_503' title='bbox 1878 1536 1908 1565; x_wconf 91' lang='lat' dir='ltr'>te</span> <span class='ocrx_word' id='word_1_504' title='bbox 1928 1535 1960 1565; x_wconf 92' lang='lat' dir='ltr'>in</span> <span class='ocrx_word' id='word_1_505' title='bbox 1979 1534 2130 1565; x_wconf 85' lang='lat' dir='ltr'>abbatem</span> <span class='ocrx_word' id='word_1_506' title='bbox 2149 1533 2297 1573; x_wconf 86' lang='lat' dir='ltr'>predicto</span> 
     </span>
     <span class='ocr_line' id='line_1_70' title="bbox 1284 1585 2298 1626; baseline -0.002 -8"><span class='ocrx_word' id='word_1_507' title='bbox 1284 1597 1310 1618; x_wconf 88' lang='lat' dir='ltr'>s.</span> <span class='ocrx_word' id='word_1_508' title='bbox 1329 1588 1456 1618; x_wconf 84' lang='lat' dir='ltr'>Urbani</span> <span class='ocrx_word' id='word_1_509' title='bbox 1479 1587 1679 1618; x_wconf 82' lang='lat' dir='ltr'>monasterio</span> <span class='ocrx_word' id='word_1_510' title='bbox 1703 1587 1923 1626; x_wconf 80' lang='lat' dir='ltr'>prefecerunt,</span> <span class='ocrx_word' id='word_1_511' title='bbox 1939 1587 1999 1617; x_wconf 91' lang='lat' dir='ltr'>tibi</span> <span class='ocrx_word' id='word_1_512' title='bbox 2014 1588 2177 1626; x_wconf 28' lang='lat' dir='ltr'>prestitam</span> <span class='ocrx_word' id='word_1_513' title='bbox 2195 1585 2298 1616; x_wconf 86' lang='lat' dir='ltr'>abba-</span> 
     </span>
     <span class='ocr_line' id='line_1_71' title="bbox 1283 1634 2299 1675; baseline -0.003 -8"><span class='ocrx_word' id='word_1_514' title='bbox 1283 1637 1364 1668; x_wconf 89' lang='lat' dir='ltr'>tiam</span> <span class='ocrx_word' id='word_1_515' title='bbox 1383 1645 1457 1667; x_wconf 89' lang='lat' dir='ltr'>cum</span> <span class='ocrx_word' id='word_1_516' title='bbox 1479 1637 1550 1675; x_wconf 87' lang='lat' dir='ltr'>ejus</span> <span class='ocrx_word' id='word_1_517' title='bbox 1564 1636 1774 1675; x_wconf 85' lang='lat' dir='ltr'>pertinentiis</span> <span class='ocrx_word' id='word_1_518' title='bbox 1795 1636 2014 1671; x_wconf 85' lang='lat' dir='ltr'>conferentes,</span> <span class='ocrx_word' id='word_1_519' title='bbox 2032 1637 2062 1665; x_wconf 88' lang='lat' dir='ltr'>et</span> <span class='ocrx_word' id='word_1_520' title='bbox 2082 1634 2299 1665; x_wconf 70' lang='lat' dir='ltr'>investientes</span> 
     </span>
    </p>
   </div>
   <div class='ocr_carea' id='block_1_16' title="bbox 1279 1689 2301 2261">
    <p class='ocr_par' dir='ltr' id='par_1_16' title="bbox 1279 1689 2301 2261">
     <span class='ocr_line' id='line_1_72' title="bbox 1284 1689 2299 1730; baseline -0.003 -9"><span class='ocrx_word' id='word_1_521' title='bbox 1284 1692 1314 1721; x_wconf 86' lang='lat' dir='ltr'>to</span> <span class='ocrx_word' id='word_1_522' title='bbox 1332 1700 1391 1730; x_wconf 79' lang='lat' dir='ltr'>por</span> <span class='ocrx_word' id='word_1_523' title='bbox 1407 1690 1543 1721; x_wconf 86' lang='lat' dir='ltr'>anulum</span> <span class='ocrx_word' id='word_1_524' title='bbox 1560 1690 1600 1720; x_wconf 89' lang='lat' dir='ltr'>de</span> <span class='ocrx_word' id='word_1_525' title='bbox 1616 1690 1742 1725; x_wconf 85' lang='lat' dir='ltr'>eodem,</span> <span class='ocrx_word' id='word_1_526' title='bbox 1760 1699 1887 1720; x_wconf 88' lang='lat' dir='ltr'>necnon</span> <span class='ocrx_word' id='word_1_527' title='bbox 1904 1689 2141 1728; x_wconf 71' lang='lat' dir='ltr'>curam-ipsius</span> <span class='ocrx_word' id='word_1_528' title='bbox 2164 1696 2299 1719; x_wconf 85' lang='lat' dir='ltr'>monas-</span> 
     </span>
     <span class='ocr_line' id='line_1_73' title="bbox 1284 1740 2298 1782; baseline -0.005 -8"><span class='ocrx_word' id='word_1_529' title='bbox 1284 1744 1359 1774; x_wconf 88' lang='lat' dir='ltr'>terii</span> <span class='ocrx_word' id='word_1_530' title='bbox 1377 1753 1403 1774; x_wconf 72' lang='lat' dir='ltr'>s.</span> <span class='ocrx_word' id='word_1_531' title='bbox 1423 1744 1550 1775; x_wconf 81' lang='lat' dir='ltr'>Urbani</span> <span class='ocrx_word' id='word_1_532' title='bbox 1566 1744 1627 1774; x_wconf 86' lang='lat' dir='ltr'>tibi</span> <span class='ocrx_word' id='word_1_533' title='bbox 1645 1745 1710 1773; x_wconf 85' lang='lat' dir='ltr'>tam</span> <span class='ocrx_word' id='word_1_534' title='bbox 1735 1743 1769 1774; x_wconf 90' lang='lat' dir='ltr'>in</span> <span class='ocrx_word' id='word_1_535' title='bbox 1785 1743 2024 1782; x_wconf 87' lang='lat' dir='ltr'>temporalibus</span> <span class='ocrx_word' id='word_1_536' title='bbox 2038 1750 2138 1781; x_wconf 76' lang='lat' dir='ltr'>quam</span> <span class='ocrx_word' id='word_1_537' title='bbox 2154 1741 2188 1771; x_wconf 91' lang='lat' dir='ltr'>in</span> <span class='ocrx_word' id='word_1_538' title='bbox 2202 1740 2298 1780; x_wconf 87' lang='lat' dir='ltr'>spiri-</span> 
     </span>
     <span class='ocr_line' id='line_1_74' title="bbox 1283 1794 2301 1836; baseline -0.003 -9"><span class='ocrx_word' id='word_1_539' title='bbox 1283 1798 1432 1828; x_wconf 81' lang='lat' dir='ltr'>tualibus</span> <span class='ocrx_word' id='word_1_540' title='bbox 1446 1798 1700 1832; x_wconf 85' lang='lat' dir='ltr'>committentes,</span> <span class='ocrx_word' id='word_1_541' title='bbox 1715 1799 1811 1836; x_wconf 88' lang='lat' dir='ltr'>prout</span> <span class='ocrx_word' id='word_1_542' title='bbox 1824 1797 1857 1827; x_wconf 91' lang='lat' dir='ltr'>in</span> <span class='ocrx_word' id='word_1_543' title='bbox 1871 1797 1990 1828; x_wconf 82' lang='lat' dir='ltr'>litteris</span> <span class='ocrx_word' id='word_1_544' title='bbox 2004 1796 2080 1826; x_wconf 84' lang='lat' dir='ltr'>inde</span> <span class='ocrx_word' id='word_1_545' title='bbox 2096 1794 2256 1826; x_wconf 89' lang='lat' dir='ltr'>confectis</span> <span class='ocrx_word' id='word_1_546' title='bbox 2268 1795 2301 1824; x_wconf 85' lang='lat' dir='ltr'>et</span> 
     </span>
     <span class='ocr_line' id='line_1_75' title="bbox 1285 1847 2298 1890; baseline -0.004 -9"><span class='ocrx_word' id='word_1_547' title='bbox 1285 1851 1464 1882; x_wconf 85' lang='lat' dir='ltr'>eorundem</span> <span class='ocrx_word' id='word_1_548' title='bbox 1485 1851 1706 1881; x_wconf 87' lang='lat' dir='ltr'>cardinalium</span> <span class='ocrx_word' id='word_1_549' title='bbox 1727 1850 1848 1890; x_wconf 73' lang='lat' dir='ltr'>sigillis</span> <span class='ocrx_word' id='word_1_550' title='bbox 1865 1850 2017 1884; x_wconf 86' lang='lat' dir='ltr'>munitis,</span> <span class='ocrx_word' id='word_1_551' title='bbox 2038 1849 2172 1888; x_wconf 82' lang='lat' dir='ltr'>plenius</span> <span class='ocrx_word' id='word_1_552' title='bbox 2193 1847 2298 1878; x_wconf 85' lang='lat' dir='ltr'>conti—</span> 
     </span>
     <span class='ocr_line' id='line_1_76' title="bbox 1286 1900 2300 1944; baseline -0.005 -9"><span class='ocrx_word' id='word_1_553' title='bbox 1286 1906 1391 1935; x_wconf 85' lang='lat' dir='ltr'>netur.</span> <span class='ocrx_word' id='word_1_554' title='bbox 1408 1905 1478 1935; x_wconf 73' lang='lat' dir='ltr'>Nos</span> <span class='ocrx_word' id='word_1_555' title='bbox 1496 1905 1598 1943; x_wconf 83' lang='lat' dir='ltr'>igitur</span> <span class='ocrx_word' id='word_1_556' title='bbox 1617 1905 1684 1935; x_wconf 88' lang='lat' dir='ltr'>tuis</span> <span class='ocrx_word' id='word_1_557' title='bbox 1711 1904 2012 1944; x_wconf 75' lang='lat' dir='ltr'>supplicationibus</span> <span class='ocrx_word' id='word_1_558' title='bbox 2028 1902 2192 1935; x_wconf 80' lang='lat' dir='ltr'>inclinati,</span> <span class='ocrx_word' id='word_1_559' title='bbox 2210 1900 2300 1940; x_wconf 82' lang='lat' dir='ltr'>quod</span> 
     </span>
     <span class='ocr_line' id='line_1_77' title="bbox 1284 1954 2299 1996; baseline -0.005 -8"><span class='ocrx_word' id='word_1_560' title='bbox 1284 1966 1342 1996; x_wconf 87' lang='lat' dir='ltr'>per</span> <span class='ocrx_word' id='word_1_561' title='bbox 1358 1958 1543 1988; x_wconf 85' lang='lat' dir='ltr'>cardinales</span> <span class='ocrx_word' id='word_1_562' title='bbox 1559 1958 1650 1996; x_wconf 90' lang='lat' dir='ltr'>ipsos</span> <span class='ocrx_word' id='word_1_563' title='bbox 1666 1957 1700 1987; x_wconf 86' lang='lat' dir='ltr'>in</span> <span class='ocrx_word' id='word_1_564' title='bbox 1715 1958 1774 1987; x_wconf 86' lang='lat' dir='ltr'>hac</span> <span class='ocrx_word' id='word_1_565' title='bbox 1791 1959 1882 1996; x_wconf 82' lang='lat' dir='ltr'>parte</span> <span class='ocrx_word' id='word_1_566' title='bbox 1897 1957 2021 1987; x_wconf 85' lang='lat' dir='ltr'>factum</span> <span class='ocrx_word' id='word_1_567' title='bbox 2036 1958 2096 1992; x_wconf 78' lang='lat' dir='ltr'>est,</span> <span class='ocrx_word' id='word_1_568' title='bbox 2114 1956 2222 1985; x_wconf 88' lang='lat' dir='ltr'>ratum</span> <span class='ocrx_word' id='word_1_569' title='bbox 2239 1954 2299 1984; x_wconf 85' lang='lat' dir='ltr'>ha-</span> 
     </span>
     <span class='ocr_line' id='line_1_78' title="bbox 1284 2008 2296 2049; baseline -0.003 -9"><span class='ocrx_word' id='word_1_570' title='bbox 1284 2011 1399 2041; x_wconf 88' lang='lat' dir='ltr'>bentes</span> <span class='ocrx_word' id='word_1_571' title='bbox 1415 2012 1443 2040; x_wconf 84' lang='lat' dir='ltr'>et</span> <span class='ocrx_word' id='word_1_572' title='bbox 1457 2012 1598 2049; x_wconf 80' lang='lat' dir='ltr'>gratum,</span> <span class='ocrx_word' id='word_1_573' title='bbox 1608 2011 1641 2040; x_wconf 90' lang='lat' dir='ltr'>id</span> <span class='ocrx_word' id='word_1_574' title='bbox 1654 2010 2037 2049; x_wconf 78' lang='lat' dir='ltr'>auctoritate&#39;apostolica</span> <span class='ocrx_word' id='word_1_575' title='bbox 2046 2008 2296 2042; x_wconf 81' lang='lat' dir='ltr'>confirmamus,</span> 
     </span>
     <span class='ocr_line' id='line_1_79' title="bbox 1284 2061 2298 2102; baseline -0.004 -9"><span class='ocrx_word' id='word_1_576' title='bbox 1284 2065 1314 2094; x_wconf 86' lang='lat' dir='ltr'>et</span> <span class='ocrx_word' id='word_1_577' title='bbox 1338 2064 1502 2102; x_wconf 70' lang='lat' dir='ltr'>presentis</span> <span class='ocrx_word' id='word_1_578' title='bbox 1522 2063 1637 2102; x_wconf 85' lang='lat' dir='ltr'>scripti</span> <span class='ocrx_word' id='word_1_579' title='bbox 1662 2063 1846 2102; x_wconf 83' lang='lat' dir='ltr'>patrocinio</span> <span class='ocrx_word' id='word_1_580' title='bbox 1872 2062 2130 2092; x_wconf 82' lang='lat' dir='ltr'>communimus.</span> <span class='ocrx_word' id='word_1_581' title='bbox 2148 2061 2298 2090; x_wconf 75' lang='lat' dir='ltr'>&#39;l‘enores</span> 
     </span>
     <span class='ocr_line' id='line_1_80' title="bbox 1283 2113 2300 2155; baseline -0.004 -9"><span class='ocrx_word' id='word_1_582' title='bbox 1283 2117 1469 2147; x_wconf 86' lang='lat' dir='ltr'>litterarum</span> <span class='ocrx_word' id='word_1_583' title='bbox 1479 2116 1627 2155; x_wconf 85' lang='lat' dir='ltr'>ipsarum</span> <span class='ocrx_word' id='word_1_584' title='bbox 1637 2125 1737 2155; x_wconf 82' lang='lat' dir='ltr'>super</span> <span class='ocrx_word' id='word_1_585' title='bbox 1754 2115 1978 2154; x_wconf 79' lang='lat' dir='ltr'>resignatione</span> <span class='ocrx_word' id='word_1_586' title='bbox 1990 2123 2026 2145; x_wconf 88' lang='lat' dir='ltr'>ac</span> <span class='ocrx_word' id='word_1_587' title='bbox 2039 2114 2232 2154; x_wconf 76' lang='lat' dir='ltr'>provisione</span> <span class='ocrx_word' id='word_1_588' title='bbox 2242 2113 2300 2143; x_wconf 88' lang='lat' dir='ltr'>bu-</span> 
     </span>
     <span class='ocr_line' id='line_1_81' title="bbox 1279 2166 2300 2209; baseline -0.004 -9"><span class='ocrx_word' id='word_1_589' title='bbox 1279 2170 1429 2209; x_wconf 83' lang='lat' dir='ltr'>jusmodi</span> <span class='ocrx_word' id='word_1_590' title='bbox 1443 2169 1682 2204; x_wconf 77' lang='lat' dir='ltr'>confectarum,</span> <span class='ocrx_word' id='word_1_591' title='bbox 1703 2169 1742 2199; x_wconf 89' lang='lat' dir='ltr'>de</span> <span class='ocrx_word' id='word_1_592' title='bbox 1761 2169 1862 2200; x_wconf 81' lang='lat' dir='ltr'>verbo</span> <span class='ocrx_word' id='word_1_593' title='bbox 1879 2168 2071 2199; x_wconf 75' lang='lat' dir='ltr'>adverbum</span> <span class='ocrx_word' id='word_1_594' title='bbox 2087 2166 2300 2207; x_wconf 82' lang='lat' dir='ltr'>presentibus</span> 
     </span>
     <span class='ocr_line' id='line_1_82' title="bbox 1283 2222 2062 2261; baseline -0.004 -8"><span class='ocrx_word' id='word_1_595' title='bbox 1283 2223 1386 2254; x_wconf 74' lang='lat' dir='ltr'>inseri</span> <span class='ocrx_word' id='word_1_596' title='bbox 1404 2223 1574 2257; x_wconf 80' lang='lat' dir='ltr'>facientes,</span> <span class='ocrx_word' id='word_1_597' title='bbox 1591 2231 1733 2261; x_wconf 82' lang='lat' dir='ltr'>quorum</span> <span class='ocrx_word' id='word_1_598' title='bbox 1749 2222 1879 2261; x_wconf 78' lang='lat' dir='ltr'>primus</span> <span class='ocrx_word' id='word_1_599' title='bbox 1895 2222 1971 2252; x_wconf 85' lang='lat' dir='ltr'>talis</span> <span class='ocrx_word' id='word_1_600' title='bbox 1989 2222 2039 2252; x_wconf 79' lang='lat' dir='ltr'>est</span> <span class='ocrx_word' id='word_1_601' title='bbox 2057 2231 2062 2250; x_wconf 93' lang='lat'>:</span> 
     </span>
    </p>
   </div>
   <div class='ocr_carea' id='block_1_17' title="bbox 1281 2354 2301 2924">
    <p class='ocr_par' dir='ltr' id='par_1_17' title="bbox 1281 2354 2301 2924">
     <span class='ocr_line' id='line_1_83' title="bbox 1282 2354 2299 2394; baseline 0 -9"><span class='ocrx_word' id='word_1_602' title='bbox 1282 2355 1337 2389; x_wconf 56' lang='lat'>2³2⁸«</span> <span class='ocrx_word' id='word_1_603' title='bbox 1355 2355 1520 2385; x_wconf 74' lang='lat' dir='ltr'>Omnibus</span> <span class='ocrx_word' id='word_1_604' title='bbox 1537 2356 1708 2393; x_wconf 78' lang='lat' dir='ltr'>presentes</span> <span class='ocrx_word' id='word_1_605' title='bbox 1720 2355 1846 2384; x_wconf 84' lang='lat' dir='ltr'>litteras</span> <span class='ocrx_word' id='word_1_606' title='bbox 1860 2354 2299 2394; x_wconf 82' lang='lat' dir='ltr'>inspecturis.miseratione</span> 
     </span>
     <span class='ocr_line' id='line_1_84' title="bbox 1281 2407 2300 2446; baseline -0.002 -7"><span class='ocrx_word' id='word_1_607' title='bbox 1281 2409 1396 2440; x_wconf 86' lang='lat' dir='ltr'>divina</span> <span class='ocrx_word' id='word_1_608' title='bbox 1408 2409 1508 2439; x_wconf 80' lang='lat' dir='ltr'>frater</span> <span class='ocrx_word' id='word_1_609' title='bbox 1522 2409 1631 2446; x_wconf 76' lang='lat' dir='ltr'>Hugo,</span> <span class='ocrx_word' id='word_1_610' title='bbox 1645 2407 1734 2438; x_wconf 84' lang='lat' dir='ltr'>tituli</span> <span class='ocrx_word' id='word_1_611' title='bbox 1751 2416 1777 2438; x_wconf 88' lang='lat' dir='ltr'>s.</span> <span class='ocrx_word' id='word_1_612' title='bbox 1789 2407 1912 2438; x_wconf 83' lang='lat' dir='ltr'>Sabine</span> <span class='ocrx_word' id='word_1_613' title='bbox 1926 2407 2105 2446; x_wconf 74' lang='lat' dir='ltr'>presbiter,</span> <span class='ocrx_word' id='word_1_614' title='bbox 2116 2411 2147 2438; x_wconf 80' lang='lat' dir='ltr'>et</span> <span class='ocrx_word' id='word_1_615' title='bbox 2159 2407 2300 2438; x_wconf 87' lang='lat' dir='ltr'>Octobo-</span> 
     </span>
     <span class='ocr_line' id='line_1_85' title="bbox 1282 2460 2299 2493; baseline -0.001 -2"><span class='ocrx_word' id='word_1_616' title='bbox 1282 2471 1345 2492; x_wconf 86' lang='lat' dir='ltr'>nus</span> <span class='ocrx_word' id='word_1_617' title='bbox 1361 2472 1388 2491; x_wconf 82' lang='lat' dir='ltr'>s.</span> <span class='ocrx_word' id='word_1_618' title='bbox 1406 2461 1545 2492; x_wconf 78' lang='lat' dir='ltr'>Adriani</span> <span class='ocrx_word' id='word_1_619' title='bbox 1558 2461 1719 2491; x_wconf 89' lang='lat' dir='ltr'>diaconus</span> <span class='ocrx_word' id='word_1_620' title='bbox 1733 2460 1931 2493; x_wconf 85' lang='lat' dir='ltr'>cardinales,</span> <span class='ocrx_word' id='word_1_621' title='bbox 1943 2460 2084 2490; x_wconf 88' lang='lat' dir='ltr'>salutem</span> <span class='ocrx_word' id='word_1_622' title='bbox 2096 2460 2129 2490; x_wconf 91' lang='lat' dir='ltr'>in</span> <span class='ocrx_word' id='word_1_623' title='bbox 2141 2460 2299 2491; x_wconf 88' lang='lat' dir='ltr'>Domino.</span> 
     </span>
     <span class='ocr_line' id='line_1_86' title="bbox 1282 2512 2301 2552; baseline 0 -9"><span class='ocrx_word' id='word_1_624' title='bbox 1282 2515 1417 2545; x_wconf 78' lang='lat' dir='ltr'>Noverit</span> <span class='ocrx_word' id='word_1_625' title='bbox 1425 2514 1628 2544; x_wconf 83' lang='lat' dir='ltr'>universitas</span> <span class='ocrx_word' id='word_1_626' title='bbox 1636 2513 1839 2552; x_wconf 85' lang='lat' dir='ltr'>vestraquod</span> <span class='ocrx_word' id='word_1_627' title='bbox 1847 2512 2301 2552; x_wconf 77' lang='lat' dir='ltr'>religiosiviri.fraterJoffri-</span> 
     </span>
     <span class='ocr_line' id='line_1_87' title="bbox 1281 2565 2301 2606; baseline -0.001 -9"><span class='ocrx_word' id='word_1_628' title='bbox 1281 2567 1528 2606; x_wconf 86' lang='lat' dir='ltr'>dus,quoudam</span> <span class='ocrx_word' id='word_1_629' title='bbox 1539 2567 1642 2597; x_wconf 81' lang='lat' dir='ltr'>abbas</span> <span class='ocrx_word' id='word_1_630' title='bbox 1654 2566 1846 2597; x_wconf 85' lang='lat' dir='ltr'>monasterii</span> <span class='ocrx_word' id='word_1_631' title='bbox 1855 2565 2301 2600; x_wconf 58' lang='lat' dir='ltr'>sAElichaelisNirdunensis</span> 
     </span>
     <span class='ocr_line' id='line_1_88' title="bbox 1281 2618 2299 2658; baseline -0.001 -8"><span class='ocrx_word' id='word_1_632' title='bbox 1281 2621 1436 2655; x_wconf 72' lang='lat' dir='ltr'>diocesis,</span> <span class='ocrx_word' id='word_1_633' title='bbox 1448 2622 1479 2650; x_wconf 87' lang='lat' dir='ltr'>et</span> <span class='ocrx_word' id='word_1_634' title='bbox 1490 2620 1590 2650; x_wconf 88' lang='lat' dir='ltr'>frater</span> <span class='ocrx_word' id='word_1_635' title='bbox 1599 2620 1770 2650; x_wconf 62' lang='lat' dir='ltr'>,lohannes</span> <span class='ocrx_word' id='word_1_636' title='bbox 1782 2620 1822 2650; x_wconf 85' lang='lat' dir='ltr'>de</span> <span class='ocrx_word' id='word_1_637' title='bbox 1837 2619 1987 2654; x_wconf 80' lang='lat' dir='ltr'>Menieri,</span> <span class='ocrx_word' id='word_1_638' title='bbox 1999 2620 2090 2658; x_wconf 89' lang='lat' dir='ltr'>prior</span> <span class='ocrx_word' id='word_1_639' title='bbox 2102 2619 2142 2650; x_wconf 86' lang='lat' dir='ltr'>de</span> <span class='ocrx_word' id='word_1_640' title='bbox 2154 2618 2299 2653; x_wconf 86' lang='lat' dir='ltr'>Ulmeto,</span> 
     </span>
     <span class='ocr_line' id='line_1_89' title="bbox 1282 2672 2299 2712; baseline -0.003 -8"><span class='ocrx_word' id='word_1_641' title='bbox 1282 2674 1437 2704; x_wconf 84' lang='lat' dir='ltr'>innostra</span> <span class='ocrx_word' id='word_1_642' title='bbox 1450 2673 1614 2712; x_wconf 76' lang='lat' dir='ltr'>presentia</span> <span class='ocrx_word' id='word_1_643' title='bbox 1627 2672 1809 2707; x_wconf 86' lang='lat' dir='ltr'>constituti,</span> <span class='ocrx_word' id='word_1_644' title='bbox 1819 2672 2092 2703; x_wconf 82' lang='lat' dir='ltr'>renuntiaverunt</span> <span class='ocrx_word' id='word_1_645' title='bbox 2105 2674 2137 2703; x_wconf 87' lang='lat' dir='ltr'>et</span> <span class='ocrx_word' id='word_1_646' title='bbox 2154 2672 2299 2710; x_wconf 85' lang='lat' dir='ltr'>resigna·</span> 
     </span>
     <span class='ocr_line' id='line_1_90' title="bbox 1281 2724 2300 2766; baseline -0.002 -9"><span class='ocrx_word' id='word_1_647' title='bbox 1281 2728 1401 2757; x_wconf 85' lang='lat' dir='ltr'>verunt</span> <span class='ocrx_word' id='word_1_648' title='bbox 1415 2726 1522 2766; x_wconf 76' lang='lat' dir='ltr'>plene,</span> <span class='ocrx_word' id='word_1_649' title='bbox 1535 2734 1702 2765; x_wconf 79' lang='lat' dir='ltr'>expresse,</span> <span class='ocrx_word' id='word_1_650' title='bbox 1721 2726 1823 2756; x_wconf 89' lang='lat' dir='ltr'>libere</span> <span class='ocrx_word' id='word_1_651' title='bbox 1839 2727 1870 2756; x_wconf 87' lang='lat' dir='ltr'>et</span> <span class='ocrx_word' id='word_1_652' title='bbox 1885 2726 2084 2765; x_wconf 87' lang='lat' dir='ltr'>simpliciter</span> <span class='ocrx_word' id='word_1_653' title='bbox 2095 2726 2129 2756; x_wconf 90' lang='lat' dir='ltr'>in</span> <span class='ocrx_word' id='word_1_654' title='bbox 2141 2724 2300 2756; x_wconf 84' lang='lat' dir='ltr'>manibus</span> 
     </span>
     <span class='ocr_line' id='line_1_91' title="bbox 1283 2778 2298 2818; baseline -0.003 -9"><span class='ocrx_word' id='word_1_655' title='bbox 1283 2779 1405 2809; x_wconf 82' lang='lat' dir='ltr'>nostris</span> <span class='ocrx_word' id='word_1_656' title='bbox 1424 2779 1656 2818; x_wconf 88' lang='lat' dir='ltr'>recipientium</span> <span class='ocrx_word' id='word_1_657' title='bbox 1684 2779 1943 2817; x_wconf 76' lang='lat' dir='ltr'>resignationem</span> <span class='ocrx_word' id='word_1_658' title='bbox 1959 2778 2153 2818; x_wconf 87' lang='lat' dir='ltr'>hujusmodi</span> <span class='ocrx_word' id='word_1_659' title='bbox 2167 2778 2207 2808; x_wconf 90' lang='lat' dir='ltr'>de</span> <span class='ocrx_word' id='word_1_660' title='bbox 2223 2783 2298 2816; x_wconf 82' lang='lat' dir='ltr'>spe·</span> 
     </span>
     <span class='ocr_line' id='line_1_92' title="bbox 1281 2828 2299 2871; baseline -0.003 -9"><span class='ocrx_word' id='word_1_661' title='bbox 1281 2832 1359 2862; x_wconf 87' lang='lat' dir='ltr'>ciali</span> <span class='ocrx_word' id='word_1_662' title='bbox 1387 2834 1418 2863; x_wconf 86' lang='lat' dir='ltr'>et</span> <span class='ocrx_word' id='word_1_663' title='bbox 1442 2840 1600 2871; x_wconf 83' lang='lat' dir='ltr'>expresso</span> <span class='ocrx_word' id='word_1_664' title='bbox 1633 2832 1789 2863; x_wconf 83' lang='lat' dir='ltr'>mandato</span> <span class='ocrx_word' id='word_1_665' title='bbox 1812 2832 2017 2863; x_wconf 85' lang='lat' dir='ltr'>sanctissimi</span> <span class='ocrx_word' id='word_1_666' title='bbox 2036 2832 2149 2871; x_wconf 70' lang='lat' dir='ltr'>pati-15,</span> <span class='ocrx_word' id='word_1_667' title='bbox 2167 2828 2299 2861; x_wconf 86' lang='lat' dir='ltr'>domini</span> 
     </span>
     <span class='ocr_line' id='line_1_93' title="bbox 1283 2883 2295 2924; baseline -0.003 -8"><span class='ocrx_word' id='word_1_668' title='bbox 1283 2885 1410 2916; x_wconf 83' lang='lat' dir='ltr'>Urbani</span> <span class='ocrx_word' id='word_1_669' title='bbox 1422 2894 1504 2924; x_wconf 87' lang='lat' dir='ltr'>pape</span> <span class='ocrx_word' id='word_1_670' title='bbox 1524 2885 1599 2920; x_wconf 86' lang='lat'>1111,</span> <span class='ocrx_word' id='word_1_671' title='bbox 1611 2885 1780 2924; x_wconf 71' lang='lat' dir='ltr'>supet-hoc</span> <span class='ocrx_word' id='word_1_672' title='bbox 1795 2885 1880 2916; x_wconf 86' lang='lat' dir='ltr'>facto</span> <span class='ocrx_word' id='word_1_673' title='bbox 1897 2885 1993 2916; x_wconf 89' lang='lat' dir='ltr'>nobis</span> <span class='ocrx_word' id='word_1_674' title='bbox 2009 2885 2049 2915; x_wconf 83' lang='lat' dir='ltr'>al)</span> <span class='ocrx_word' id='word_1_675' title='bbox 2066 2885 2138 2924; x_wconf 87' lang='lat' dir='ltr'>ipso</span> <span class='ocrx_word' id='word_1_676' title='bbox 2158 2883 2295 2915; x_wconf 82' lang='lat' dir='ltr'>oraculo</span> 
     </span>
    </p>
   </div>
  </div>
 </body>
</html>
