2547 3289
1062 243 1300 280 'suoislfssME
1327 244 1488 280 ANNEE.

2261 260 2319 289 195

238 330 351 368 ipsum
371 329 448 359 fecit
467 330 645 360 temerarie
660 332 861 363 consecrari,
879 332 1169 362 confirmationem
1188 332 1244 362 hu-
1277 353 1278 388 1
1308 341 1420 362 curam
1441 335 1472 363 et
1488 335 1755 372 procurationem
1783 336 1891 374 ipsius
1909 337 2050 367 ecclesie
2072 340 2139 367 tam
2169 339 2200 368 in
2218 340 2316 378 spiri—

234 383 384 421 jusmodi
427 384 458 412 et
492 391 624 412 omnem
669 385 845 414 memorati
889 385 1109 414 'l'reverensis
1149 385 1245 415 electi
1276 390 1278 434 t
1307 385 1458 415 tualibus
1476 396 1576 425 quain
1596 388 1841 425 teiupoialibus
1862 391 2070 427 presentium
2090 390 2185 420 vobis
2204 394 2315 422 aucto-

236 444 444 475 processum.
466 436 497 465 iu
523 436 582 465 liae
601 438 694 474 parte
714 437 826 467 taliter
851 439 1096 476 attemptatum,
1116 438 1154 467 de
1174 447 1246 476 pro-

236 489 400 519 dictorum
433 489 574 519 fratrum
609 491 800 519 nostrorum
831 491 984 526 consilio,
1013 492 1246 522 sententizindo

236 550 421 576 cassamus,
439 542 667 577 annullamus,
689 543 875 577 irritamus,
899 544 1002 573 immo
1031 553 1157 580 cassosy
1176 545 1246 574 nul·
1277 554 1278 557 ¹

236 594 287 624 105
304 597 336 624 et
356 594 470 624 irritos
498 595 705 631 nuntiamus,
732 595 940 626 declarantes
962 600 1144 628 memorato
1161 597 1246 636 Phy-

236 647 328 686 lippo
341 647 647 685 utipontificalibus
659 648 709 678 vel
723 657 880 678 exercere
894 649 1083 686 pontificale
1098 650 1246 680 officium

236 702 293 730 aut
322 701 651 731 administrationem
677 701 825 739 predicte
854 702 1016 731 Metensis
1042 702 1183 733 ecclesie
1215 704 1245 733 in

1277 460 1278 471 i
1308 438 1405 468 ritate
1428 440 1672 470 committimus
1698 442 1877 480 gerendam
1899 453 1916 472 a
1934 442 2041 479 vobis,
2059 444 2163 473 donec
2182 444 2221 474 de
2243 454 2315 482 pas-

1276 498 1278 542 t

1277 605 1279 641 t

1307 493 1378 521 tore
1410 492 1473 530 ipsi
1508 493 1648 523 ecclesie
1680 495 1837 524 canonice
1867 496 1911 524 sit
1944 496 2127 533 provisum.
2168 497 2316 536 Ideoque

1307 544 1502 575 discretioni
1534 548 1643 576 vestre
1667 556 1725 585 per
1750 548 1933 586 apostolica
1961 550 2085 587 scripta
2116 550 2316 579 mandamus

1308 598 1468 635 quatinus
1487 599 1604 629 devote
1628 600 1853 638 suscipientes
1875 610 1949 630 cum
1973 602 2093 631 tiducia
2119 603 2186 641 imp
2212 603 2315 633 situm

1309 649 1404 679 vobis
1421 659 1517 687 onus,
1546 662 1582 681 ac
1607 653 1859 683 summittentes
1885 654 2095 684 fortitudinis
2118 657 2229 685 vestre
2253 656 2318 685 col-

1277 716 1279 722 ·
1308 702 1378 732 111111
1396 704 1437 733 ad
1452 704 1643 742 hujusmodi
1664 706 1906 736 sollicitudinis
1926 708 2093 737 sarcinam
2123 710 2232 738 mente
2252 710 2316 738 sta-

236 753 473 792 spiritualibus
500 754 553 783 vel
584 753 832 792 temporalibus
857 762 972 792 gerere
996 763 1060 785 non
1084 755 1195 789 licere,
1216 758 1247 785 et
1277 762 1278 772 ¹

235 815 274 836 ne
289 806 437 844 predicta
448 808 633 845 exequatur
648 807 758 836 eidem
777 807 1025 837 sententialiter
1041 807 1244 838 inhibemus.

234 859 328 889 Nulli
355 867 432 897 ergo
464 862 577 889 nostre
608 859 823 894 cassationis,
853 860 1108 897 annullationis,
1138 861 1246 890 irrita-

233 912 348 948 tionis,
368 912 602 948 nuntiationis,
622 912 861 942 declarationis
883 915 915 942 et
942 913 1156 943 inhibitionis
1182 916 1243 944 etc.

234 965 358 995 Datum
379 965 467 1003 apud
486 965 775 1001 Urbemveterem,
807 975 862 995 vni
896 966 1060 996 kalendas
1086 966 1245 1002 octobris,

235 1026 320 1048 anno
333 1018 444 1048 tertio.
459 1030 472 1045 »

722 1124 846 1151 Orvieto,
864 1126 896 1151 27
915 1125 1078 1159 septembre
1099 1126 1172 1153 1203.

274 1199 312 1229 In
329 1208 356 1229 e.
376 1208 420 1229 111.
440 1199 610 1229 universis
628 1199 787 1230 vassallis
810 1200 973 1230 Metensis
997 1201 1150 1231 ecclesie.
1180 1202 1247 1231 Me-

233 1252 322 1283 tensi
351 1252 494 1282 ecclesia
522 1254 584 1283 etc.
615 1270 652 1274 —
680 1253 807 1283 Datum
833 1253 923 1292 apud
955 1254 1245 1291 Urbemveterem‚

235 1315 253 1335 v
271 1306 433 1336 kalendas
450 1305 609 1342 octobris
630 1314 717 1336 anno
734 1306 846 1336 tertio.

326 1480 397 1510 409

719 1479 844 1505 Ori-icto.
866 1481 900 1506 26
916 1479 1081 1513 septembre
1097 1480 1174 1507 12153.

271 1554 383 1580 Decauo
397 1556 425 1580 ct
436 1555 546 1580 cantori
561 1554 736 1581 Metcusibus
753 1563 853 1581 curam
871 1555 898 1581 in
912 1554 1110 1589 spiritualibus
1127 1558 1155 1582 et
1173 1558 1247 1582 tem-

236 1603 380 1638 poralibus
391 1603 530 1629 ecclcsiae
540 1603 674 1629 Metensis
690 1604 858 1630 committit.
869 1604 948 1639 tREc.
960 1606 1003 1631 28.
1015 1603 1065 1630 fol.
1082 1604 1104 1638 t,
1117 1612 1183 1631 aun.
1201 1605 1247 1639 ΙΙΙ,

237 1657 268 1679 n⁰
288 1653 343 1682 12.)

276 1770 291 1789 (1
306 1760 354 1795 S.‚
368 1759 491 1796 decano,
509 1766 534 1789 ee
552 1760 604 1795 P„
619 1760 738 1788 cantori
755 1760 947 1789 Metensibus.
967 1759 1128 1790 Debitum
1144 1760 1247 1790 officii

236 1813 343 1843 nostri
363 1831 409 1842 ——.
431 1813 515 1843 Cum
530 1813 632 1852 igitur
651 1822 712 1842 nos
730 1821 929 1851 processum
947 1813 1097 1849 Henrici,
1117 1813 1173 1851 qui
1187 1822 1247 1852 pro
1279 1847 1280 1858 ἶ

236 1866 437 1897 Treverensi
456 1866 562 1896 electo
588 1875 622 1896 se
641 1866 740 1905 gerit,
764 1866 852 1895 circa
881 1865 1056 1895 electionis
1076 1867 1247 1905 negotium

236 1920 317 1950 olim
331 1919 369 1949 de
382 1919 562 1958 Pbylippo,
575 1919 631 1957 qui
645 1928 705 1958 pro
723 1919 881 1957 episcopo
899 1919 1041 1948 Metelisi
1053 1928 1088 1949 se
1098 1919 1248 1957 gerebat,

235 1973 270 2002 in
285 1973 428 2003 Metensi
443 1972 586 2002 ecclesia
602 1971 780 2007 celebrate,
794 1971 947 2002 habitum
964 1974 1039 2010 post
1052 1972 1250 2010 appellatio·
1279 1987 1281 2018 4

236 2034 312 2057 nem
327 2028 463 2064 propter
484 2025 545 2055 1100
561 2025 600 2054 ad
619 2025 735 2055 sedem
752 2025 972 2063 apostolicam
992 2025 1201 2064 interjectam
1219 2028 1249 2056 et

236 2081 462 2117 present-atam
480 2078 590 2108 felicis
603 2078 847 2108 recordat-ionis
860 2078 1055 2108 Alexandro
1071 2087 1166 2117 pape,
1179 2087 1251 2117 pre—

236 2132 406 2163 decessori
424 2132 543 2167 nostri,
561 2141 597 2161 ac
611 2133 686 2170 post
706 2132 884 2162 citationes
903 2132 1056 2161 diversas
1077 2132 1182 2162 factas
1196 2141 1250 2162 su-

238 2195 295 2225 per
313 2186 374 2216 hoc
393 2186 425 2215 in
446 2185 617 2215 audientia
638 2185 773 2224 publica
801 2185 840 2215 de
869 2185 1027 2215 mandato
1050 2185 1163 2215 dilecti
1189 2186 1251 2215 tilii
1281 2208 1282 2212 ,

238 2240 344 2269 nostri
362 2240 413 2274 O.‚
426 2248 452 2269 s.
470 2239 573 2269 Marie
592 2240 625 2269 in
638 2239 700 2269 Via
714 2239 781 2269 lata
796 2239 929 2268 diaconi
943 2239 1250 2277 cardinalis„quem
1281 2247 1283 2250 ’

238 2293 347 2322 dictus
368 2292 584 2331 predecessor
601 2292 775 2330 deputavit
793 2300 895 2330 supet·
913 2292 971 2321 illa
987 2292 1181 2330 specialiter
1196 2301 1251 2322 au-

238 2346 393 2377 ditorem,
408 2345 543 2383 justitia
566 2346 732 2384 exigente,
761 2345 976 2381 cassandum,
1007 2345 1250 2375 annullandum

239 2402 270 2429 et
288 2398 491 2428 irritandum
516 2398 727 2432 duxerimus,
753 2399 856 2428 11111110
874 2399 987 2436 potius
1012 2406 1159 2434 cassum,
1179 2399 1251 2428 nul-

238 2452 308 2482 lum
325 2454 356 2481 et
374 2452 508 2481 irritum
528 2452 763 2485 nuntiandum⁷
783 2455 813 2481 et
836 2452 1124 2481 declaraverimus
1141 2452 1251 2481 eidem
1312 2470 1343 2491 „0
1363 2466 1420 2496 13.)

238 2505 395 2543 Philippo
415 2505 461 2534 uti
483 2504 733 2542 pontificalibus
752 2505 804 2534 vel
818 2513 975 2534 exercere
994 2505 1188 2543 pontificale
1207 2505 1251 2534 01-

239 2558 351 2588 11011110
371 2559 426 2587 aut
443 2557 775 2588 administrationem
793 2558 942 2596 predicte
968 2558 1132 2588 Metensis
1148 2558 1250 2588 eccle-

240 2612 288 2641 sie
306 2611 339 2641 in
353 2610 590 2649 spiritualibus
604 2611 657 2640 vel
669 2610 914 2649 temporalibus
932 2619 1045 2649 gerere
1056 2619 1121 2640 non
1136 2611 1249 2647 licere,

240 2667 272 2695 et
289 2673 329 2694 ne
348 2664 498 2702 predicta
510 2665 709 2702 exequatur,
728 2663 837 2693 eidem
855 2663 1104 2694 sententialiter
1120 2664 1251 2694 duxeri-

240 2726 316 2748 mus
336 2716 567 2752 inhibendum,
592 2719 692 2755 prout
708 2717 742 2746 in
761 2717 886 2746 litteris
913 2717 1121 2755 apostolicis,
1151 2725 1252 2755 super

239 2771 300 2802 hoc
318 2770 479 2801 confectis
504 2770 638 2808 plenius
670 2770 872 2805 continetur,
902 2778 963 2799 nos
990 2770 1141 2800 volentes
1167 2770 1252 2800 tales

241 2825 279 2854 ad
294 2824 404 2862 ipsius
417 2823 579 2853 Metensis
597 2823 737 2853 ecclesie
756 2823 946 2853 custodiam
971 2823 1145 2861 deputare,
1173 2832 1252 2861 quo-

242 2886 315 2908 rum
333 2877 481 2907 bonitate
492 2885 528 2906 ac
542 2876 654 2906 studio
666 2876 858 2915 preservari
876 2884 893 2905 a
904 2876 1028 2911 noxiis,
1044 2875 1084 2905 ad
1101 2875 1253 2905 salubria

241 2931 341 2970 dirigi
364 2932 395 2960 et
416 2930 449 2959 in
468 2929 641 2969 prosperis
663 2929 782 2968 possit,
806 2930 876 2959 Deo
899 2929 1057 2968 propitio,
1081 2929 1250 2967 ampliari,

1308 756 1368 785 bili
1387 757 1613 793 deserendam,
1635 768 1747 788 ruram
1767 761 1795 789 et
1819 761 2088 798 procurationem
2115 762 2223 799 ipsam
2243 762 2318 791 dili—

1278 830 1279 843 2
1308 811 1423 847 genter
1444 818 1559 848 gerere
1577 820 1613 840 ac
1634 811 1815 841 salubriter
1833 816 1862 842 et
1887 813 2015 842 utiliter
2032 823 2091 852 per
2114 823 2172 844 vos
2188 815 2238 844 vel
2260 824 2318 852 pur

1308 862 1412 891 alium
1429 871 1489 892 seu
1508 863 1593 893 :ilios
1612 865 1761 902 ydoneos
1780 865 1900 903 exequi
1927 866 2103 896 studeatis.
2124 867 2316 897 Contradic-

1308 916 1398 944 tores
1424 918 1486 945 etc.
1506 916 1579 946 Non
1602 917 1814 946 obstantibus
1829 935 1877 947 —.
1892 919 2015 948 Datum
2032 920 2120 957 apud
2139 920 2319 950 1111611111-Ἴ

1308 969 1425 1003 terem,
1444 977 1473 997 vi
1494 969 1656 999 kalendas
1674 970 1831 1001 octobris,
1846 980 1931 1000 anno
1950 972 2060 1001 tertio.
2083 983 2096 999 11

1348 1060 1386 1090 Ιο
1404 1069 1432 1090 e.
1453 1069 1497 1090 m.
1521 1061 1610 1091 clero
1628 1062 1777 1092 civitatis
1797 1066 1827 1092 et
1850 1063 1996 1093 diocesis
2015 1065 2230 1094 Metensium.
2257 1065 2319 1095 De-

1308 1112 1416 1143 bitum
1435 1114 1542 1144 nostri
1559 1115 1703 1153 requirit
1720 1132 1767 1145 —.
1787 1116 1911 1145 Datum
1930 1118 1965 1146 ut
1981 1125 2094 1155 supra.

1348 1166 1385 1196 In
1403 1175 1430 1196 e.
1450 1175 1494 1196 m.
1521 1168 1683 1206 magistro
1706 1168 1933 1204 scabinorum,
1959 1170 2119 1200 tredecim
2142 1171 2264 1209 juratis
2291 1173 2323 1201 et

1308 1220 1468 1250 universo
1486 1221 1611 1258 populo
1629 1221 1778 1251 civitatis
1796 1222 1969 1252 Metensis.
1988 1223 2113 1253 Datum
2133 1226 2166 1253 ut
2187 1232 2299 1262 supra.

1347 1272 1385 1302 In
1401 1281 1429 1302 e.
1450 1282 1494 1303 m.
1514 1274 1684 1304 universis
1707 1275 1866 1305 vassallis
1892 1277 1924 1305 et
1945 1275 2230 1306 ministerialibus
2256 1277 2323 1307 Me-

1308 1326 1415 1355 tensis
1431 1326 1584 1356 ecclesie.
1604 1327 1729 1357 Datum
1748 1329 1783 1357 ut
1804 1337 1916 1366 supra.

1347 1379 1385 1408 In
1405 1387 1433 1408 e.
1458 1388 1500 1409 m.
1526 1379 1631 1409 nobili
1656 1380 1729 1410 viro
1759 1404 1785 1409 ..
1817 1382 1932 1411 comiti
1960 1383 2131 1412 Barrensi.
2162 1382 2322 1413 Debitum

1308 1432 1415 1462 nostri
1434 1432 1577 1470 requirit
1593 1433 1696 1463 officii
1712 1435 1773 1463 etc.
1791 1443 1897 1473 usque
1913 1435 2100 1473 provisum.
2120 1436 2203 1466 Cum
2220 1436 2323 1474 igitur

1309 1494 1369 1516 nos
1395 1485 1490 1515 illam
1517 1494 1677 1525 geramus
1704 1487 1743 1516 de
1769 1489 1826 1517 tua
1852 1488 2030 1518 devotione
2056 1488 2212 1518 fiduciam
2235 1492 2269 1519 ut
2289 1489 2322 1518 in

1309 1538 1536 1577 adimplendis
1561 1539 1628 1569 hiis
1655 1549 1756 1578 super
1783 1541 1906 1579 quibus
1934 1544 1964 1571 te
1990 1542 2197 1580 requirimus
2223 1543 2322 1572 conti-

1309 1592 1437 1627 denter,
1457 1595 1635 1631 promptus
1656 1594 1803 1623 existere
1823 1593 1946 1624 debeas
1971 1596 2001 1624 et
2025 1596 2176 1633 paratus,
2200 1594 2322 1625 nobili-

1308 1647 1411 1675 tatem
1424 1647 1516 1675 tuam
1534 1646 1714 1684 rogandam
1728 1647 1889 1677 duximus
1904 1648 2066 1677 attentius
2079 1651 2108 1677 et
2122 1648 2321 1678 hortandam

1309 1698 1508 1728 mandantes
1542 1699 1703 1736 quatinus
1734 1700 1862 1729 eisdem
1896 1701 2021 1730 decano
2050 1703 2079 1731 et
2107 1701 2248 1735 cantori,
2280 1701 2321 1731 ob

1311 1752 1533 1781 reverentiam
1551 1752 1734 1790 apostolice
1753 1753 1844 1782 sedis
1865 1756 1896 1783 et
1914 1755 2075 1790 nostram,
2097 1754 2190 1784 sanis
2208 1755 2242 1784 in
2259 1754 2320 1784 hac

1310 1806 1403 1843 parte
1419 1805 1512 1834 adsis
1530 1805 1682 1835 consiliis
1700 1807 1729 1835 et
1751 1806 1891 1835 auxiliis
1908 1807 1937 1836 et
1958 1807 2128 1836 favoribus
2145 1808 2322 1846 oportunis

1279 1860 1280 1867 ¹
1310 1858 1465 1893 1155151115,
1491 1858 1536 1887 ita
1562 1858 1650 1896 quod
1681 1859 1745 1897 ipsi
1777 1868 1862 1888 011115
1890 1859 1938 1888 eis
1966 1868 1981 1889 a
2008 1859 2104 1889 nobis
2133 1860 2321 1898 injunctum

1279 1922 1280 1937 2
1309 1911 1517 1940 commodius
1534 1915 1565 1940 et
1584 1911 1705 1947 levius,
1728 1914 1785 1941 tuo
1803 1912 1850 1941 eis
1867 1913 2047 1943 assistente
2066 1913 2227 1951 presidio,
2247 1922 2324 1952 sup-

1310 1965 1443 2002 portare
1460 1963 1604 1999 valeant,
1630 1973 1757 2002 nosque
1786 1967 1842 1994 tue
1870 1965 2059 1995 devotionis
2087 1966 2323 2004 promptitudi-

1279 2023 1281 2052 ζ
1311 2029 1386 2051 nem
1397 2021 1508 2059 dignis
1522 2021 1643 2051 exinde
1659 2021 1691 2051 in
1702 2022 1847 2052 Domino
1863 2022 2020 2052 laudibus
2036 2024 2321 2057 cmnmendantes,

1280 2061 1281 2082 ³
1311 2074 1493 2113 condignas
1514 2073 1575 2104 tibi
1596 2077 1732 2113 propter
1750 2075 1809 2105 lio(¹
1827 2076 1954 2113 gratias
1974 2076 2172 2106 referamus.
2199 2078 2322 2107 Datum

1281 2150 1282 2153 1
1312 2130 1347 2158 ut
1371 2136 1483 2166 supra.
1507 2139 1519 2153 11

1402 2286 1474 2317 410

1802 2286 1926 2311 Orvicto.
1944 2287 1976 2312 2?
1992 2286 2156 2320 septembre
2174 2288 2248 2314 12t33.

1347 2368 1540 2403 Infrascriptis
1560 2371 1675 2395 mandat
1694 2369 1840 2396 absolutos
1864 2370 1996 2396 nuntient
2022 2373 2115 2396 certos
2140 2370 2321 2397 Florentinos

1312 2418 1346 2443 ad
1372 2418 1501 2444 eccles-iffi
1527 2419 1662 2444 mandata
1690 2419 1851 2445 redeuutes,
1877 2418 1954 2453 11160.
1978 2420 2021 2445 28,
2038 2418 2084 2445 t‘ol.
2102 2419 2118 2445 4
2133 2425 2169 2445 ψ’.
2188 2428 2255 2445 ann.
2276 2419 2321 2447 111.

1353 2570 1380 2587 «.
1415 2557 1515 2586 abbati
1531 2562 1632 2586 sancta
1662 2557 1812 2594 Getici-esc
1833 2557 2016 2586 l’urz’sicnsis
2043 2562 2070 2586 et
2097 2557 2269 2588 Perciuallo
2287 2558 2323 2588 de

1313 2611 1462 2645 Lucania,
1481 2609 1665 2649 cappellano
1691 2615 1803 2645 nosti-0,
1826 2610 1971 2639 canonico
1990 2610 2164 2649 Bajocensi.
2184 2611 2272 2642 Olim
2289 2612 2323 2642 in

1313 2664 1366 2693 die
1382 2664 1469 2693 Cene
1486 2663 1622 2693 Domini
1640 2663 1794 2701 proximo
1816 2663 1989 2701 preterito,
2010 2663 2101 2693 cives
2122 2664 2322 2701 Florenttni,

1313 2717 1370 2755 qui
1387 2717 1558 2746 civitatem
1574 2716 1807 2746 Florentinam
1825 2717 1884 2745 boc
1901 2718 2052 2754 tempore
2068 2717 2230 2753 detinent,
2247 2727 2321 2757 pre-

1314 2772 1407 2799 sente
1422 2771 1499 2799 tunc
1518 2769 1608 2798 tideli
1634 2769 1770 2807 populo,
1797 2769 1974 2799 manifeste
1992 2770 2187 2800 monuimus
2204 2771 2322 2810 eisque

1313 2822 1499 2861 apostolica
1520 2822 1718 2851 auctoritate
1737 2822 1889 2851 districte
1913 2822 2138 2860 precepimus,
2156 2826 2189 2854 ut
2216 2833 2323 2863 usque

1314 2876 1353 2906 ad
1373 2883 1519 2913 sequens
1534 2876 1613 2904 tunc
1633 2874 1756 2905 festum
1774 2875 1994 2905 Ascensionis
2022 2876 2210 2913 Dominice‚
2234 2878 2323 2916 quod

1315 2936 1373 2967 pro
1406 2927 1633 2966 peremptorio
1665 2927 1715 2957 eis
1743 2927 1942 2966 111-6115110115
1968 2929 2125 2965 termino,
2161 2928 2202 2958 ab
2232 2930 2322 2960 omni
