2547 3289
954 231 1193 269 TRoisIEME
1225 233 1386 270 anxiis.

133 329 151 350 )›
169 320 416 351 sententialiter
454 320 666 359 pronuntiari
699 320 867 358 predictas
897 320 1143 359 appellationes

133 382 150 402 »
169 382 244 404 esse
265 375 295 403 et
312 373 418 403 fuisse
436 373 577 403 frivolas
593 375 625 403 et
644 373 773 407 inanes,
795 376 827 403 et
844 373 928 411 ipsis
946 374 1143 412 appellatio-

133 436 150 456 »
166 426 268 456 nibus
286 435 352 456 non
371 426 596 462 obstantibus,
619 426 804 465 predictam
820 427 1068 456 ordinationem
1083 435 1143 456 seu

135 488 152 509 >›
168 480 372 510 sententiam
390 480 470 510 dicti
487 479 641 518 magistri
657 479 780 509 Mathei
797 479 867 509 fore
883 479 1071 509 executioni
1090 480 1143 509 de-

133 542 150 562 »
167 533 405 566 mandandam,
436 533 616 572 ipsumque
638 533 681 562 H.
705 532 757 562 vel
777 534 1027 570 procuratorem
1044 541 1141 561 suum

134 594 150 615 »
169 586 203 615 in
217 587 470 624 possessionem
485 585 665 624 prebende,
678 594 741 624 que
757 585 903 615 secundo
918 585 989 614 loco
1000 584 1141 619 vacavit,

132 639 394 668 »inducendum
421 641 451 668 et
471 639 645 668 inductum
674 638 934 673 defendendum,
964 638 1142 675 ipsumque

133 700 149 720 »
169 692 357 721 Grerardum
382 692 423 721 ad
447 691 695 722 restituendum
722 691 849 720 eisdem
878 691 919 719 H.
956 690 1142 728 predictam

132 753 149 773 »
166 744 372 783 prebendam
389 754 464 774 cum
488 743 655 774 fructibus
678 744 846 782 perceptis
868 743 920 773 vel
941 743 996 781 qui
1013 743 1142 781 percipi
1172 751 1174 784 j

131 805 148 826 »
166 799 359 835 potuerunt,
385 805 469 835 quos
496 797 637 826 extimat
663 796 686 825 C
708 804 838 825 marcas
863 795 1004 833 argenti,
1024 795 1142 825 dictos-

131 858 148 879 »
165 858 229 888 que
257 850 432 885 decanum,
464 849 649 887 capitulum
676 850 708 878 et
735 848 923 878 (ierardum
950 848 983 877 in
1008 849 1141 878 centum

130 911 148 932 »
164 903 287 932 marcis
307 902 435 940 argenti
450 910 510 940 pro
526 901 686 940 expensis
702 901 778 931 inde
796 901 894 931 factis
912 910 971 939 per
987 910 1046 930 vos
1064 901 1141 936 sibi,

130 955 395 994 »procuratorio
414 955 550 984 nomine
570 954 650 984 dicti
672 954 823 990 Henrici‚
844 956 875 984 et
900 963 959 992 per
975 963 1051 984 eum
1076 954 1141 992 ipsi

130 1017 147 1037 »
162 1008 205 1038 H.
225 1008 473 1038 sententialiter
487 1007 741 1046 condempnari.
761 1015 777 1035 »

168 1070 186 1091 ((
202 1060 388 1090 Memorato
402 1061 542 1099 insuper
551 1060 676 1090 decano
687 1059 953 1090 Cathalaunensi
966 1068 1001 1089 se
1016 1060 1057 1089 ad
1069 1069 1142 1098 par-
1172 1077 1173 1087 i

127 1114 180 1144 tes
196 1113 282 1144 alias
298 1113 536 1148 transferente,
556 1122 617 1143 nos
638 1113 765 1143 dictum
788 1113 960 1152 negotium
978 1113 1140 1152 magistro

127 1166 313 1206 Delfinatfi]
337 1167 376 1197 de
393 1167 549 1205 Neapoli,
566 1166 695 1196 domini
714 1175 798 1204 pape
815 1166 990 1205 capellano
1003 1175 1039 1196 ac
1053 1167 1140 1204 ejus-

127 1220 205 1250 dem
228 1220 348 1259 palatii
372 1220 522 1259 generali
547 1219 694 1249 auditori
716 1228 907 1254 (ansarum,
928 1219 1141 1249 conimitten-
1171 1249 1172 1257 ¹

127 1273 208 1303 dum
235 1273 409 1309 duximus,
434 1273 532 1303 nobis
554 1275 667 1303 tamen
691 1272 872 1303 diffinitiva
904 1273 1069 1303 sententia
1091 1282 1140 1303 re-

126 1327 272 1356 servata.
283 1326 347 1362 Qui
358 1326 519 1365 magister
528 1326 690 1361 Delfinas,
703 1325 815 1356 citatis
826 1326 949 1355 iterum
960 1326 993 1355 in
1005 1326 1140 1364 publica

127 1379 299 1409 audientia
327 1379 449 1417 primo,
477 1379 623 1408 secundo
651 1380 681 1409 et
712 1379 813 1408 tertio
841 1379 970 1416 prefato
989 1379 1139 1409 Gerardo

125 1440 256 1462 necnon
275 1432 399 1462 decano
417 1433 448 1462 et
473 1431 618 1470 capitulo
635 1431 862 1462 Lobiensibus
879 1431 930 1461 vel
948 1434 1141 1470 procurato—

126 1484 223 1515 ribus
238 1485 434 1519 eorundem,
453 1485 482 1514 si
500 1485 557 1523 qui
572 1486 684 1515 essent
704 1485 738 1514 in
756 1485 860 1521 curia,
874 1486 905 1515 et
921 1485 1138 1523 quibuscum-

125 1546 190 1576 que
209 1537 288 1568 aliis
315 1538 373 1576 qui
392 1546 453 1568 sua
478 1537 653 1568 crederent
680 1538 857 1574 interesse,
879 1538 920 1567 ad
947 1540 1057 1568 certos
1074 1540 1138 1568 ter-

125 1592 238 1621 minos
255 1591 326 1630 jam
350 1591 497 1630 elapsos,
518 1600 593 1621 cum
615 1591 731 1621 nullus
756 1600 817 1629 pro
835 1592 930 1629 parte
955 1592 1138 1621 eorundem

123 1645 335 1683 compareret
352 1646 549 1682 procurator
567 1644 619 1674 vel
642 1643 810 1679 defensor,
827 1644 859 1673 in
881 1645 1010 1674 eisdem
1025 1645 1138 1674 termi-
1168 1659 1169 1662 =

123 1697 189 1733 nis,
200 1706 260 1736 pro
272 1698 367 1736 parte
378 1697 458 1727 dicti
474 1698 516 1727 H.
531 1697 619 1727 dicto
633 1697 819 1727 Guillelmo
831 1699 1047 1736 procuratore
1063 1707 1135 1734 suo,
1168 1724 1169 1730 ,

124 1751 276 1790 legitime
293 1753 521 1789 comparente,
540 1750 765 1788 conclusoque
784 1750 818 1780 in
836 1751 911 1789 ipso
928 1751 1061 1789 negotio
1078 1760 1138 1789 per

123 1804 270 1834 eundem
301 1804 525 1834 Guillelmum
553 1805 809 1842 procuratorem
833 1804 943 1842 ipsius
971 1804 1027 1838 H.‚
1047 1804 1136 1834 idem

121 1857 287 1896 magister
301 1857 465 1893 Deltinas‚
483 1857 652 1887 discussis
674 1857 784 1896 ipsius
803 1865 903 1887 cause
921 1858 1065 1892 meritis,
1085 1858 1139 1888 lit-

120 1911 217 1947 teris,
240 1910 324 1941 actis
351 1912 383 1940 et
406 1910 630 1940 munimentis
651 1918 711 1948 pro
740 1911 835 1948 parte
859 1911 937 1940 dicti
962 1911 1002 1940 H.
1024 1919 1137 1941 corani

121 1963 197 2002 ipso
222 1963 408 2002 productis,
437 1963 617 2002 diligenter
641 1963 858 1998 examinatis,
882 1963 980 1993 nobis
1008 1964 1047 1993 de
1064 1973 1136 2002 pre-

121 2016 222 2047 dictis
242 2016 402 2046 omnibus
418 2017 449 2046 et
468 2016 614 2055 singulis
629 2016 831 2046 relationem
848 2016 926 2046 fecit
944 2016 1090 2047 fideliter
1105 2018 1136 2047 et

119 2070 315 2108 prudenter.
332 2070 443 2105 Quare
459 2078 520 2107 pro
534 2071 629 2107 parte
644 2069 686 2098 H.
705 2069 883 2099 memorati
902 2069 963 2100 fuit
977 2079 1052 2100 cum
1069 2071 1136 2099 ins—

120 2123 226 2153 tantia
244 2123 388 2161 petitum
405 2131 423 2152 a
446 2122 545 2152 nobis
571 2124 605 2152 ut
634 2122 822 2161 predictum
843 2123 1016 2162 negotium
1038 2122 1135 2153 debe-

120 2184 236 2206 remus
263 2175 442 2205 diffinitive
469 2175 635 2205 sententie
664 2175 794 2205 calculo
822 2175 1015 2206 terminare.
1040 2176 1135 2206 Visis

119 2229 224 2268 igitur
250 2230 282 2258 et
300 2228 481 2259 intellectis
505 2228 641 2266 juribus
663 2230 695 2258 et
720 2228 910 2258 rationibus
936 2229 1017 2259 dicti
1034 2230 1078 2259 H.
1097 2238 1134 2259 ac

119 2282 233 2312 citatis
250 2281 393 2320 prefatis
410 2281 548 2316 decano,
566 2281 714 2319 capit-ulo
732 2283 763 2311 et
779 2281 930 2312 Gerardo
946 2282 999 2312 vel
1018 2292 1134 2321 procu-

119 2334 289 2366 ratoribus
302 2335 467 2373 ipsorum,
479 2334 509 2364 si
519 2334 577 2373 qui
587 2336 700 2364 essent
711 2334 745 2364 in
759 2334 863 2371 curia,
876 2335 917 2364 ad
929 2336 1133 2366 sententian]

119 2388 334 2424 audiendam,
366 2387 447 2426 quia
472 2388 507 2417 in
534 2387 706 2426 assignato
733 2387 783 2417 eis
807 2388 953 2418 termino
979 2397 1038 2419 nec
1066 2389 1132 2428 ipsi

117 2449 179 2472 nec
205 2441 312 2479 aliqui
336 2441 573 2479 procuratores
601 2441 766 2479 ipsorum,
792 2449 828 2470 ac
855 2443 930 2480 post
949 2442 1132 2473 terminum

117 2494 287 2533 expectati
312 2493 441 2524 diutius
463 2502 656 2532 comparere
680 2495 851 2530 curarunt,
878 2503 951 2530 nos,
978 2495 1131 2533 ipsorum

117 2547 308 2578 absentiam
327 2547 391 2577 Dei
410 2546 561 2585 replente
579 2547 763 2585 presentia,
783 2547 1032 2578 sententialiter
1056 2558 1131 2587 pro—

116 2600 315 2630 nuntiamus
333 2600 538 2630 sententiam
558 2608 618 2629 seu
635 2599 883 2630 ordinationem
902 2601 1044 2639 predicti
1064 2611 1132 2633 ma-

116 2653 216 2693 gistri
237 2652 375 2689 Mathei,
397 2652 684 2691 appellationibus
703 2661 762 2691 per
783 2653 910 2684 dictum
929 2654 1129 2691 Gerardum,

117 2715 179 2737 suo
192 2708 224 2737 et
233 2705 466 2746 procuratorio
482 2706 617 2737 nomine
629 2706 796 2736 dictorum
806 2707 922 2737 decani
933 2709 965 2738 et
977 2708 1128 2747 capituli,

116 2759 342 2798 interpositis,
378 2767 592 2798 nequaquam
619 2758 846 2797 obstantibus,
878 2762 1046 2799 quatenus
1068 2771 1130 2801 pro

117 2813 206 2843 dicto
222 2813 265 2843 H.
283 2812 352 2843 lata
369 2812 493 2849 extitit,
512 2812 704 2842 executioni
717 2812 829 2843 debite
846 2813 1128 2851 demandandam,

116 2875 154 2897 ac
175 2866 291 2905 ipsum
310 2865 351 2895 H.
377 2866 411 2895 in
429 2865 681 2904 possessionem
703 2865 871 2904 prebende
893 2876 956 2906 que
981 2869 1128 2900 secundo

115 2919 190 2950 loco
204 2918 336 2949 vacavit
348 2918 382 2948 in
394 2919 580 2949 memorata
592 2919 744 2956 ecclesia,
754 2920 991 2958 inducendum,
1001 2921 1128 2952 dictum

2154 249 2214 279 485

1205 322 1403 356 Gerardum,
1425 323 1633 354 detentorem
1657 325 1777 363 ipsius,
1799 326 1839 356 :ut
1859 327 2105 359 restitutionem
2126 331 2212 368 cjus-

1205 375 1278 404 dcni
1298 375 1466 413 prebende
1485 377 1572 406 dicto
1593 378 1634 407 H.
1655 378 1840 409 faciendam
1858 389 1933 410 cum
1953 381 2118 411 fructibus
2138 383 2213 413 indo

1204 428 1382 466 perceptis,
1403 429 1641 460 nichilominus
1664 432 1959 470 condempnantes.
1987 435 2139 474 Insuper,
2161 437 2214 466 ‹le—

1204 488 1336 516 canum,
1359 482 1543 519 capitulum
1568 485 1598 512 et
1625 484 1811 514 Gcrarduni
1840 486 2009 523 predictos
2038 488 2069 517 in
2093 490 2211 527 viginti

1204 532 1302 562 libris
1334 536 1455 569 turon,
1475 544 1699 573 expensarum
1730 539 1875 574 nomine,
1899 540 2070 570 taxati‹1›nc
2099 544 2213 573 nostra

1204 585 1379 624 prehabita
1400 589 1430 616 et
1455 588 1646 625 juramento
1678 593 1904 627 procuratoris
1929 593 2007 623 dicti
2028 595 2068 624 lt.
2098 594 2212 625 subse-

1205 640 1292 673 cuto,
1309 640 1523 677 postmodum
1539 642 1836 680 ceiidempnamus.
1853 645 1935 675 Lata
1951 649 1978 675 ct
2000 648 2137 677 recitata
2152 648 2210 678 suit

1173 697 1174 720 ζ
1204 691 1262 720 he(-
1282 694 1447 722 sententia
1464 694 1550 731 apud
1569 695 1855 728 [Tr]·‹1*mr‹i¹tercm.
1872 698 1903 727 in
1921 708 2051 730 cantora
2071 701 2210 739 predicti

1204 743 1331 774 domini
1357 746 1388 775 J.
1421 747 1623 781 cardinalis,
1652 758 1737 778 anno
1771 751 1905 780 Domini
1936 752 2119 783 millesimo
2146 757 2212 783 (ΣΗ

1205 795 1338 830 Lxllr,
1363 797 1544 828 indictione
1569 801 1653 837 Vlla,
1685 810 1799 832 mense
1830 804 2023 834 novembris
2046 816 2116 835 vnn
2146 807 2210 841 dic,

1204 849 1418 886 pontificatus
1436 851 1563 881 domini
1579 853 1705 883 [Ji-bani
1725 863 1809 893 pape
1827 856 1893 886 IIII
1912 866 1997 886 anno
2015 859 2124 895 tertio,
2142 869 2213 898 prc-

1204 902 1357 932 sentibus
1374 903 1441 933 hiis
1469 905 1615 935 testibus
1635 907 1751 937 adhoc
1779 909 1906 938 vocatis
1926 912 1957 939 ct
1981 912 2119 949 rogatis,
2144 922 2212 942 ma-

1203 954 1309 993 gistro
1326 956 1470 987 Martino
1488 957 1612 988 decano
1627 960 1852 994 Zamorrensi,
1868 962 2019 993 ‚Iohanne
2036 965 2075 993 de
2090 965 2211 995 Rom-a.

1172 1001 1173 1009 ¹
1217 1009 1384 1039 {euertit-to
1401 1010 1440 1040 de
1457 1012 1603 1049 Aquino,
1626 1013 1863 1044 Barttioloineo
1882 1015 1921 1044 de
1937 1016 2071 1046 'surano
2088 1020 2118 1047 et
2138 1019 2211 1057 Egi-

1203 1061 1257 1091 dio
1278 1064 1406 1092 rectore
1424 1064 1564 1094 ecclesie
1586 1066 1691 1095 sancti
1714 1067 1802 1096 Petri
1821 1067 1852 1096 in
1869 1068 2097 1099 Semita-Lata
2112 1072 2214 1100 Ain-0-

1202 1114 1361 1151 lianensi,
1391 1117 1576 1155 capellanis
1602 1119 1723 1156 prefati
1752 1120 1880 1150 domini
1904 1122 1931 1151 J.
1963 1123 2157 1157 cardinalis,
2181 1127 2210 1154 et

1202 1168 1365 1206 magistro
1389 1170 1573 1200 Guillelmo
1598 1172 1865 1210 Pampilonensi,
1887 1175 2059 1212 capellano
2079 1185 2214 1206 venera-

1201 1220 1283 1251 bilis
1301 1222 1407 1260 patris
1424 1223 1552 1253 domini
1570 1225 1750 1257 willelmi,
1770 1226 1861 1256 tituli
1879 1228 1986 1257 sancti
2004 1229 2107 1259 Marci
2123 1239 2215 1268 pres-

1200 1273 1301 1304 bIteri
1320 1276 1514 1306 cardinalis.
1533 1279 1563 1307 et
1583 1278 1732 1308 Gerardo
1753 1279 1793 1309 de
1811 1280 1981 1310 Florentia
2000 1283 2142 1313 notario.
2162 1284 2213 1313 Ad

1201 1327 1365 1366 majorem
1391 1331 1504 1359 autem
1531 1330 1631 1369 hujus
1661 1332 1708 1361 rei
1740 1333 1944 1363 evidentiam
1973 1336 2003 1364 et
2033 1336 2210 1367 cautelam.

1170 1392 1172 1411 s
1200 1381 1373 1418 predictus
1406 1383 1563 1413 dominus
1597 1385 1627 1414 J.
1664 1385 1847 1416 cardinalis
1879 1387 1956 1417 huic
1986 1388 2212 1419 instrumento

1202 1433 1336 1472 publico
1356 1444 1454 1465 sunm
1473 1436 1550 1466 fecit
1568 1437 1719 1476 sigillum
1738 1440 1873 1477 apponi.
1894 1441 1936 1470 Et
1953 1450 2012 1479 ego
2028 1442 2212 1481 Gregorius

1201 1487 1241 1517 de
1260 1488 1419 1526 Piperno,
1439 1491 1552 1520 sancte
1578 1491 1728 1522 Romane
1750 1493 1891 1523 ecclesie
1909 1495 2120 1529 scriniarius,
2138 1505 2212 1534 pre-

1200 1540 1300 1570 dictis
1318 1541 1475 1572 omnibus
1502 1543 1640 1573 interfui
1660 1546 1691 1574 et
1710 1553 1747 1574 ea
1765 1546 1877 1575 omnia
1895 1547 1934 1576 (le
1963 1548 2121 1578 mandato
2139 1557 2210 1586 pre-

1199 1594 1281 1623 dicti
1298 1594 1426 1625 domini
1453 1597 1480 1625 J.
1508 1597 1690 1627 cardinalis
1712 1599 1833 1637 scripsi
1858 1601 1887 1629 et
1907 1600 1940 1629 in
1957 1600 2126 1638 publicam
2150 1602 2214 1632 for-

1200 1656 1290 1676 mam
1316 1648 1439 1687 redegi,
1461 1650 1629 1688 complevi
1649 1653 1679 1681 et
1699 1651 1830 1690 signavi
1849 1655 1997 1691 rogatus.
2018 1663 2034 1682 »

1241 1714 1335 1744 Nulli
1364 1724 1441 1754 ergo
1471 1718 1585 1747 nostre
1603 1718 1869 1749 confirmationis
1898 1722 1957 1750 etc.
1978 1721 2102 1751 Datum
2122 1722 2211 1760 apud

1201 1767 1490 1806 Urbemx’eterem,
1511 1779 1552 1799 xn
1571 1770 1734 1801 kalendas
1753 1773 1878 1808 martii,
1898 1781 1984 1804 anno
2002 1774 2110 1804 tertio.
2129 1784 2145 1803 »

1286 1992 1359 2023 993

1745 1995 1870 2027 Orricto,
1892 1998 1922 2023 1¹.)
1938 1997 2042 2024 t‘cvrier
2061 1999 2136 2025 1202.

1232 2084 1336 2111 Abbati
1348 2086 1382 2111 dc
1401 2085 1541 2113 Merroliis
1553 2086 1699 2121 praefatae
1713 2089 1870 2116 committit
1886 2091 2083 2117 executionem
2096 2095 2210 2118 senten-

1196 2133 1264 2160 tiae.
1285 2134 1363 2169 (Rati.
1381 2135 1425 2165 ἐξ),
1447 2134 1494 2161 t'ol.
1518 2137 1563 2169 23,
1580 2141 1610 2161 11⁰
1624 2136 1681 2164 41.)

1236 2260 1250 2275 «
1271 2273 1290 2278 ,,
1305 2249 1408 2278 abbati
1424 2249 1460 2279 cl«)
1473 2250 1636 2288 ,Uer-foliis,
1650 2251 1876 2282 Cameracensis
1885 2253 2020 2284 diocesis.
2032 2255 2074 2286 Ijt
2089 2264 2206 2287 eorum

1195 2310 1258 2340 que
1287 2321 1335 2332 —.
1364 2303 1489 2334 Datum
1524 2305 1612 2342 apud
1644 2305 1931 2344 [frljemveterenn
1964 2317 2007 2337 ΧΗ
2043 2309 2205 2340 kalendas

1194 2356 1320 2392 martii,
1339 2365 1426 2387 anno
1442 2357 1553 2388 tertio.
1572 2367 1589 2387 )›

1281 2569 1355 2600 994
1741 2569 1862 2598 Orvicto,
1882 2571 1914 2598 10
1930 2570 2036 2599 ferrici·
2052 2573 2130 2600 mot.

1228 2661 1396 2697 Raymundo
1409 2663 1443 2689 dc
1461 2662 1557 2689 Crosis
1573 2663 1774 2690 canonicatum
1786 2667 1812 2690 et
1827 2665 2021 2698 praebendam
2034 2675 2048 2692 a
2062 2666 2200 2701 Guidonc,

1191 2710 1326 2745 episcopo
1341 2710 1503 2744 Sabinensi,
1519 2711 1546 2738 in
1561 2711 1682 2738 ecclesia
1698 2711 1868 2745 Lodovcnsi,
1883 2713 2012 2748 ejusdem
2025 2714 2200 2744 Lodovensis

1190 2759 1319 2794 episcopi
1339 2762 1367 2786 et
1383 2759 1500 2794 capituli
1516 2760 1644 2792 nominc,
1665 2760 1794 2793 collatos,
1815 2762 1978 2789 confirmat.
1991 2764 2070 2793 (luzo.
2086 2764 2130 2797 29,
2149 2763 2199 2794 sol,

1189 2810 1234 2841 23,
1250 2813 1281 2835 11⁰
1291 2808 1352 2842 42.)
