2547 3289
994 221 1233 260 TssoisOEME
1259 221 1421 259 ANNEE,

165 324 294 346 necnon
312 318 341 346 et
371 316 410 346 (16
430 316 603 346 voluntate
630 316 661 346 et
686 323 827 345 assensu
854 315 1005 353 ipsarum
1028 314 1175 351 partium

166 369 214 399 sic
231 369 319 399 inter
337 377 394 399 eas
419 377 478 407 pro
498 368 586 399 bono
602 368 694 406 pacis
718 369 749 397 et
771 367 947 396 concordie
966 366 1175 401 ordinamus,

165 422 323 456 dicimus,
343 422 538 454 statuimus,
552 429 588 451 ac
607 421 709 451 etiam
728 419 943 454 arbitramur,
961 419 1048 457 quod
1068 418 1178 447 dictus

165 475 358 505 Bernardus
386 475 425 504 de
452 474 577 505 Olorda
600 473 785 511 predictam
807 472 997 502 sacristiam
1019 471 1178 509 deinceps

164 527 283 557 habeat
303 530 331 557 et
348 527 469 557 habere
487 526 617 562 debeat,
637 534 712 556 cum
731 525 889 555 omnibus
907 525 980 554 suis
996 524 1132 562 juribus
1147 524 1179 553 et

164 580 392 619 pertinentiis,
414 579 551 618 pacifice
570 580 601 609 et
621 579 746 617 quiete,
767 587 866 617 quam
885 586 943 615 per
964 579 1111 607 nostram
1130 585 1180 605 or·

164 633 372 663 (linationem
403 641 462 662 seu
488 632 666 662 arbitrium
686 631 918 669 adjudicamus
937 630 1056 664 eidem,
1078 639 1114 659 ac
1133 631 1179 667 ip-

165 695 240 716 sum
270 685 473 715 investimus
491 693 550 723 per
569 686 722 714 nostrum
743 684 882 713 anulum
902 684 942 713 de
959 683 1087 713 eadem.
1107 691 1179 720 pre-

165 792 339 821 silentium
361 792 586 829 imponentes,
610 792 647 820 ut
664 790 791 820 dictum
814 790 848 819 Γ».
870 789 1047 819 sacristam
1076 788 1181 818 nulla-

164 847 263 874 tenus
281 844 389 874 valeat
409 844 448 873 de
467 844 541 882 ipsa
559 843 593 872 in
609 845 784 881 posterum
806 842 997 872 molestare.

163 950 272 989 gratia
294 949 359 979 sibi
385 948 472 978 facta
496 950 527 978 et
552 948 765 978 ordinatione
790 948 905 977 nostra
929 947 1094 984 com-epit,
1115 956 1180 976 non

166 1003 303 1032 omnino
325 1002 518 1035 frustretur,
533 1001 592 1031 sed
608 1009 650 1030 ex
664 1000 714 1030 eis
730 1000 943 1030 commodum
966 1002 1179 1038 assequatur,

163 1055 322 1090 dicimus,
333 1055 543 1090 ordinamus,
554 1053 831 1092 pronuntiamus,
842 1053 1069 1083 statuimusac
1079 1053 1181 1082 etiam

167 1108 385 1141 arbitramur,
406 1107 445 1137 de
471 1106 622 1145 ejusdem
640 1106 768 1136 domini
785 1114 869 1144 pape
886 1105 1021 1136 licentia
1037 1107 1068 1135 et
1090 1114 1182 1134 man-

168 1161 256 1198 dato,
278 1161 367 1200 quod
384 1161 494 1190 dictus
513 1159 706 1190 Bernardus
724 1159 763 1189 de
782 1159 908 1190 Olorda
924 1159 1077 1192 sacrista,
1098 1159 1182 1188 tam-

169 1215 227 1244 diu
250 1214 401 1253 predicto
418 1213 588 1243 Rern-ardo
604 1213 644 1242 de
660 1212 844 1242 Yillacerto
862 1211 1077 1242 medietatem
1098 1211 1183 1241 fruc-

168 1269 277 1303 tuum,
300 1268 527 1306 proventuum
556 1265 665 1304 ipsius
682 1265 845 1299 sacristie,
863 1267 1014 1304 tempore
1032 1273 1097 1303 quo
1116 1264 1183 1303 ipsi

170 1320 312 1355 fructus,
338 1322 523 1358 proventus
549 1320 581 1348 et
606 1319 758 1348 redditus
779 1318 1032 1357 recolliguntur,
1059 1326 1184 1348 annua-

169 1374 232 1404 tim
259 1373 391 1403 exolvat
413 1381 449 1402 ac
467 1372 545 1402 dare
569 1374 599 1402 et
624 1371 755 1402 solvere
772 1373 935 1408 teneatur,
955 1380 1131 1410 quousque
1150 1371 1184 1400 in

171 1426 258 1456 dicta
284 1425 548 1456 Bai-chinonensi
574 1425 716 1455 ecclesia
742 1433 800 1463 per
824 1425 957 1455 litteras
981 1424 1184 1462 apostolicas

171 1478 238 1517 ipsi
263 1480 299 1509 Β.
327 1479 365 1508 (16
396 1477 579 1508 Yillacerto
607 1486 796 1513 concessas,
819 1486 960 1516 quarum
987 1477 1184 1507 auctoritate

173 1586 251 1615 sunt
267 1585 410 1615 inferius
430 1585 593 1618 annotati,
613 1584 743 1623 prefato
766 1584 801 1613 B.
821 1584 860 1613 de
880 1584 1063 1614 Yillacerto
1082 1584 1121 1613 de
1139 1583 1186 1613 di-

172 1700 247 1721 ium
259 1690 501 1721 continentiam
512 1690 664 1726 eandem,
675 1690 705 1719 et
715 1691 918 1728 personatus
930 1698 988 1719 seu
999 1689 1185 1728 dignitatis,

173 1745 212 1774 de
230 1753 295 1783 quo
310 1744 362 1774 vel
374 1752 439 1782 qua
458 1743 522 1773 sibi
538 1742 782 1781 providebitur,
795 1743 1048 1781 possessionem
1065 1742 1187 1772 habue-

173 1798 217 1828 rit
233 1797 407 1836 pacificam
426 1798 457 1826 et
473 1796 638 1835 quietanr,
656 1804 717 1834 pro
737 1804 802 1834 qua
820 1795 998 1826 medietate
1016 1795 1187 1825 fructuum

174 1853 206 1881 et
230 1853 456 1890 proventuum
485 1850 612 1880 dictum
630 1849 839 1879 Bernardum
864 1849 902 1878 de
921 1849 1045 1879 Olorda
1069 1849 1188 1879 sacris-

174 1959 265 1987 certo
287 1957 479 1996 obligamus
506 1958 537 1986 et
563 1964 638 1986 esse
666 1955 824 1985 volumus
844 1955 1021 1994 obligatos.
1042 1955 1189 1985 Litteras

175 2013 288 2041 autem
307 2010 512 2048 apostolicas
529 2009 697 2048 predictas
708 2008 748 2038 ab
765 2009 882 2038 eodem
896 2009 932 2038 B.
953 2009 992 2038 de
1007 2008 1189 2038 Villacerto

175 2064 330 2094 obtentas
365 2071 466 2101 super
494 2062 657 2101 dignitate
686 2064 717 2092 et
743 2062 926 2100 personatu
958 2061 1128 2091 vacaturis
1156 2062 1190 2091 in

175 2117 265 2147 dicta
289 2116 432 2146 ecclesia
460 2117 491 2145 et
519 2115 597 2145 aliis
624 2115 659 2144 in
686 2115 771 2153 ipsis
797 2115 924 2144 litteris
951 2115 1128 2148 contentis,
1155 2123 1191 2145 ac

176 2169 397 2200 inhibitiones
415 2171 444 2199 et
461 2177 643 2207 processus
658 2177 717 2207 per
737 2168 873 2198 easdem
892 2167 1025 2198 habitos
1041 2177 1191 2198 reserva-

177 2232 253 2253 mus
281 2223 432 2261 integros
456 2224 487 2251 et
514 2221 643 2257 illesos,
673 2221 707 2250 in
734 2221 851 2251 eodem
872 2221 1053 2251 duraturos
1072 2221 1191 2251 robore

2185 230 2245 259 469

1209 334 1211 343 1
1240 312 1404 350 partibus.
1433 312 1494 341 snb
1522 321 1606 350 1161111
1636 312 1768 350 prestiti
1788 311 1981 350 juramenti⁷
2005 312 2245 342 invi‹;›l211»iliter

1240 365 1424 395 observari.
1454 366 1535 395 Lata
1563 366 1593 394 et
1613 365 1751 394 recitata
1777 364 1839 394 suit
1861 364 1918 394 1166
1940 367 2055 394 nostra
2079 365 2245 395 ordinatio

1240 427 1299 447 seu
1315 417 1492 448 arbitrium
1509 418 1595 455 apud
1614 417 1901 447 Isrbemvetcrem.
1921 417 1952 446 in
1972 426 2103 447 camera
2120 419 2245 453 nostra,

1240 470 1609 509 presentibustestibus
1626 470 1665 499 ad
1683 470 1742 499 hoc
1761 470 1898 503 voratis,
1911 470 2093 499 venerabili
2114 473 2206 508 patre
2224 491 2244 499 ..

1239 523 1471 553 Camerinensi
1499 524 1668 561 episcopo,
1694 522 1818 552 ,11160110
1843 523 1882 552 (16
1916 523 2095 562 'l'honengo
2120 524 2246 553 domini

1209 615 1211 619 ἢ
1240 585 1324 614 pape
1356 576 1562 615 cappellano.
1590 575 1761 614 magistris
1790 575 1927 605 Α11116110
1956 576 2070 605 Azarii
2097 577 2248 606 ltornane

1210 664 1211 669 ¹
1241 629 1332 659 curie
1354 630 1525 664 advocato,
1555 631 1583 658 et
1612 628 1735 658 Jacobo
1753 628 1792 657 de
1808 629 1956 658 Pistorio
1977 629 2136 658 canonico
2155 629 2249 658 'solc-

1210 700 1212 727 3
1241 685 1330 717 tano,
1360 682 1496 712 Rut'tino
1520 682 1692 720 preposito
1710 681 1816 710 sancti
1834 681 1997 710 Johannis
2017 681 2048 710 in
2068 682 2176 719 [zui-go
2191 682 2250 711 Pa-

164 739 232 769 fato
274 739 444 768 Bernardo
478 738 516 767 de
554 737 739 767 Villacerto
779 745 880 774 super
912 737 985 774 ipsa
1024 735 1181 765 sacristIa
1211 738 1212 765 1

1241 734 1364 773 11161151,
1393 737 1423 764 61
1450 734 1634 764 (111111611110
1664 734 1703 763 (16
1735 734 1869 764 Ruvina
1887 734 2045 764 611110111οο
2072 734 2250 763 izai-chino-

1212 822 1213 825 ,
1243 788 1350 821 nensi,
1372 797 1408 817 116
1431 788 1593 826 predictis
1610 786 1774 825 partibus.
1794 787 1855 816 sub
1875 796 1960 816 anno
1978 787 2113 817 Domini
2138 787 2247 817 3111:st

1212 837 1213 844 ¹
1243 841 1366 875 LXIII,
1401 841 1454 870 die
1490 843 1606 870 octavo
1640 840 1796 870 excuntis
1833 839 2031 873 decembris,
2068 840 2250 869 1111116110116

206 908 220 926 1(
242 898 281 927 Ε1
297 899 332 927 111
349 897 460 926 dictus
475 895 669 926 Bernardus
687 895 727 925 de
744 895 928 925 Yillacerto
947 903 1005 932 spe
1023 903 1123 932 quam
1141 894 1181 923 de
1212 898 1213 905 ¹

1243 893 1398 931 septima,
1430 893 1646 931 pontificatus
1672 893 1799 922 domini
1830 891 1956 921 Urbani
1990 901 2072 930 pape
2110 893 2250 930 1116111611

1244 955 1329 976 anno
1350 947 1461 976 tertio.

1283 1010 1297 1027 «
1320 1000 1429 1029 'senor
1460 1001 1571 1028 autem
1602 998 1829 1036 predictarum
1863 998 2050 1027 litterarum
2081 998 2250 1036 papalium

1244 1052 1295 1081 hic
1313 1053 1362 1081 est
1383 1061 1388 1079 ;

1286 1115 1300 1132 ((
1319 1104 1457 1134 [11](111113
1468 1104 1635 1143 ερίεεοριιε,
1652 1112 1754 1132 servus
1768 1112 1921 1131 servorum
1933 1101 1998 1137 Dei,
2013 1101 2178 1131 venerabili
2191 1103 2255 1139 fra-

1247 1168 1261 1185 11
1281 1158 1320 1186 tri
1341 1181 1359 1186 ..
1380 1156 1618 1186 Terracltonensi
1642 1155 1885 1194 archiepiscopo,
1910 1154 2034 1184 salutem
2061 1160 2086 1183 cl
2111 1154 2254 1194 aposloli-

1246 1221 1261 1238 11
1282 1220 1346 1239 cam
1372 1209 1615 1239 benedic-limem.
1636 1208 1780 1247 Adjutos
1796 1216 1926 1237 morum
1944 1208 1974 1237 61
1993 1208 2132 1237 scientie
2159 1208 2255 1237 meri-

1247 1273 1262 1292 »
1282 1264 1326 1294 tis
1342 1281 1390 1293 —.
1420 1263 1506 1292 Hinc
1530 1264 1581 1292 est
1607 1261 1695 1300 quod
1718 1270 1780 1291 nos
1801 1261 1915 1290 dilecti
1936 1260 1997 1290 filii
2026 1261 2187 1290 Bernardi
2215 1261 2255 1290 de

1215 1346 1216 1360 i
1245 1326 1262 1347 11
1280 1317 1464 1347 Yillacerto
1490 1315 1716 1346 archidiaconi
1736 1315 1775 1344 de
1793 1314 1885 1345 Silva
1914 1314 1947 1343 in
1967 1314 2109 1344 ecclesia
2128 1317 2255 1343 ‹jerun-

1249 1381 1262 1399 11
1281 1371 1388 1404 densi,
1416 1372 1446 1400 et
1481 1369 1622 1399 sacriste
1652 1368 1816 1398 secularis
1845 1367 1985 1397 ecclesie
2004 1367 2110 1397 sancti
2133 1367 2257 1397 selis-is

1247 1433 1264 1454 »
1279 1423 1522 1458 Gerundensis,
1546 1422 1735 1460 cappellani
1753 1421 1871 1454 nostri,
1890 1421 2011 1450 merita
2033 1421 2257 1456 attemtentes,

1216 1506 1217 1517 ¹
1249 1478 1313 1507 »et
1341 1485 1399 1515 per
1430 1476 1491 1505 hoc
1518 1475 1671 1505 volentes
1697 1477 1808 1512 ipsum
1835 1472 2064 1503 benivolentia
2096 1474 2256 1511 prosequi

171 1532 282 1562 dictus
308 1532 582 1570 archiepiscopus
614 1531 779 1570 processit
809 1532 839 1560 et
875 1539 1016 1569 quarum
1050 1532 1185 1560 tenores
1216 1530 1218 1544 ²

1249 1543 1262 1557 »
1280 1530 1439 1568 gratiosa,
1457 1528 1690 1558 canonicatum
1710 1526 1994 1557 Barchinonensis
2013 1526 2164 1560 ecclesie,
2181 1534 2256 1555 611111

1217 1594 1219 1628 ]
1250 1594 1264 1612 11
1278 1581 1583 1622 plenitudinejuris
1593 1580 1756 1610 canonici.
1770 1579 1834 1609 sibi
1849 1579 2055 1609 contulimus
2065 1581 2095 1608 et
2114 1579 2256 1608 cumlem

172 1638 299 1677 gnitate
327 1638 380 1667 vel
407 1639 591 1676 personatu
616 1637 791 1676 provisum
811 1636 923 1671 suerit,
944 1637 1041 1674 juxta
1057 1636 1186 1666 littera·
1218 1651 1219 1658 1

1251 1646 1265 1664 11
1283 1636 1322 1666 (16
1350 1636 1423 1673 11150
1448 1643 1507 1673 per
1534 1635 1686 1664 nostrum
1710 1633 1848 1662 anulum
1866 1631 2079 1667 investimus,
2103 1631 2258 1660 1161116111-

1218 1719 1219 1724 ,
1251 1689 1431 1719 1110111111115
1462 1688 1678 1726 personatum
1709 1685 1761 1715 vel
1791 1685 2001 1723 dignitatem,
2033 1685 2194 1714 decanatu
2227 1686 2256 1713 et

1251 1735 1433 1772 »cantoria
1458 1740 1620 1779 exceptis,
1650 1748 1685 1769 ac
1704 1738 1908 1777 prehendam
1933 1746 1998 1767 non
2016 1737 2256 1767 51166111011116111

1218 1794 1220 1825 ἶ
1251 1808 1266 1823 1)
1284 1799 1315 1826 et
1343 1795 1460 1824 domos
1487 1802 1523 1823 ac
1556 1792 1805 1831 preposituram
1832 1799 1895 1829 que
1914 1795 2046 1819 mensaca
2075 1790 2259 1829 vulgariter

1220 1887 1221 1890 Ἴ
1252 1860 1265 1878 11
1284 1848 1485 1888 appellatur,
1505 1847 1613 1885 primo
1633 1846 1665 1875 in
1683 1845 1799 1875 eadem
1817 1844 1960 1874 ecclesia
1978 1846 2165 1875 vacaturos.
2184 1851 2259 1873 con-

173 1906 243 1935 tam
270 1906 301 1934 et
330 1904 439 1942 ipsam
466 1903 657 1933 sacristiam
687 1902 816 1941 prefato
835 1902 1005 1932 Bernardo
1024 1902 1063 1932 de
1084 1902 1189 1932 Villa·
1220 1908 1221 1911 ’

178 2284 243 2314 quo
273 2277 368 2306 erant
392 2276 573 2312 antequam
599 2274 756 2304 sacristia
784 2273 976 2313 hujusmodi
1002 2274 1192 2304 vacavisset
1223 2280 1224 2316 j

177 2330 291 2368 preter
319 2336 419 2366 quam
449 2327 476 2356 51
500 2327 621 2356 (10111115
652 2326 764 2365 alique
794 2335 966 2360 vacavere,
985 2335 1045 2365 pro
1068 2327 1191 2365 quibus
1223 2319 1224 2325 ¹

178 2391 255 2413 eum
276 2381 436 2411 nolumus
453 2380 598 2419 litigare,
619 2379 677 2409 sed
695 2379 783 2418 quod
796 2379 835 2409 de
849 2379 1005 2418 proximo
1022 2380 1192 2409 vacaturis

178 2435 397 2475 provideatur
424 2433 546 2463 eidem.
575 2433 824 2471 Suspendimus
843 2433 945 2462 etiam
963 2432 1191 2462 venerabilem

178 2490 312 2529 patrem
332 2512 351 2518 ..
370 2486 579 2525 episcopum,
598 2486 629 2516 et
656 2485 842 2524 capitulum
866 2485 1156 2516 Barchinonenses
1175 2494 1193 2515 a

180 2541 360 2572 collatione
389 2542 419 2570 et
445 2539 640 2578 provisione
666 2540 908 2577 personatuum
934 2541 966 2568 et
989 2538 1192 2577 dignitatum

180 2595 291 2634 ipsius
323 2593 475 2629 ecclesie,
505 2592 669 2622 decanatu
696 2594 726 2622 et
759 2592 910 2622 cantoria
935 2592 1110 2622 dumtaxat
1141 2600 1194 2621 ex-

180 2648 299 2687 ceptis,
318 2648 348 2677 et
375 2646 543 2685 prebende
564 2654 629 2676 non
647 2645 868 2675 sacerdotalis
886 2647 917 2675 et
932 2645 1109 2675 domorum
1129 2653 1193 2684 que

182 2701 340 2739 deinceps
358 2700 468 2738 primo
485 2699 690 2735 vacaverint,
706 2707 742 2728 ac
752 2699 965 2737 prepositure
980 2707 1043 2737 que
1058 2703 1195 2727 mensam

182 2754 367 2793 vulgariter
382 2752 583 2791 appellatur,
608 2760 783 2791 quousque
811 2751 941 2790 prefato
962 2752 999 2781 B.
1020 2751 1059 2781 de
1090 2751 1193 2781 Villa-

183 2809 284 2842 certo,
301 2807 398 2846 juxta
419 2806 571 2844 ipsarum
590 2805 782 2835 litterarum
806 2806 969 2838 tenorem,
986 2804 1137 2843 plenarie
1155 2804 1194 2834 de

183 2860 345 2900 predictis
371 2859 528 2889 omnibus
557 2858 601 2889 sit
627 2858 814 2897 provisum,
836 2858 1035 2888 mandantes
1063 2857 1195 2888 ordina—

184 2915 310 2945 tionem
341 2922 400 2943 seu
421 2912 599 2942 arbitrium
617 2913 771 2942 nostrum
789 2911 976 2950 predictum
991 2920 1009 2941 a
1032 2911 1195 2949 predictis

1253 1913 1267 1931 11
1287 1902 1444 1932 ferendos
1473 1901 1581 1930 eidem
1602 1899 1798 1938 cappellano
1825 1898 1997 1928 donationi
2014 1897 2197 1936 apostolice
2214 1905 2260 1926 re-

1253 1965 1267 1983 11
1288 1956 1476 1989 servantes
1498 1952 1710 1982 decrevimus
1727 1952 1861 1981 irritum
1877 1952 1907 1980 et
1928 1951 2038 1985 inane,
2059 1950 2086 1979 si
2106 1958 2202 1979 secus
2222 1950 2261 1979 de

1253 2019 1268 2037 11
1287 2008 1384 2047 ipsis,
1407 2006 1593 2045 apostolica
1616 2005 1668 2034 vel
1687 2005 1806 2043 quavis
1826 2003 2035 2039 auctoritate,
2057 2012 2074 2032 a
2093 2012 2262 2041 quoquam

1254 2072 1268 2091 »
1285 2061 1460 2099 contigerit
1477 2058 1683 2096 attemptari.
1703 2066 1767 2087 non
1785 2057 1950 2087 obstante.
1973 2074 2011 2078 —
2033 2056 2262 2086 Contradicto-

1254 2123 1340 2145 »res
1371 2116 1432 2144 etc.
1463 2121 1570 2151 usque
1593 2111 1846 2149 compescendo,
1866 2110 1990 2140 Datum
2011 2109 2098 2147 apud
2124 2108 2262 2139 [rbem-

1253 2179 1268 2198 »
1287 2169 1445 2202 veterem,
1464 2175 1497 2196 xi
1518 2165 1679 2195 kalendas
1698 2163 1898 2198 decembris,
1926 2163 2141 2201 pontificatus
2159 2164 2262 2191 nostri

1254 2232 1268 2250 »
1287 2229 1373 2251 anno
1389 2219 1546 2250 secundo.
1570 2228 1583 2246 11

1292 2287 1305 2300 (ι
1326 2274 1366 2303 Ε1
1387 2275 1483 2302 tenor
1503 2271 1647 2300 aliarum
1665 2270 1854 2299 litterarum
1875 2271 1924 2298 est
1944 2268 2039 2298 talis:

1292 2337 1306 2355 (1
1331 2325 1470 2356 Urbanus
1495 2325 1665 2363 episcopus,
1682 2332 1786 2351 servus
1810 2330 1963 2350 servorum
1987 2320 2053 2351 Dei,
2072 2319 2180 2349 dilecto
2198 2319 2264 2353 silio

1223 2382 1224 2399 3
1254 2392 1268 2407 »
1288 2377 1449 2408 Bernardo
1467 2376 1501 2406 dc
1524 2376 1696 2411 Villaccrto,
1712 2374 1927 2404 archidiacono
1938 2373 1973 2403 de
1988 2372 2076 2403 Silva
2095 2373 2122 2402 in
2139 2373 2264 2402 ecclesia

1254 2445 1269 2461 »
1289 2431 1478 2463 Gerundensi
1507 2435 1534 2460 et
1558 2430 1681 2459 sacriste
1707 2427 1851 2458 secularis
1881 2427 2001 2457 ecclesie
2029 2427 2127 2455 sancti
2155 2425 2264 2455 Felicis

1255 2496 1270 2516 »
1293 2484 1508 2519 Gerundensis,
1534 2482 1713 2523 cappellano
1728 2486 1841 2516 nostro,
1867 2479 1994 2509 salutem
2014 2484 2040 2508 et
2066 2479 2264 2519 apostolicam

1256 2551 1269 2566 »
1289 2538 1535 2569 benedictionem.
1564 2536 1707 2575 Adjutos
1733 2543 1864 2564 morum
1892 2535 1924 2564 et
1957 2533 2096 2563 scientie
2128 2532 2263 2562 meritis

1255 2602 1270 2622 »
1289 2595 1349 2623 etc.
1369 2593 1405 2622 ut
1431 2591 1465 2620 in
1483 2590 1599 2620 eadem
1622 2589 1735 2618 littera
1752 2586 1920 2625 superiori
1938 2594 2044 2624 usque
2072 2585 2264 2623 insignitos.

1255 2655 1270 2674 11
1286 2644 1373 2675 Hinc
1390 2645 1441 2674 est
1457 2643 1546 2682 quod
1562 2650 1634 2676 nos,
1650 2640 1863 2670 attendentes
1872 2640 1928 2668 tue
1946 2638 2126 2677 probitatis
2144 2637 2265 2667 merita

1255 2709 1270 2728 11
1289 2700 1321 2728 61
1337 2706 1396 2736 per
1411 2697 1472 2727 hoc
1485 2696 1638 2726 volentes
1650 2695 1682 2724 te
1693 2693 1852 2732 prosequi
1863 2691 2092 2722 benivolentia
2103 2691 2263 2730 gratiosa,

1256 2762 1271 2780 11
1288 2750 1521 2781 canonicatum
1540 2746 1825 2779 Barchinonensis
1851 2745 2004 2779 ecclesie,
2027 2753 2101 2774 cum
2121 2743 2265 2782 plenitu-

1257 2815 1272 2833 »
1293 2804 1370 2834 dine
1383 2803 1470 2841 juris
1483 2800 1647 2836 canonici,
1661 2799 1723 2829 tibi
1740 2791 1958 2833 conferimus,
1970 2799 2001 2827 et
2016 2798 2046 2826 te
2063 2796 2102 2826 de
2121 2796 2193 2834 ipso
2207 2804 2267 2834 per

1257 2867 1272 2887 1)
1292 2858 1445 2887 nostrum
1474 2854 1611 2884 anulum
1638 2852 1851 2886 investimus,
1873 2859 1909 2880 ac
1934 2849 2174 2879 nichilominus
2193 2857 2265 2887 per-

1258 2921 1273 2940 »
1291 2911 1447 2940 sonatum
1464 2908 1516 2938 vel
1532 2906 1744 2946 dignitatem,
1760 2905 1923 2935 decanatu
1941 2904 1973 2934 et
1985 2902 2135 2932 cantoria
2151 2910 2268 2940 excep-
