2547 3289
221 221 280 249 164

979 207 1225 238 luitits‘slti-is
1249 203 1462 236 D‘L’RBAIN
1484 204 1544 234 IV.

219 301 399 333 cardinalis
425 301 456 329 vt
482 299 516 328 iu
541 296 690 336 partibus
715 293 915 324 Lombardie
933 292 1113 331 apostolice
1142 291 1232 321 sedis
1259 299 1263 315 ι
1289 289 1392 328 janua
1427 288 1533 327 possit
1564 296 1637 319 esse
1669 287 1840 322 fidelibus,
1875 288 1903 318 si
1935 289 2310 327 superexcrescentibus

220 356 360 394 legatus,
379 351 524 382 edidisse
545 350 676 383 dicitur,
695 356 734 377 ne
751 346 826 386 quis
843 347 876 375 in
895 345 1008 376 eadem
1029 345 1162 374 civitate
1180 343 1232 373 vel
1260 324 1263 353 1

219 408 325 447 plebe.
335 406 458 443 absque
470 402 717 442 dispensatione
729 400 818 430 sedis
829 398 1019 437 apostolice,
1032 397 1232 436 pluraliene-

219 459 295 489 ficia
312 457 419 487 valeat
437 456 597 488 obtinere,
617 453 675 483 tibi
693 452 887 482 auctoritate
904 450 1108 489 presentium
1125 448 1233 479 indul·
1262 457 1263 465 ¹

219 520 347 550 gemus,
366 509 501 548 proviso
519 508 607 546 quod
622 505 783 536 beneficia
798 502 988 543 hujusmodi
1006 503 1126 532 debitis
1143 502 1235 532 obse-

219 564 308 603 quiis
326 572 389 593 non
409 561 605 591 fraudentur
623 562 654 590 et
673 559 704 589 in
722 558 809 588 dicto
825 556 1148 596 arthipresbytcratu
1164 555 1233 585 ani·

218 625 349 647 marum
371 624 449 645 cura
473 614 665 644 nullatenus
683 611 880 650 negligatur.
902 609 997 640 Nulli
1021 618 1098 648 crgo
1123 610 1234 639 nostre

217 668 444 700 concessionis
460 670 520 698 etc.
545 667 669 697 Datum
684 665 771 704 apud
793 663 1078 697 Urbemveierem,
1096 671 1141 692 vu
1160 662 1235 692 idus

213 722 315 762 junii,
329 730 416 751 anno
434 721 492 751 110.
511 732 525 747 »
1263 742 1270 764 t

809 866 933 898 Orvieto‚
950 866 978 891 Q!
1001 866 1066 891 aout
1089 865 1162 891 1263.

285 870 358 901 348

256 953 431 980 Electionem
447 952 611 986 sepulturae
624 951 653 978 in
665 951 785 978 ccclesia
799 952 826 976 S.
841 950 938 977 Crucis
951 949 1127 983 Gadicensis,
1139 958 1155 975 a
1168 957 1234 983 rege
1264 965 1266 984 1

220 1002 361 1030 Castollat·
381 1001 498 1031 tactam,
513 1001 653 1035 approbat
669 1003 695 1027 et
713 1000 876 1027 confirmat.
896 1000 972 1035 [linc.
992 1000 1035 1030 26,
1055 999 1100 1025 l'ol.
1128 1000 1174 1025 1125
1195 1004 1235 1030 v0,

215 1054 250 1079 n⁰
264 1053 328 1085 ⁶210,
347 1052 489 1078 l’orrnasr
506 1051 615 1081 {so-25).

259 1145 274 1160 «
296 1156 315 1162 ..
338 1132 403 1171 rcqi
427 1130 555 1161 Castelle
579 1140 614 1159 ac
642 1129 782 1169 Lessionis
804 1128 926 1158 illustri.
952 1128 1130 1158 Excelsum
1159 1129 1235 1158 fecit
1264 1140 1265 1156 l

220 1187 254 1217 in
278 1185 378 1215 terris
395 1185 451 1223 qui
477 1184 603 1215 habitat
628 1184 661 1214 in
683 1183 858 1213 altissimis
882 1183 974 1212 Deus
997 1190 1055 1220 pro
1077 1190 1114 1211 co
1137 1182 1234 1220 potis-

220 1239 304 1270 sime
332 1247 471 1277 reguum
495 1239 603 1271 tuum,
628 1237 734 1276 ipsius
766 1236 928 1266 terminos
954 1235 1128 1273 magnilice
1154 1235 1235 1265 dila-

219 1292 333 1326 tando,
351 1292 439 1330 quod
456 1290 546 1330 regia
565 1290 727 1321 celsitudo
746 1298 841 1319 suam
859 1289 899 1318 ab
918 1289 1001 1327 ipso,
1021 1289 1078 1326 qui
1092 1290 1156 1318 tam
1171 1289 1235 1317 sibi

220 1345 349 1376 tribuit.
363 1345 545 1383 potentiam
562 1343 762 1381 gratitudine
779 1342 889 1373 debita
903 1350 1154 1379 recognoscens,
1170 1350 1236 1371 non
1265 1351 1267 1354 ⁴

221 1399 264 1429 ad
285 1398 536 1437 oppressionem
559 1396 710 1426 fidelium
734 1395 791 1425 sed
812 1395 1084 1434 propagationem
1107 1395 1184 1424 fidei
1205 1397 1235 1425 et

220 1451 329 1481 divini
342 1451 467 1481 cultum
482 1449 627 1480 nomini>=
642 1449 910 1487 perpopulorum
925 1447 1236 1486 multiplicationem

218 1503 370 1534 fidelium
388 1502 670 1542 augmentandum
690 1502 852 1531 adversus
869 1501 1020 1531 nationes
1043 1502 1172 1531 exteras
1185 1501 1236 1539 ju-

219 1557 304 1596 giter
321 1549 501 1595 experitur.
522 1556 575 1586 Ex
596 1555 659 1585 hoc
677 1563 820 1593 namque
837 1555 906 1594 ipse
923 1554 1015 1584 Deus
1037 1556 1104 1584 tam
1120 1562 1238 1593 proge-

220 1610 346 1640 nitores
361 1611 436 1640 tuos
452 1618 551 1648 quam
567 1609 599 1638 et
614 1610 705 1638 tuam
722 1607 1004 1647 magnificentiam
1021 1607 1238 1638 exultationis

219 1664 251 1694 et
270 1663 372 1693 letitie
389 1663 462 1693 oleo
477 1671 534 1701 pre
550 1661 771 1701 participibus
790 1661 857 1691 tuis
876 1669 1017 1700 ungens,
1035 1660 1096 1690 tibi
1116 1669 1237 1691 nomen

219 1716 297 1746 fecit
310 1716 434 1755 grande
451 1724 553 1754 supra
570 1723 692 1745 nomen
706 1723 904 1753 magnorum
922 1714 980 1753 qui
995 1715 1073 1744 sunt
1089 1714 1123 1744 in
1137 1716 1235 1750 terra,

216 1769 280 1799 tibi
293 1770 324 1799 et
339 1768 427 1799 dicto
443 1776 544 1807 regno
563 1768 597 1798 in
614 1776 686 1798 rore
702 1768 764 1798 celi
780 1769 809 1798 et
824 1769 908 1798 terre
922 1767 1124 1806 pinguedine
1139 1767 1236 1797 uber·
1266 1786 1267 1795 1

218 1821 302 1853 rime
322 1821 552 1852 benedictione
570 1821 732 1860 impensa,
758 1822 892 1860 propter
911 1820 999 1859 quod
1016 1820 1167 1851 Romana
1184 1829 1237 1851 ec-

219 1875 322 1905 clesia
339 1876 444 1905 mater
458 1876 514 1905 tua
533 1883 634 1913 super
649 1876 691 1909 te,
706 1874 776 1904 filio
794 1874 968 1904 benedicto
985 1875 1014 1903 et
1031 1873 1237 1905 christianis·
1266 1875 1267 1879 ’

221 1928 307 1958 simo
323 1928 486 1966 principe,
497 1927 703 1965 jucundatur
715 1929 745 1957 ct
761 1927 881 1966 gaudet
894 1935 931 1956 ac
941 1936 1058 1966 preces
1074 1927 1115 1957 ad
1126 1927 1236 1958 Deum
1264 1936 1266 1948 t

220 1981 331 2011 fundit
347 1981 502 2011 assiduas
519 1982 565 2016 ut,
591 1980 632 2010 ab
654 1981 744 2010 omni
760 1982 790 2010 te
814 1981 1014 2010 adversitate
1031 1981 1234 2017 custodiens,

220 2033 379 2064 concedat.
405 2033 492 2072 quod
518 2042 577 2072 per
606 2042 742 2072 regnum
769 2033 950 2072 temporale
979 2033 1069 2071 quod
1091 2033 1232 2070 obtines,
1264 2070 1265 2077 ἵ

218 2086 310 2118 felici
337 2086 533 2117 commercio
560 2085 622 2115 tibi
651 2086 761 2124 pateat
785 2085 974 2124 expeditius
1002 2085 1164 2115 transitus
1194 2086 1236 2116 ad
1264 2082 1266 2108 t'

219 2141 383 2170 eternum.

262 2193 303 2223 Et
332 2192 466 2231 quidem
493 2191 590 2230 plura
619 2192 698 2221 sunt
724 2193 754 2221 et
781 2191 928 2221 maxima
954 2199 1018 2229 que
1046 2191 1086 2221 de
1112 2191 1236 2230 regalis

219 2245 414 2278 excellentie
435 2245 595 2275 virtuosis
615 2246 645 2274 et
664 2244 811 2276 strenuis
829 2244 958 2274 actibus
976 2245 1141 2275 recenseri
1158 2253 1233 2284 pos·
1264 2258 1265 2266 ¹

219 2301 309 2334 sunt,
337 2299 395 2329 sed
421 2298 653 2329 admirandum
684 2297 808 2328 nostris
834 2306 941 2337 nuper
969 2298 1060 2328 venit
1085 2298 1233 2329 insinua·
1264 2284 1265 2291 ἵ

217 2353 308 2384 tione
328 2352 418 2391 regia
435 2351 592 2382 sensibus
618 2352 649 2382 et
672 2351 873 2390 stupendum
897 2351 1118 2390 propositum,
1145 2353 1233 2390 quod

218 2406 258 2437 de
282 2405 403 2445 regalis
431 2406 580 2444 corporis
603 2405 776 2444 sepultura
804 2413 869 2434 non
895 2413 914 2434 a
941 2405 1152 2444 suggestione
1175 2405 1233 2435 hu-

218 2467 329 2495 mana,
343 2459 401 2489 scd
415 2468 433 2489 a
445 2459 565 2498 spiritu
576 2458 713 2489 Domini
727 2458 921 2496 concepisti,
932 2466 993 2497 per
1003 2458 1093 2497 quod
1106 2458 1234 2498 liquido

217 2513 316 2543 datur
330 2512 471 2551 intelligi
487 2512 576 2550 quod
590 2520 650 2551 pro
664 2511 728 2542 fide
745 2511 916 2542 dilatanda
932 2511 1095 2542 catholica
1108 2513 1138 2542 et
1155 2511 1232 2542 fide·
1262 2507 1264 2561 ἶ

217 2565 301 2596 lium
327 2565 444 2596 robore
467 2565 635 2596 decertare
661 2565 788 2605 cupias,
815 2565 916 2595 etiam
945 2564 1045 2595 rebus
1076 2564 1234 2596 humanis
1262 2564 1263 2584 l

216 2621 404 2657 exemptus,
421 2619 457 2648 ut
476 2619 564 2658 quod
579 2618 700 2649 vivens
716 2618 845 2658 regium
863 2627 985 2657 corpus
1001 2618 1150 2649 nondum
1166 2618 1233 2649 effi-
1262 2598 1264 2641 i

218 2679 292 2702 cere
306 2671 424 2710 potuit,
448 2671 626 2702 efficaciter
641 2671 794 2703 exanime
817 2671 850 2701 in
871 2673 927 2702 tue
945 2671 1064 2701 salutis
1081 2679 1234 2710 compen·
1262 2667 1263 2719 l

217 2724 310 2755 dium
340 2726 570 2763 prosequatur.
601 2725 688 2756 Nam
717 2733 792 2755 cum
822 2724 934 2754 insula
960 2724 1172 2760 Gadicensis‚
1198 2725 1232 2755 in
1262 2724 1263 2766 l

217 2786 295 2817 qua,
312 2779 349 2808 ut
364 2779 535 2813 asseritur,
560 2780 610 2809 est
624 2778 727 2809 maris
742 2779 859 2817 portus
875 2778 1075 2808 accomodus
1092 2780 1123 2809 et
1140 2779 1231 2809 tran-
1261 2770 1263 2802 i

216 2830 356 2870 quillus,
381 2832 516 2870 propter
542 2831 779 2862 maditerranei
797 2831 864 2871 (sic)
889 2832 1091 2862 structuram
1114 2831 1229 2866 maris,
1260 2830 1263 2861 t

215 2884 329 2915 At‘rice
345 2884 388 2914 sit
406 2883 527 2914 infesta
549 2885 732 2924 plurimum
748 2886 780 2916 et
801 2883 843 2915 ad
859 2885 932 2925 ejus
947 2885 1231 2924 conquisitionem
1261 2869 1263 2911 i

1293 341 1486 372 christianis
1509 341 1629 371 incolis
1652 342 1830 382 repleatur,
1848 342 1882 371 tu
1900 341 1944 375 id7
1971 343 2140 380 tamquam
2157 342 2311 372 fidelissi-

1294 403 1369 424 mus
1393 394 1558 433 princeps.
1587 387 1980 433 prudenterattendens,
2003 395 2038 424 ut
2063 396 2120 424 tua
2140 395 2228 425 clara
2247 403 2311 426 me·

1293 448 1412 481 moria,
1426 450 1603 486 postquam
1623 448 1657 477 in
1672 447 1818 478 Domino
1834 447 2052 486 requieveris,
2070 456 2164 486 reges
2178 448 2236 486 qui
2251 448 2312 478 tibi

1295 501 1528 536 successerint,
1545 501 1586 531 ad
1612 501 1719 540 ips-ius
1748 501 1813 530 loci
1836 501 2022 531 custodiam
2049 502 2080 531 et
2095 503 2310 539 augmentum

1295 555 1418 584 animet
1434 555 1465 584 et
1481 554 1626 590 inducat,
1642 563 1679 584 ac
1706 555 1842 593 propter
1858 554 1919 583 hoc
1935 553 2051 584 fideles
2069 553 2189 592 'populi
2208 553 2312 584 liben-

1296 607 1362 637 tius
1387 607 1472 637 inibi
1493 607 1619 647 eligant
1641 607 1834 642 incolatum,
1853 608 1941 646 apul
1958 607 2134 637 ecclesiam
2149 616 2176 637 s.
2196 606 2314 637 Crucis

1296 668 1395 699 quam
1413 661 1447 690 in
1473 661 1544 699 ipsa
1570 661 1694 695 insula,
1713 661 1786 691 loco
1803 661 1889 691 dicto
1910 659 2010 695 Caliz,
2032 662 2066 690 ut
2083 662 2255 690 taceamus
2273 659 2313 690 de

1295 714 1476 744 fulciendis
1495 722 1582 744 nunc
1607 723 1666 753 per
1692 716 1722 744 te
1747 713 1913 744 herculeis
1943 713 2085 744 edificiis
2104 715 2136 743 et
2158 713 2314 744 menibus

1295 767 1524 798 restaurandis
1536 767 1694 806 antiquis,
1707 767 1792 798 miro
1807 767 1889 797 sacis
1905 776 2003 806 opere
2016 767 2184 802 fabricari,
2199 775 2315 805 quam-

1296 830 1360 860 que
1381 830 1441 851 nos
1462 821 1504 851 ad
1528 823 1619 851 tuam
1648 821 1844 852 instantiam
1863 830 1921 860 per
1939 823 2070 852 nostras
2088 821 2215 851 litteras
2234 829 2315 860 pon-

1296 875 1429 905 tificalis
1454 875 1608 905 cathedre
1635 875 1733 906 titulo
1761 875 1910 906 decorari
1944 875 2157 909 mandamus,
2186 874 2317 913 elegisti

1264 940 1265 944 ¹
1297 928 1536 959 deliberatione
1563 929 1617 967 pia
1637 930 1669 958 et
1691 928 1831 967 provida
1848 928 2067 967 sepulturam,
2091 938 2110 958 a
2126 927 2223 958 nobis
2241 936 2316 967 sup-

1295 982 1428 1022 pliciter
1443 982 1617 1021 postnlans
1634 985 1667 1012 ut
1688 982 1776 1020 quod
1793 991 1811 1011 a
1828 984 1857 1012 te
1873 982 1912 1012 de
1929 981 2102 1020 sepultura
2120 981 2315 1020 hujus-modi

1295 1044 1354 1074 pro
1386 1035 1462 1065 fidei
1494 1035 1711 1074 fideliumque
1746 1035 1860 1065 favore
1890 1035 2012 1065 factum
2041 1037 2102 1068 est,
2133 1034 2314 1072 apostolice

1296 1089 1534 1128 acceptationis
1548 1089 1663 1119 robore
1677 1089 1877 1123 munientes,
1895 1088 1926 1118 id
1939 1088 2116 1127 adimpleri
2129 1087 2314 1118 districtius

1296 1142 1544 1172 mandaremus.
1571 1142 1641 1172 Nos
1659 1142 1782 1180 itaque,
1799 1150 1874 1171 cum
1899 1141 2012 1171 nullus
2038 1141 2086 1171 ibi
2104 1141 2144 1171 de
2161 1142 2228 1170 tuis
2245 1149 2316 1171 ma-

1292 1195 1424 1234 joribus
1439 1195 1491 1234 cuj
1499 1204 1535 1225 us
1547 1195 1588 1225 ad
1606 1195 1637 1224 id
1649 1195 1821 1225 affectione
1834 1194 1988 1231 traharis
2002 1194 2102 1224 fuerit
2113 1194 2313 1228 tumulatus,

1297 1248 1475 1278 verisimili
1494 1248 1683 1287 conjectura
1708 1249 1861 1278 tenentes
1886 1247 1975 1286 quod
1999 1248 2059 1277 hec
2083 1246 2265 1278 laudabilis
2285 1247 2319 1277 et

1296 1303 1428 1340 accepta
1444 1302 1527 1337 Deo,
1546 1303 1580 1331 ut
1597 1301 1778 1337 credimus⁷
1795 1301 1971 1339 dispositio
1985 1301 2074 1337 regie
2093 1300 2264 1339 sepulture
2277 1299 2318 1330 de

1297 1354 1375 1384 fidei
1391 1356 1422 1384 et
1436 1355 1585 1384 caritatis
1599 1355 1728 1384 fervore
1744 1355 1873 1384 tantum
1888 1349 2068 1393 processit,¹
2080 1354 2147 1384 tuis
2169 1353 2318 1393 postula-

1297 1407 1446 1437 tionibus
1460 1407 1651 1443 annuendo,
1670 1416 1744 1438 eam
1759 1410 1887 1446 gratam
1904 1409 1935 1437 et
1953 1409 2121 1447 acceptam
2138 1407 2315 1442 habemus,

1298 1461 1492 1491 auctoritate
1508 1461 1718 1500 presentium
1735 1461 1906 1491 universis
1921 1461 2054 1491 cleri0is
2077 1462 2108 1490 et
2123 1460 2220 1490 laicis
2235 1468 2315 1499 quo-

1298 1523 1371 1544 rum
1389 1514 1549 1550 intererit,
1565 1514 1627 1544 sub
1638 1523 1724 1553 pena
1737 1514 2110 1546 excommunicationis,
2129 1513 2317 1543 districtius

1298 1567 1510 1606 injungentes
1529 1569 1564 1598 ut
1582 1570 1613 1598 te
1639 1568 1727 1598 circa
1757 1567 1964 1606 sepulturam
1995 1567 2102 1606 ipsam
2120 1567 2155 1597 in
2172 1566 2317 1605 disposi-

1296 1621 1385 1651 tione
1401 1621 1594 1661 hujusmodi
1608 1621 1754 1651 finaliter
1768 1621 1980 1660 perdurante,
1999 1629 2075 1651 cum
2089 1620 2129 1650 de
2145 1620 2207 1650 hac
2229 1620 2316 1655 luce,

1297 1674 1368 1704 Deo
1392 1676 1541 1710 vocante,
1570 1674 1780 1713 migraveris,
1808 1683 1929 1713 corpus
1956 1675 2051 1704 tuum
2079 1673 2262 1704 honorifice
2279 1673 2316 1703 in

1297 1728 1385 1757 dicta
1399 1728 1543 1758 ecclesia
1557 1737 1584 1758 s.
1599 1728 1728 1764 Crucis³
1740 1729 1903 1766 quantum
1916 1728 1948 1757 in
1967 1727 2050 1766 ipsis
2066 1727 2177 1764 suerit,
2192 1726 2318 1757 faciant

1299 1781 1445 1820 sepeliri,
1465 1790 1524 1811 nec
1543 1781 1755 1820 aliquatenus
1777 1789 1877 1820 super
1899 1781 1962 1811 hoc
1989 1781 2104 1810 venire
2121 1781 2317 1819 presumant

1297 1836 1413 1865 contra
1432 1835 1558 1874 regiam
1576 1835 1794 1865 voluntatem.
1822 1834 1919 1864 Nulli
1935 1843 2012 1873 ergo
2037 1835 2149 1864 nostre
2166 1834 2315 1873 accepta-

1295 1888 1398 1918 tionis
1414 1889 1445 1918 et
1461 1888 1609 1918 mandati
1625 1890 1686 1918 etc.
1709 1888 1834 1919 Datum
1856 1888 1946 1926 apud
1961 1887 2250 1922 Urbemveterem,
2265 1895 2315 1917 xii

1295 1941 1458 1972 kalendas
1471 1941 1684 1980 septembris,
1702 1949 1789 1971 anno
1806 1941 1864 1971 11⁰.
1885 1953 1899 1968 »

1364 2057 1438 2088 349
1888 2055 2014 2087 Orvieto,
2031 2055 2066 2080 ³28
2081 2057 2148 2082 aout
2164 2056 2242 2082 ¹263.

1331 2121 1490 2147 Nonnullas
1512 2119 1744 2154 dispensationes
1762 2120 1796 2145 de
1813 2119 1978 2154 pluralitate
2002 2120 2206 2147 beneficiorum
2223 2119 2316 2147 electo

1297 2170 1478 2205 Lugdunensi
1495 2168 1637 2196 concedit.
1654 2169 1736 2201 (REG.
1754 2170 1798 2199 26,
1815 2168 1865 2196 sol.
1884 2169 1944 2200 ¹14,
1961 2173 1992 2195 n⁰
2008 2171 2081 2201 ΞΗ).

1337 2258 1351 2273 «
1378 2246 1537 2286 Philippo,
1572 2244 1767 2285 Lugycluncnsi
1795 2244 1898 2274 electo.
1931 2245 2115 2276 Consuevit
2146 2245 2317 2276 interdum

1295 2299 1478 2339 apostolica
1496 2299 1592 2329 sedes
1609 2307 1771 2338 personas
1787 2298 2009 2337 generositate
2026 2298 2202 2335 sublimes,
2219 2299 2317 2331 factis

1295 2354 1327 2383 et
1348 2353 1435 2383 fama
1458 2352 1635 2391 pollentes,
1655 2351 1854 2391 specialium
1872 2351 2128 2391 privilegiorum
2145 2352 2316 2392 insigniis,

1295 2406 1329 2436 in
1346 2406 1480 2445 signum
1493 2406 1648 2445 precipue
1665 2405 1892 2435 benivolentie
1908 2413 1945 2435 ac
1962 2405 2067 2444 gratie
2083 2405 2252 2445 specialis,
2268 2405 2315 2438 fa-

1295 2459 1492 2490 vorabiliter
1513 2459 1711 2498 presignire,
1735 2460 1771 2488 ut
1789 2467 1829 2488 ex
1848 2458 1911 2488 hoc
1936 2458 2006 2489 Deo
2031 2459 2141 2498 gratos
2156 2459 2188 2489 et
2206 2458 2316 2490 eidem

1294 2513 1366 2543 sedi
1387 2512 1576 2543 devotiores
1599 2520 1634 2542 se
1657 2511 1794 2542 reddere
1821 2511 1975 2542 studeant
2003 2511 2042 2542 de
2066 2511 2207 2542 devotis.
2235 2512 2316 2552 Spe-

1294 2567 1406 2597 rantes
1422 2566 1532 2605 itaque
1547 2565 1649 2604 quod,
1670 2566 1796 2604 quanto
1813 2565 1923 2603 magis
1939 2573 1958 2595 a
1976 2565 2064 2595 dicta
2083 2565 2162 2596 sede
2175 2566 2209 2596 te
2223 2573 2318 2604 pers-

1293 2619 1426 2659 pexeris
1442 2619 1612 2655 honorari,
1630 2619 1721 2649 tanto
1741 2618 1772 2648 ei
1790 2618 1947 2648 devotius
1972 2617 2180 2657 obsequeris,
2195 2618 2316 2658 primi-

1293 2672 1453 2704 ceriatum
1477 2681 1514 2703 ac
1535 2672 1741 2712 prebendam
1758 2671 1928 2702 Metenses
1944 2673 1976 2702 et
1991 2671 2192 2702 decanatum
2208 2671 2314 2703 Vien-

1294 2734 1431 2757 nensem
1458 2735 1495 2757 ac
1527 2725 1640 2756 omnia
1667 2725 1895 2756 ecclesiastica
1927 2724 2102 2759 beneficia,
2133 2725 2314 2764 prioratus,

1292 2780 1492 2818 personatus
1511 2787 1549 2809 ac
1571 2778 1754 2818 dignitates
1779 2785 1843 2817 que
1867 2786 1944 2808 cum
1968 2777 2159 2808 animarum
2183 2785 2264 2808 cura
2282 2778 2315 2809 et

1292 2832 1366 2863 sine
1377 2840 1468 2869 cura,
1482 2831 1704 2871 promotionis
1717 2832 1772 2861 tue
1783 2832 1944 2870 tempore,
1955 2830 2132 2862 obtinebas
2143 2831 2175 2861 et
2185 2830 2228 2861 ad
2238 2839 2313 2870 pre-

1294 2894 1373 2916 sens
1386 2885 1530 2920 obtines,
1543 2884 1754 2924 prepositura
1771 2884 1939 2924 Brugensi
1950 2886 1982 2915 et
1998 2883 2198 2916 cancellaria
2212 2883 2313 2915 Flan—
