2547 3289
267 240 328 270 380

269 329 342 355 nos,
363 320 558 357 diligentius
581 318 790 348 attendentes
809 317 896 355 quod
920 316 1105 354 plurimum
1125 315 1273 353 expedit,
1303 326 1305 334 ¹

268 374 306 404 ut
341 373 469 402 vacanti
503 370 694 408 Agennensi
732 369 873 399 ecclesie
906 368 1099 407 preficiatur
1130 376 1275 406 persona

269 426 431 457 catholica
446 428 475 453 et
499 426 647 454 Romane
662 423 780 452 devota
793 421 934 451 ecclesia
950 429 984 450 ac
998 421 1074 450 tidei
1091 420 1275 450 orthodoxe

269 478 423 513 zelatrix‚
443 480 468 506 el
488 476 638 506 volentes
656 476 687 504 in
703 475 762 504 hac
778 475 872 513 parte
887 473 1068 503 salubriter
1086 473 1275 511 providere,

268 529 482 561 universitati
505 530 614 558 vestre
628 530 743 558 tenore
760 526 970 565 presentium
987 526 1175 556 districtius
1192 525 1274 555 iuhi-

268 583 399 618 bemus.
420 591 459 611 ne
478 582 518 611 ad
537 581 766 620 provisionem
781 580 888 618 ipsius
908 579 1048 609 ecclesie
1065 579 1124 617 p'er
1143 579 1276 609 electio-

269 645 344 666 nem
371 635 422 664 vel
452 635 715 673 postulationem
740 635 796 663 aut
824 633 908 663 alias
929 632 1181 672 quomodolibet
1203 641 1277 671 pro-

268 689 383 719 cedere
403 687 620 725 presumatis.
637 687 708 717 Nos
728 695 805 725 ergo
824 694 956 716 exnunc
973 685 1106 715 irritum
1126 687 1157 715 et
1178 686 1275 715 inane

268 740 481 770 decernimus
508 739 667 778 quicquid
692 741 806 769 contra
829 738 1020 777 hujusmodi
1040 737 1274 769 inhibitionem

267 795 419 824 nostram
436 802 494 831 per
517 801 575 823 vos
597 792 774 831 contigerit
795 791 999 830 attemptari.
1021 791 1274 826 Verumtamen,

268 846 348 886 quia
363 846 521 876 nolumus
539 846 627 884 quod
639 846 755 876 eadem
773 845 915 875 ecclesia
929 845 986 874 diu
1002 846 1174 874 remaneat
1189 845 1275 875 sola-

267 899 319 930 cio
338 899 499 929 destituta
517 899 676 937 pastoris,
694 898 879 938 apostolica
894 897 990 927 vohis
1009 898 1150 928 firmiter
1166 900 1277 928 aucto-

268 952 367 983 ritate
386 952 593 991 precipimus
616 953 662 987 111,
687 952 775 981 infra
797 952 881 981 duos
904 959 1038 980 menses
1059 960 1077 981 a
1096 951 1149 981 die
1168 960 1278 990 recep-

1026 234 1268 264 REGISTRES
1290 233 1504 264 D'URBAIN
1527 233 1585 263 IV.

1377 323 1392 343 «
1409 336 1416 343 .
1432 338 1437 343 .
1452 313 1682 353 archiepiscopo
1698 313 1928 353 Burdeqalensz'.
1943 314 2027 344 Cum
2041 313 2125 344 bone
2139 317 2301 346 memorie
2316 341 2323 347 .
2339 341 2346 348 .

1337 367 1550 405 Agennensis
1563 367 1756 405 episcopus,
1769 367 1825 402 sit,
1842 367 1929 397 sicut
1946 367 2150 405 accepimus,
2164 367 2252 397 viam
2272 369 2347 398 uni-

1336 427 1434 449 verse
1458 420 1569 449 carnis
1598 420 1785 458 ingressus,
1816 420 1972 458 idemque
2000 422 2178 458 episcopus
2205 421 2349 451 multam

1336 473 1513 511 pecuniam
1531 473 1706 511 multaque
1721 472 1809 503 bona
1823 472 1963 503 mobilia
1978 481 2042 511 que
2057 481 2123 502 non
2140 472 2349 502 obvenerunt

1337 525 1644 563 eideproventibus
1654 525 2194 564 Agcnnensisecclesie‚lial›uisse
2205 526 2348 561 dicatur,

1338 586 1410 614 nos,
1431 578 1584 608 nolentes
1602 580 1637 608 ut
1659 579 1802 616 pecunia
1817 580 1849 608 et
1866 578 1952 608 bona
1971 578 2166 616 hujusmodi
2182 578 2350 608 inutiliter

1337 631 1585 670 dispergantur,
1598 631 1800 661 mandamus
1811 631 1972 670 quatinus
1985 631 2024 661 de
2035 631 2198 669 predictis
2208 631 2352 670 pecunia

1337 686 1370 714 et
1394 683 1503 721 bonis,
1531 683 1590 714 ubi
1612 684 1767 714 videlicet
1793 686 1823 714 et
1853 684 1941 723 apud
1965 693 2064 722 quem
2088 684 2154 714 sint
2181 684 2348 722 deposita,

1336 746 1396 776 per
1418 738 1450 767 te
1478 737 1529 767 vel
1553 745 1613 775 per
1635 737 1739 766 alium
1766 745 1825 767 3011
1851 737 1937 767 alios
1960 737 2140 776 diligenter
2160 737 2350 775 inquirens,

1338 790 1515 829 pecuniam
1531 792 1563 820 et-
1578 790 1665 820 bona
1681 790 1796 820 eadem
1816 790 1904 828 apud
1920 798 2166 828 quemcumque
2182 790 2235 820 vel
2251 798 2352 829 quos-

1337 852 1481 882 cumque
1502 843 1560 873 illa
1582 843 1765 875 inveneris,
1788 843 1987 873 auctoritate
2007 845 2123 873 nostra
2141 843 2262 873 saisire
2277 851 2352 881 pro-

1339 905 1446 932 cures,
1462 896 1587 935 illaque
1604 896 1733 926 tamdiu
1750 896 1854 925 facias
1870 896 2016 926 fideliter
2033 896 2209 931 custodiri,
2225 897 2352 926 contra-

1306 958 1307 963 *
1338 949 1484 979 dictores
1515 957 1574 987 per
1607 957 1784 978 censuram
1815 948 2090 983 ecclesiasticam,
2122 948 2351 986 appellatione

266 1005 369 1035 tionis
405 1005 613 1043 presentium
649 1005 910 1044 computandos,
945 1003 1077 1042 aliquos
1108 1013 1149 1034 ex
1180 1005 1277 1034 vohis
1306 1041 1307 1052 ¹

266 1057 428 1088 habentes
458 1059 652 1088 mandatum
683 1067 700 1087 a
734 1058 830 1087 vobis
858 1057 1049 1096 plenarium
1076 1058 1276 1096 providendi
1306 1093 1307 1100 ἵ

266 1111 485 1150 ipsiecclesie
497 1112 536 1142 de
553 1113 687 1150 pastore
701 1120 774 1141 cum
791 1113 906 1141 nostro
923 1110 1065 1140 consilio
1076 1112 1107 1140 et
1119 1120 1273 1148 assensu,

266 1164 320 1194 vel
344 1164 526 1203 repriendi
547 1165 775 1203 provisionem
792 1174 892 1203 quam
915 1172 975 1193 1103
996 1163 1104 1193 01110111
1122 1165 1274 1199 ecclesie,
1305 1138 1306 1214 l

265 1217 400 1247 auctore
413 1218 569 1253 Domino,
580 1218 779 1247 duxerimus
791 1217 990 1250 faciendam,
1003 1217 1042 1245 ad
1055 1217 1167 1247 sedem
1180 1227 1275 1256 apos-
1305 1235 1306 1255 3

265 1270 413 1304 tolicam,
426 1270 559 1301 sublato
575 1270 755 1309 cujuslibet
775 1271 987 1302 dit'ticultatis
1005 1272 1191 1303 obstaculo,
1203 1272 1275 1302 ‹les-

264 1323 394 1354 tinetis.
416 1325 537 1354 Datum
556 1325 643 1363 apud
663 1324 950 1359 Urbeinx'eterem,
972 1336 1014 1355 vii
1041 1326 1116 1355 idus
1142 1325 1272 1364 aprilis,
1305 1354 1306 1357 ,

266 1384 353 1406 anno
372 1377 481 1407 tertio.
503 1386 518 1405 2)

306 1470 344 1500 In
362 1471 504 1500 eundem
530 1471 666 1500 modum
691 1496 695 1500 .
717 1496 722 1500 .
748 1471 1000 1510 archiepiscopo
1018 1472 1272 1511 Burdegalensi.

265 1523 412 1554 Sinistro
429 1526 457 1554 et
480 1523 595 1557 flebili,
614 1525 688 1559 etc,
706 1526 739 1554 ut
759 1524 791 1553 in
810 1524 978 1562 superiori
994 1525 1151 1563 proxima
1168 1534 1275 1564 usque

265 1576 1129 1617 providere,dilectisfiliiscapituloAgennensi‚per
1140 1580 1275 1609 nostras

265 1628 328 1659 sub
345 1630 437 1659 certa
455 1630 561 1659 forma
581 1629 712 1660 litteras
736 1630 939 1665 inhibemus,
959 1632 1035 1665 ete„
1057 1631 1171 1661 verbis
1190 1640 1276 1662 com-

264 1683 417 1721 petenter
430 1683 580 1719 mutatis,
595 1691 702 1722 usque
717 1684 757 1713 ad
770 1683 884 1714 sedem
898 1684 1130 1722 apostolicam,
1142 1684 1275 1715 sublata

265 1734 417 1773 qualibet
432 1735 643 1771 difficultate,
659 1736 901 1766 transmittant.
913 1737 1056 1776 Ideoque
1070 1737 1274 1768 fraternitati

262 1788 320 1818 tue
330 1796 390 1826 per
400 1788 585 1826 apostolica
595 1789 1275 1827 scripta,invirtute01›e‹lientie,clist1·icte

263 1841 481 1880 precipiendo
504 1842 703 1872 mandamus
721 1843 881 1881 quatinus
902 1845 933 1873 et
952 1845 986 1873 tu
1010 1844 1083 1882 ipse
1105 1844 1276 1875 inhibitio-

264 1902 341 1924 nem
370 1895 401 1924 ct
422 1897 614 1933 preceptum
641 1895 835 1934 hujusmodi
860 1896 968 1926 eidem
993 1897 1140 1935 capitulo
1164 1899 1274 1928 aucto-

263 1947 363 1977 ritate
380 1948 505 1983 nostra,
524 1956 582 1986 per
600 1949 632 1978 te
650 1948 702 1978 vel
721 1957 779 1987 per
796 1949 899 1978 alium
921 1958 979 1979 seu
998 1950 1095 1985 alios,
1117 1951 1274 1989 sollemp-

264 1999 353 2029 niter
378 2000 538 2030 innovare
565 2009 737 2039 procures,
760 2002 987 2040 rescripturus
1008 2003 1106 2033 nobis
1130 2004 1275 2034 fideliter

264 2052 425 2091 quicquid
455 2061 555 2092 super
588 2053 649 2083 hoc
679 2054 818 2084 duxeris
849 2055 1049 2086 faciendum.
1084 2056 1209 2086 Datum
1239 2059 1274 2087 ut

263 2113 379 2144 snpra.

303 2158 342 2188 In
366 2159 508 2189 eundem
538 2159 674 2190 modum
702 2160 811 2190 eidem
840 2161 1102 2200 archiepiscopo.
1128 2162 1274 2193 Sinistro

263 2212 297 2241 et
313 2210 429 2245 flebili,
447 2213 522 2248 etc,
539 2213 575 2242 111
593 2212 627 2242 in
645 2213 812 2251 superiori
830 2222 937 2252 usque
954 2215 1171 2253 precipiendo
1185 2224 1274 2246 nian-

262 2263 383 2294 damus
409 2265 580 2303 quatinus,
607 2266 636 2295 si
659 2266 799 2304 predicti
827 2267 1011 2305 capitulum
1038 2267 1187 2306 aliquem
1211 2269 1275 2298 ele-

261 2318 383 2356 gerunt
403 2318 471 2356 jam
491 2318 543 2347 vel
567 2319 731 2357 elegerint
751 2319 782 2348 in
802 2320 997 2359 episcopum
1023 2321 1270 2360 Agennensem,

262 2369 462 2401 electionem
475 2371 669 2409 hujusmodi
683 2372 881 2403 confirmare
895 2373 992 2412 eique
1009 2375 1272 2405 consecrationis

259 2431 385 2453 munus
404 2423 598 2462 impendere
616 2433 681 2455 non
701 2434 891 2464 presumas,
911 2427 969 2457 sed
988 2427 1098 2465 ipsum
1117 2428 1272 2466 protinus

260 2476 302 2506 ad
321 2477 527 2515 presentiam
548 2479 698 2508 nostram
715 2479 841 2514 mittas,
859 2479 1019 2518 quoniam
1038 2481 1067 2510 si
1085 2489 1183 2511 secus
1200 2489 1272 2519 prc-

258 2529 460 2568 sumpseris,
486 2538 547 2560 1103
571 2530 705 2562 irritum
729 2540 770 2562 ex
799 2540 885 2562 nunc
908 2541 945 2563 ac
973 2542 1115 2564 vacuum
1136 2535 1272 2573 penitus

258 2581 472 2613 decernimus
490 2584 521 2613 et
536 2583 645 2616 inane.
664 2584 789 2615 batum
808 2586 844 2616 111
861 2594 975 2625 supra.
995 2596 1010 2615 »

347 2744 419 2775 787

848 2745 970 2776 Orvieto,
992 2747 1007 2771 7
1025 2745 1096 2772 avril
1118 2746 1194 2773 1204.

291 2821 511 2857 Arehiepiscopo
539 2823 742 2858 Burdegalcnsi
769 2824 885 2851 mandat
914 2823 1008 2851 saisiri
1036 2828 1166 2860 procuret
1196 2826 1268 2853 bona

254 2871 399 2905 quondam
436 2871 561 2906 episcopi
593 2871 783 2907 Agennensis.
821 2873 901 2907 (11110.
934 2874 978 2905 28,
1015 2873 1064 2901 fol.
1104 2874 1170 2907 100,
1199 2883 1262 2904 cur.

254 2926 322 2946 ann.
341 2918 388 2950 111,
408 2924 438 2946 n⁰
452 2920 510 2954 73.)

1301 2538 1302 2567 1

1299 2640 1302 2659 i

1298 2684 1301 2713 1

1298 2742 1299 2754 i

1297 2785 1299 2802 1

1295 2919 1297 2931 1

1338 1002 1540 1040 postposita,
1552 1001 1807 1040 compescendo,
1818 1001 1921 1031 donec
1937 1003 2090 1031 nostrum
2104 1000 2164 1031 tibi
2176 1010 2278 1040 super
2290 1001 2352 1032 hoc

1338 1055 1585 1093 heneplacitum
1610 1055 1811 1084 duxerimus
1834 1054 2071 1090 intimandum,
2100 1053 2198 1084 nobis
2217 1054 2298 1092 quid
2319 1057 2351 1084 et

1337 1112 1500 1147 quantum
1525 1110 1556 1138 et
1575 1109 1663 1146 apud
1685 1116 1770 1146 quos
1792 1109 1831 1137 de
1857 1108 2018 1146 predictis
2038 1107 2180 1146 pecunia
2202 1109 2233 1137 et
2251 1107 2352 1137 bonis

1337 1162 1518 1197 inveneris,
1552 1163 1580 1191 et
1613 1163 1724 1191 utrum
1753 1161 1925 1199 predictus
1956 1161 2136 1198 episcopus
2163 1160 2351 1190 condiderit

1336 1216 1589 1250 testamentum,
1609 1216 1640 1243 et
1666 1214 1692 1243 si
1716 1213 1852 1251 aliquod
1871 1213 2031 1247 condidit,
2052 1213 2194 1242 formam
2211 1213 2295 1251 ejus,
2319 1214 2352 1243 et

1337 1267 1497 1306 quicquid
1514 1268 1553 1296 de
1568 1267 1634 1296 hiis
1651 1266 1857 1304 compereris
1871 1268 1927 1296 aut
1944 1266 2030 1295 scire
2048 1266 2186 1304 poteris,
2204 1265 2350 1296 fideliter

1337 1321 1576 1358 rescripturus.
1598 1320 1723 1350 Datum
1742 1321 1777 1349 ut
1800 1328 1914 1358 supra.
1941 1329 1955 1347 n

1933 1503 2057 1534 (ti-vieto,
2075 1505 2090 1530 T
2107 1503 2182 1530 avril
2200 1504 2276 1531 1264.

1426 1507 1498 1537 788

1371 1591 1408 1616 De
1424 1590 1551 1625 pecuniis
1572 1590 1716 1624 quondam
1737 1589 1863 1623 episcopi
1883 1588 2062 1624 Agennensis
2079 1589 2152 1623 apud
2170 1591 2348 1615 mercatores

1335 1639 1515 1666 Florentinos
1532 1641 1557 1665 et
1585 1640 1723 1665 Senenses
1750 1638 2001 1672 montispessulani
2024 1638 2173 1672 depositis.
2195 1638 2276 1672 111εο.
2300 1638 2345 1668 28,

1336 1688 1384 1715 fol.
1407 1689 1465 1715 loo.
1482 1696 1542 1715 cnr.
1559 1696 1626 1714 anu.
1643 1688 1690 1714 111.
1710 1692 1741 1713 n⁰
1758 1687 1814 1722 71.)

1377 1804 1390 1820 11
1416 1818 1421 1823 .
1441 1817 1446 1822 .
1473 1793 1615 1833 episcopo
1634 1791 1845 1831 Mayalonensi
1869 1797 1896 1821 ce
1917 1816 1922 1821 .
1941 1816 1947 1821 .
1974 1792 2072 1831 priori
2099 1792 2195 1821 sancti
2219 1791 2354 1822 Fit-mini

1336 1846 1371 1876 de
1393 1845 1653 1886 illonlcpcsulaer
1676 1845 1794 1875 ordinis
1810 1846 1909 1875 saticti
1929 1845 2107 1885 Auqustini‚
2125 1845 2352 1885 illayalonensis

1336 1900 1472 1930 diocesis.
1503 1899 1587 1930 Cum
1615 1898 1701 1929 bone
1725 1899 1889 1928 memorie
1915 1898 2129 1937 Agennensis
2157 1899 2350 1938 episcopus,

1336 1962 1443 1992 usque
1460 1953 1616 1991 idemque
1635 1952 1815 1990 episcopus
1833 1960 1989 1991 magnam
2007 1952 2147 1990 pecunie
2167 1960 2349 1988 summam,

1335 2008 1410 2042 etc„
1430 2015 1538 2044 usque
1556 2005 1771 2044 Agennensis
1788 2005 1941 2041 ecclesie,
1960 2005 2049 2044 apud
2067 2004 2248 2035 nonnullos
2265 2014 2352 2036 mer-

1335 2060 1466 2089 catores
1488 2060 1654 2089 Senenses
1678 2060 1707 2088 et
1733 2058 1949 2088 Florentinos
1974 2060 2003 2088 et
2024 2066 2188 2096 personas
2211 2058 2296 2088 alias
2315 2059 2349 2088 in

1336 2112 1615 2150 Montepesulano
1628 2113 1657 2141 et
1671 2110 2349 2150 111111101101110011111101311103,(10110301330

1335 2165 1476 2201 dicatur,
1505 2174 1577 2201 1103,
1604 2164 1758 2194 nolentes
1776 2166 1810 2194 ut
1834 2165 1975 2203 pecunia
1994 2166 2025 2194 et
2048 2164 2135 2194 bona
2154 2164 2349 2203 hujusmodi

1335 2218 1497 2248 similiter
1522 2219 1772 2256 dispergantur,
1793 2217 1990 2248 discretioni
2012 2219 2122 2247 vestre
2148 2218 2350 2248 mandamus

1335 2274 1493 2311 quatinus
1522 2280 1582 2301 vos
1615 2271 1666 2301 vel
1697 2271 1781 2301 alter
1814 2272 1964 2301 vestrum
1996 2270 2155 2300 omnibus
2185 2271 2350 2310 predictis

1303 2341 1304 2344 =
1334 2324 1577 2355 mercatoribus
1597 2327 1625 2355 et
1646 2325 1724 2354 aliis
1741 2324 2013 2363 quibuscumque
2031 2324 2201 2362 personis,
2218 2324 2258 2354 de
2276 2324 2349 2363 qui-

1334 2378 1397 2408 bus
1427 2378 1584 2417 expedire
1619 2378 1775 2408 videritis
1787 2401 1794 2413 ,
1826 2377 2026 2407 auctoritate
2060 2379 2175 2408 nostra
2206 2377 2349 2408 firmiter

1335 2431 1484 2461 inhibere
1507 2431 1643 2465 curetis,
1663 2440 1704 2461 ne
1723 2431 1763 2461 de
1780 2431 1925 2469 pecunia
1941 2431 1972 2461 et
1990 2430 2090 2460 bonis
2107 2431 2236 2461 eisdem
2255 2430 2349 2470 quic-

1333 2493 1435 2523 quam
1462 2485 1563 2515 alicui
1592 2484 1723 2515 solvere
1753 2484 1807 2514 vel
1837 2483 1996 2514 exhibere
2027 2486 2243 2522 presumant,
2273 2483 2348 2514 sine

1333 2539 1447 2567 nostro
1465 2538 1623 2567 mandato
1640 2539 1671 2567 et
1689 2537 1827 2567 licentia
1844 2536 1996 2575 speciali,
2015 2536 2149 2575 plenam
2164 2538 2194 2567 et
2209 2544 2348 2575 expres-

1332 2599 1404 2620 sam
1437 2591 1578 2621 t'aciente
1607 2590 1647 2620 de
1679 2589 1879 2620 inhibitione
1904 2589 2098 2628 hujusmodi
2123 2589 2344 2624 mentionem,

1331 2643 1530 2683 rescripturi
1543 2643 1640 2674 nobis
1657 2643 1801 2674 fideliter
1815 2642 1977 2682 quicquid
1993 2651 2095 2682 super
2105 2642 2166 2672 hoc.
2177 2642 2348 2673 duxeritis

1333 2695 1533 2728 faciendum.
1553 2698 1678 2728 Datum
1694 2696 1783 2737 apud
1797 2695 2086 2732 Urbemveterem,
2105 2704 2152 2726 vn
2166 2695 2243 2727 idus
2259 2695 2348 2735 apri-

1298 2758 1299 2778 1
1330 2751 1385 2787 113,
1407 2760 1493 2782 anno
1513 2752 1583 2782 1110.
1605 2763 1620 2779 »
