2547 3289
1073 239 1312 277 'rROIsIEME
1340 239 1500 276 ANNFJE.

244 333 322 362 licet
336 333 454 362 feriam
466 332 618 370 quintam
628 331 818 370 proximam
830 333 903 368 post
915 329 1118 359 dominicam
1131 328 1254 357 festum

243 386 464 415 Pentecosten
481 385 590 423 primo
607 384 816 423 sequentem,
834 384 867 412 ut
886 383 918 411 in
935 382 1008 420 ipsa
1026 382 1144 420 quinta
1158 381 1252 416 feria,

243 439 359 468 devote
383 438 479 468 turbe
499 437 650 467 fidelium
675 438 810 475 propter
839 435 898 465 1106
921 435 961 464 1111
979 434 1141 464 6661651115
1160 434 1255 463 affec-

243 491 339 520 tuose
362 491 574 524 concurrant,
600 490 636 519 ut
656 490 734 518 tunc
753 488 834 518 cleri
853 488 884 517 et
902 487 1017 525 populi
1036 486 1162 525 pariter
1181 494 1255 515 6011-

242 543 439 582 gaudentes,
466 543 501 572 111
529 542 657 572 cantica
682 541 792 571 laudis
820 541 970 578 surgant,
1000 541 1078 569 tunc
1103 539 1253 568 omnium

243 596 343 625 corda
363 597 395 625 et
420 597 506 630 vota,
534 603 591 624 ora
616 596 648 624 et
676 593 766 623 labia
796 602 915 632 ymnos
941 594 1123 630 personent
1147 591 1253 621 letitie

244 649 416 683 salutaris,
449 650 527 677 tunc
553 647 677 685 psallat
703 646 796 681 111165,
826 654 904 683 spes
930 645 1102 683 tripudiet,
1127 644 1253 674 exultet

243 701 377 736 caritas,
397 700 531 730 devotio
552 700 701 738 plaudat,
727 698 848 736 jubilet
867 698 997 735 puritas
1019 699 1050 727 et
1076 697 1254 726 sinceritas
1284 714 1285 740 3

238 753 450 791 Jocundetur,
481 754 560 782 tunc
593 751 718 789 singuli
751 751 854 780 alacri
887 751 998 779 animo
1032 751 1253 788 promptaque

242 806 413 836 voluntate
435 805 646 839 conveniant,
670 812 731 833 sua
753 803 865 833 studia
884 802 1101 832 laudabiliter
1120 802 1160 832 ad
1178 811 1253 831 exe-

242 858 374 895 quenda
401 857 486 887 tanti
509 857 587 886 festi
609 857 811 894 sollempnia
829 855 1116 890 transfundentes,
1137 856 1168 884 et
1192 855 1254 884 uti-

242 919 319 940 nam
338 911 376 940 ad
396 910 521 939 Christi
540 909 739 939 servitutem
757 909 806 938 sic
821 908 893 946 ejus
908 908 1024 937 11116165
1040 908 1139 937 ardor
1155 908 1254 937 dilec-

241 963 344 992 tionis
363 962 560 995 inflammet,
577 963 612 991 ut
625 961 754 999 11611166
770 962 801 990 61
815 960 881 989 alia
899 959 1152 998 proficientibus
1169 960 1254 998 ipsis

241 1016 441 1045 meritorum
469 1014 604 1044 cumulo
632 1014 719 1052 apud
745 1022 833 1049 eum,
865 1013 937 1051 ipse
963 1014 1019 1051 qui
1050 1021 1084 1042 se
1105 1021 1165 1051 pro
1183 1013 1253 1042 illis

240 1068 332 1098 dedit
352 1068 386 1097 in
403 1068 549 1106 pretium
570 1067 758 1105 tribuitque
781 1075 814 1095 se
836 1065 921 1104 ipsis
939 1066 971 1095 in
991 1065 1165 1103 pabulum,
1183 1068 1251 1096 tan-

240 1121 316 1151 dem
329 1123 405 1159 post
419 1120 614 1159 hujusmodi
631 1120 697 1149 vite
712 1120 904 1152 decursum,
920 1119 969 1148 eis
986 1127 1021 1148 se
1038 1119 1071 1148 in
1086 1119 1253 1156 premium

241 1174 415 1213 largiatur.

281 1228 424 1266 Ideoque
451 1227 707 1257 universitatem
727 1228 875 1256 vestram
898 1234 1076 1255 monemus
1097 1226 1129 1255 et
1145 1225 1254 1255 horta—

242 1290 316 1310 mur
336 1281 370 1310 in
388 1280 544 1315 Domino,
562 1288 621 1318 per
646 1279 833 1317 apostolica
848 1277 942 1308 vobis
958 1278 1084 1316 scripta
1099 1278 1256 1307 mandan-

241 1336 291 1364 tes
308 1334 468 1372 quatinus
487 1335 557 1363 tam
574 1332 747 1363 excelsum
766 1333 797 1362 et
815 1333 884 1361 tam
907 1331 1093 1370 gloriosum
1116 1331 1253 1367 festum,

241 1387 392 1425 predicta
410 1387 528 1425 quinta
546 1386 630 1415 feria
654 1385 799 1423 singulis
823 1385 932 1421 annis,
958 1393 1033 1414 cum
1051 1393 1171 1414 novem
1193 1385 1255 1415 lec-

241 1439 404 1475 tionibus,
436 1448 510 1469 cum
540 1438 784 1477 responsoriis.
819 1437 1016 1473 versiculis,
1049 1437 1252 1475 antiphonis,

241 1493 400 1531 psalmis,
430 1492 544 1530 ymnis
570 1494 601 1522 et
624 1491 833 1522 orationibus
857 1491 922 1529 ipsi
951 1491 1037 1520 festo
1062 1491 1255 1529 specialiter

242 1545 518 1584 congruentibus,
544 1553 607 1583 que
628 1553 703 1574 cum
730 1543 866 1582 proprio
894 1543 997 1573 misse
1023 1543 1131 1573 officio
1159 1543 1255 1573 vobis

241 1598 303 1628 sub
328 1599 421 1628 bulla
446 1599 562 1628 nostra
588 1598 756 1627 mittimus
775 1597 970 1629 interclusa,
991 1596 1107 1625 devote
1133 1605 1168 1625 ac
1192 1597 1255 1626 sol-

241 1652 420 1690 lempniter
435 1651 626 1686 celebretis,
641 1652 672 1680 et
690 1650 821 1680 faciatis
840 1649 990 1679 studiose
1006 1658 1064 1687 per
1076 1650 1254 1679 universas

241 1704 401 1734 ecclesias
416 1706 606 1734 vestrarum
626 1703 801 1733 civitatum
822 1704 853 1732 et
873 1702 1059 1731 diocesium
1078 1702 1252 1737 celebrari,

240 1757 395 1787 subditos
414 1757 545 1786 vestros
565 1756 598 1785 in
617 1756 747 1794 prefata
761 1755 943 1791 dominica,
962 1755 1086 1784 dictam
1101 1755 1253 1793 quintam

241 1810 360 1840 feriam
378 1809 534 1848 proximo
555 1808 766 1847 precedente,
796 1807 1004 1837 salutaribus
1026 1808 1164 1837 monitis
1191 1808 1254 1837 501-

241 1863 332 1892 licite
356 1870 413 1900 per
432 1870 491 1892 vos
513 1863 545 1891 et
568 1870 626 1899 per
653 1861 738 1890 alios
758 1860 985 1895 exhortantes,
1006 1860 1041 1889 ut
1059 1869 1117 1898 per
1139 1869 1253 1890 veram

241 1917 272 1945 et
295 1924 414 1953 puram
441 1915 701 1949 confessionem,
735 1913 999 1943 elemosinarum
1026 1913 1251 1951 largitionem,

241 1970 387 1998 attentas
402 1969 434 1997 et
451 1967 587 1997 sedulas
603 1967 772 1996 orationes
792 1975 827 1995 ac
852 1966 918 1995 alia
934 1966 1124 1995 devotionis
1142 1968 1173 1996 et
1188 1967 1253 2004 pie-

239 2021 319 2050 tatis
340 2029 451 2059 opera,
473 2020 585 2050 taliter
603 2028 638 2049 se
657 2019 814 2048 studeant
834 2027 1027 2056 preparare,
1046 2019 1134 2057 quod
1153 2019 1253 2057 hujus

240 2073 482 2112 pretiosissimi
505 2072 719 2105 sacramenti,
740 2072 903 2110 largiente
924 2073 1080 2105 Domino,
1105 2081 1254 2102 merean-

238 2129 293 2157 tur
319 2127 391 2156 tieri
417 2126 617 2164 participes,
648 2126 847 2163 possintque
878 2125 989 2162 ipsum
1020 2125 1109 2155 dicta
1137 2125 1253 2163 quinta

241 2180 324 2210 feria
341 2179 513 2218 suscipere
531 2180 723 2208 reverenter
745 2187 781 2207 ac
803 2178 874 2215 ejus
895 2179 1018 2208 virtute
1036 2180 1252 2217 augmentum

241 2233 402 2271 consequi
428 2233 623 2271 grat-iarum.
652 2233 721 2261 Nos
746 2231 835 2261 enim
861 2231 1111 2266 christifideles,
1139 2233 1179 2262 ad
1202 2241 1253 2262 60-

241 2286 376 2316 lendum
398 2287 430 2315 et
449 2285 688 2315 celebrandum
707 2284 946 2313 venerabiliter
966 2286 1097 2314 tantum
1115 2285 1251 2318 festum,

241 2339 339 2368 donis
362 2338 514 2368 volentes
538 2337 775 2376 spiritualibus
804 2337 965 2373 animare,
993 2337 1150 2367 omnibus
1176 2347 1252 2369 vere

242 2390 472 2430 penitentibus
500 2392 531 2420 et
549 2390 726 2425 confessis,
755 2390 813 2427 qui
836 2390 1026 2419 matutinali
1046 2390 1157 2420 oflicio
1176 2391 1253 2421 festi

242 2444 404 2483 ejusdem,
430 2444 463 2472 in
484 2443 627 2473 ecclesia
645 2443 678 2471 in
708 2451 773 2480 qua
797 2442 881 2471 illud
901 2442 1137 2478 celebrabitur,
1154 2444 1254 2474 inter-

244 2497 378 2532 fuerint,
401 2498 546 2530 centum,
573 2495 628 2533 qui
655 2504 732 2525 vero
759 2495 862 2524 misse
884 2495 1036 2528 totidem,
1066 2496 1123 2534 qui
1142 2499 1252 2526 autem

244 2550 275 2579 in
306 2549 427 2587 primis
455 2548 564 2586 ipsius
591 2548 675 2578 feste
709 2548 860 2585 vesperis
891 2548 1067 2578 intererint
1095 2548 1254 2579 similiter

242 2604 388 2637 centum,
415 2602 472 2640 qui
499 2610 577 2630 vero
603 2601 636 2630 in
661 2600 819 2630 secundis
845 2601 996 2630 totidem.
1025 2601 1097 2630 [llis
1122 2611 1253 2640 quoque

243 2656 299 2694 11111
318 2655 442 2691 Ρ111116,
457 2654 582 2689 Tertie,
596 2654 707 2689 Sexte,
727 2654 821 2683 None
839 2663 875 2683 ac
893 2654 1114 2691 Completorii
1132 2654 1254 2684 01116115

243 2707 471 2740 interfuerint,
489 2715 549 2745 pro
572 2705 723 2745 qualibet
751 2706 907 2735 horarum
938 2707 1089 2744 ipsarum
1114 2708 1255 2745 quadra-

243 2762 346 2799 ginta.
368 2760 426 2790 Eis
444 2762 556 2789 autem
575 2760 632 2798 11111
650 2768 708 2797 per
732 2761 867 2789 octavas
887 2759 995 2797 ipsius
1014 2759 1101 2795 festi,
1123 2761 1254 2790 matuti-

244 2814 390 2848 nalibus,
409 2813 625 2851 vespertinis,
649 2813 764 2848 misse,
789 2822 825 2841 ac
847 2813 1074 2850 predictarum
1096 2813 1253 2843 horarum

243 2867 366 2897 officiis
397 2865 585 2902 intererint,
619 2867 752 2895 centum
784 2865 856 2895 dies
885 2866 1029 2904 singulis
1061 2867 1255 2897 octavarum

245 2921 395 2958 ipsarum
412 2918 544 2955 diebus,
564 2919 604 2948 de
626 2919 868 2956 omnipotentis
888 2919 950 2948 Dei
970 2919 1203 2949 misericordia
1223 2921 1253 2948 et
1285 2911 1288 2943 1

375 2985 512 3012 URBAIN
535 2985 587 3014 IV,
608 2987 629 3011 t.
651 2984 688 3011 ΙΙ.
713 2985 775 3017 Rey.
798 2985 858 3010 ord.

2266 249 2326 278 425

1316 327 1491 357 beatorum
1510 328 1601 357 Petri
1617 330 1647 358 et
1666 329 1773 361 Pauli,
1787 329 2016 366 apostolorum
2030 329 2113 367 ejus,
2126 331 2324 361 auctoritate

1315 381 1444 414 conlisi,
1479 381 1518 410 de
1549 381 1709 419 injunctis
1737 381 1802 411 sibi
1835 382 2031 420 penitentiis
2060 382 2325 413 misericorditer

1316 434 1520 463 relaxamus.
1543 434 1667 464 Datum
1688 434 1775 472 apud
1804 435 2092 469 Urbei‘nveterem,
2123 445 2155 464 111
2177 435 2251 465 idus
2271 445 2325 465 au-

1315 487 1417 525 gusti,
1433 495 1518 516 anno
1539 487 1605 517 111⁶.
1627 499 1641 513 υ

1404 640 1476 669 875

1914 640 2037 669 orriolo,
2059 642 2074 665 ‘a
2092 642 2154 665 aout
2177 640 2251 666 12134.

1351 722 1490 753 lllathaco,
1509 723 1535 747 S.
1558 722 1661 748 Mariae
1678 723 1703 748 in
1727 723 1840 749 Porticu
1859 724 1979 749 diacono
2000 724 2147 753 vurdinali,
2170 725 2322 750 [6610111110

1317 770 1483 796 l'atrimonii
1509 771 1534 797 b.
1554 771 1627 797 l'ctri
1647 771 1673 796 in
1691 771 1790 797 Tuscia
1810 772 1976 798 committit.
1994 772 2074 805 1111311.
2092 772 2199 803 28,1“01.
2222 773 2267 799 123
2284 780 2322 805 v0,

1314 827 1372 844 cur⁴
1389 827 1454 844 ann.
1474 819 1517 845 111,
1537 824 1566 844 11⁰
1588 820 1649 847 lot:
1668 819 1813 845 Porrussr
1834 821 1940 854 moer.)

1355 916 1369 933 11
1393 904 1446 938 M.,
1466 911 1566 934 sancta
1588 906 1708 943 pilario,
1730 907 1760 934 in
1784 905 1908 935 Portica
1926 906 2053 935 diacono
2075 906 2237 941 cardinali,
2262 916 2323 935 rec-

1316 958 1374 986 tori
1394 958 1583 987 Palrimouii
1598 959 1676 986 baali
1701 958 1784 986 Patri
1803 959 1832 987 1η
1854 959 1973 993 Tuscia,
1993 959 2157 998 apostolice
2182 959 2259 987 seclis
2285 959 2323 988 le-

1314 1016 1393 1049 qneo.
1419 1011 1453 1040 ln
1473 1020 1653 1049 suppremo
1674 1011 1916 1049 speculationis
1937 1012 2060 1041 vertice
2079 1012 2131 1041 cui
2154 1021 2225 1047 nos,
2248 1012 2323 1041 licet

1317 1064 1483 1102 indignos,
1503 1064 1686 1102 apostolice
1704 1064 1879 1102 dignitatis
1899 1065 2021 1103 gradus
2040 1064 2189 1102 pertulit,
2202 1065 2323 1094 consti-

1315 1117 1390 1150 tuti,
1421 1117 1572 1155 cogimur
1600 1117 1758 1146 universa
1788 1118 1856 1146 fere
1888 1117 1977 1146 mala
2008 1117 2132 1156 quibus
2159 1119 2324 1147 terrarum

1316 1169 1408 1199 orbis
1438 1169 1603 1203 atteritur,
1635 1170 1731 1207 quasi
1757 1170 1884 1199 nostris
1911 1169 2061 1208 subJecta
2089 1170 2325 1207 conspectibus

1316 1223 1453 1256 intueri,
1481 1224 1618 1260 propter
1647 1222 1736 1260 quod
1766 1222 1932 1260 profunda
1960 1223 2153 1261 frequenter
2179 1223 2327 1261 suspiria

1316 1277 1347 1305 et
1376 1284 1490 1305 amara
1515 1275 1745 1313 producimus,
1771 1275 1850 1305 dum
1878 1276 2032 1306 videmus
2061 1276 2149 1314 quod
2179 1276 2226 1305 sic
2257 1276 2326 1314 jam

1317 1328 1468 1358 seculum
1493 1328 1672 1358 declinavit
1700 1328 1741 1358 ad
1764 1328 1902 1364 malum,
1930 1329 2030 1367 quod,
2053 1329 2326 1358 excrescentibus

1316 1384 1346 1412 et
1362 1382 1648 1412 invalescentibus
1668 1382 1751 1411 ineo
1768 1382 1892 1416 noxiis,
1906 1382 2004 1420 quasi
2019 1382 2076 1411 vix
2093 1382 2187 1411 locus
2205 1382 2236 1411 in
2254 1383 2326 1420 ipso

1316 1434 1523 1464 salutaribus
1544 1434 1725 1469 invenitur,
1747 1436 1778 1464 et
1799 1434 1937 1464 exclusa
1954 1434 2023 1464 1616
2042 1434 2118 1464 111116
2137 1435 2325 1469 concordia,

1316 1487 1473 1517 stabilem
1497 1487 1597 1517 habet
1624 1486 1670 1516 ibi
1696 1487 1867 1517 discordia
1893 1488 2115 1517 mansionem.
2146 1488 2245 1517 Forte
2266 1496 2327 1517 nos

1316 1549 1434 1570 sumus
1453 1541 1492 1570 ad
1512 1549 1596 1578 quos
1619 1541 1825 1570 devenerunt
1844 1540 2036 1570 seculorum
2056 1541 2149 1572 lines,
2170 1549 2244 1570 cum
2261 1549 2327 1570 non

1315 1594 1427 1624 solum
1437 1602 1518 1632 gens
1535 1595 1649 1623 contra
1663 1595 1794 1632 gentem
1808 1594 1970 1632 insurgat,
1984 1602 2047 1623 non
2064 1594 2173 1623 solum
2188 1603 2326 1632 regnum

1316 1656 1416 1685 regno
1440 1647 1599 1680 minetur,
1617 1646 1674 1676 sed
1695 1648 1844 1676 armatur
1863 1647 1964 1676 etiam
1982 1647 2160 1676 temeraria
2179 1646 2326 1676 liliorum

1315 1700 1501 1738 procacitas
1526 1700 1559 1729 in
1584 1700 1752 1738 parentes,
1780 1700 1910 1735 fratres,
1932 1699 2108 1738 sanguinis
2131 1699 2256 1729 violato
2284 1700 2328 1729 fe—

1315 1753 1404 1789 dere,
1426 1753 1559 1783 seviunt
1583 1753 1697 1782 contra
1724 1753 1855 1787 fratres,
1881 1754 1912 1782 et
1935 1752 2137 1791 generaliter
2163 1753 2326 1782 indomita

1316 1804 1562 1834 imbecillitatis
1587 1804 1730 1833 humane
1754 1803 1913 1842 snperbia
1932 1803 2170 1834 insatiabiliter
2191 1804 2267 1833 furit
2292 1804 2325 1833 in

1315 1858 1522 1896 sanguinem,
1546 1857 1806 1895 implacabiliter
1828 1857 1935 1895 spirat
1953 1857 1985 1886 in
2004 1857 2117 1886 cedem
2142 1859 2173 1887 61.
2196 1857 2327 1887 insana-

1314 1911 1428 1941 biliter
1452 1911 1552 1949 gestit
1580 1911 1612 1939 in
1637 1911 1792 1944 mortem,
1821 1910 1935 1948 sicque
1961 1910 2085 1948 ubique
2106 1910 2266 1939 mortales
2292 1911 2325 1939 in

1315 1964 1574 1994 concertationis
1604 1964 1758 1992 insanam
1788 1971 1971 2001 prorupere
1997 1963 2213 1998 dementiam,
2239 1964 2324 2001 qnod

1314 2017 1419 2055 gratis
1446 2026 1563 2055 pacem
1591 2016 1704 2046 odiunt
1739 2016 1911 2052 socialem,
1943 2019 1973 2046 et
1999 2016 2126 2046 alterno
2152 2017 2326 2046 studentes

1315 2070 1430 2103 exitio,
1455 2070 1611 2099 videntur
1632 2070 1735 2107 impie
1759 2070 1972 2107 conspirasse
1997 2078 2070 2099 cum
2092 2072 2209 2099 morte,
2241 2070 2325 2099 Him-

1315 2123 1476 2162 procedit,
1488 2132 1547 2161 pro
1564 2123 1676 2152 dolor!
1698 2123 1787 2160 1111011
1801 2126 1917 2152 sancta
1934 2123 2083 2152 Romana
2102 2125 2208 2152 mater
2225 2123 2326 2152 eccle-

1315 2177 1376 2212 sia,
1395 2176 1461 2205 hiis
1480 2176 1659 2214 presertim
1674 2175 1806 2211 diebus,
1819 2176 2093 2213 persecutionum
2113 2176 2324 2214 circumqua-

1315 2239 1378 2268 que
1399 2229 1645 2267 insurgentium
1667 2228 1800 2258 malleis
1820 2229 2019 2266 flagellatur,
2041 2237 2114 2257 cum
2135 2237 2198 2257 non
2216 2228 2325 2257 solum

1315 2283 1360 2312 hii
1389 2283 1445 2321 qui
1470 2290 1641 2320 nunquam
1663 2290 1734 2311 eam
1756 2283 1897 2310 matrem
1928 2290 1986 2310 sue
2014 2281 2224 2318 111-111115510ιί11
2250 2281 2325 2310 111161

1315 2338 1534 2375 agnoverunt,
1563 2335 1653 2364 viros
1672 2336 1847 2363 exerceant
1870 2336 1984 2363 contra
2006 2334 2126 2372 ipsam,
2149 2334 2206 2363 sed
2226 2343 2325 2371 quam

1315 2389 1412 2419 multi
1426 2389 1539 2421 etiam,
1553 2396 1636 2426 quos
1652 2387 1812 2425 baptismi
1829 2387 2080 2425 regeneratione
2096 2387 2273 2425 parturivit
2294 2388 2325 2416 in

1315 2443 1415 2478 tilios,
1435 2444 1466 2471 et
1486 2442 1541 2479 qni
1559 2441 1670 2470 dulcia
1685 2440 1757 2478 ejus
1777 2440 1879 2470 ubera
1899 2440 1932 2469 in
1950 2440 2132 2469 multorum
2150 2440 2325 2469 beneficio-

1315 2504 1388 2525 rum
1408 2494 1621 2532 perceptione
1642 2495 1819 2523 suxerunt.
1846 2493 1953 2522 6116611
1970 2493 2040 2531 jam
2067 2493 2325 2529 degeneratione

1315 2548 1478 2586 privigni,
1504 2548 1714 2576 diversarum
1740 2546 1772 2575 in
1801 2554 1874 2575 eam
1902 2546 2193 2584 iinpugnationum
2222 2546 2326 2575 armis

1316 2601 1504 2639 insurgunt.
1532 2600 1617 2629 Nam
1645 2607 1744 2637 quam
1766 2598 1973 2628 horribiliter
2000 2598 2161 2628 hactenus
2182 2599 2327 2628 Manfre-

1285 2657 1286 2665 ¹
1315 2655 1388 2689 dus,
1417 2653 1586 2692 11110111111111
1610 2652 1764 2690 princeps
1784 2651 1998 2687 Tarentinus,
2018 2651 2195 2681 e‹·¹;·1‹‘=siam
2216 2652 2324 2689 ipsam

1316 2716 1375 2736 sue
1402 2706 1545 2735 furentis
1573 2704 1799 2743 tyrampnidis
1826 2703 1996 2733 morsibus
2022 2704 2054 2733 in
2082 2704 2327 2742 temporalibus

1316 2760 1387 2797 ejus
1418 2758 1619 2788 substantiis
1649 2757 1799 2791 laniarit,
1825 2759 1855 2786 et
1880 2756 1986 2786 adhuc
2011 2757 2105 2786 ferali
2131 2757 2325 2787 scandescat

1316 2811 1407 2841 rabie
1423 2812 1538 2840 contra
1560 2810 1652 2839 illam
1673 2809 1830 2839 omnibus
1847 2810 1943 2848 plene
1962 2810 2078 2848 liquet.
2100 2819 2199 2848 quam
2218 2811 2325 2839 detes-

1315 2864 1437 2895 tabiles
1450 2864 1550 2894 etiam
1568 2863 1684 2892 modos
1706 2863 1858 2892 eamdem
1877 2863 2009 2892 ledendi
2029 2863 2203 2892 ecclesiam
2221 2863 2325 2901 aliqui

1317 2918 1448 2948 nobiles
1464 2919 1493 2946 et
1516 2918 1669 2954 potentes
1687 2916 1726 2945 116
1747 2916 1954 2945 Patrimonio
1972 2916 2059 2945 beati
2082 2916 2171 2945 Petri
2192 2916 2225 2945 in
2244 2916 2328 2946 ’1115-

2166 2982 2196 3007 ῦί
