2547 3289
1149 240 1363 271 D'URBAIN
1387 239 1444 270 iv.
2294 250 2331 279 91

297 336 312 356 <‹
327 326 452 356 Eidem.
473 325 691 356 Fraternitati
706 326 774 362 tue,
788 325 826 354 de
841 334 907 363 qua
920 324 1053 362 plenam
1068 323 1101 352 in
1118 322 1263 352 Domino
1294 338 1295 364 1
1327 322 1501 352 diaconum
1525 323 1741 360 cardinalen‘i,
1761 325 1916 355 dedimus
1936 327 1969 356 in
1987 327 2179 365 hujusmodi
2200 330 2332 367 negotio

256 379 414 409 fiduciam
444 378 646 412 obtinemus,
680 377 857 416 largiendi,
892 376 1042 415 pensatis
1077 374 1263 413 quantitate
1293 389 1294 404 1

257 432 402 462 subsidii
429 433 461 462 et
492 431 682 461 devotionis
707 431 838 466 aflectu,
867 438 925 468 per
951 431 982 459 te
1006 428 1059 458 vel
1080 436 1138 466 per
1159 427 1263 457 alium

257 493 316 515 seu
333 485 428 520 alios,
450 492 535 522 quos
553 484 594 513 ad
612 483 673 513 hoc
686 483 836 522 ydoneos
852 483 921 512 fore
938 480 1084 515 noveris,
1107 478 1264 509 omnibus

255 546 334 568 vere
352 536 582 575 penitentibus
602 538 633 566 et
658 536 834 571 confessis,
856 535 914 573 qui
930 535 970 564 de
992 533 1090 562 bonis
1112 532 1183 561 suis
1204 539 1263 569 pro

257 590 408 620 subsidio
435 590 524 619 terre
551 590 663 619 sancte
687 597 844 627 congrue,
866 587 964 626 juxta
981 587 1036 615 tue
1054 585 1107 615 vel
1126 584 1263 613 illorum
1293 596 1294 604 1

254 643 378 682 quibus
396 642 456 672 hoc
474 642 700 677 commiseris,
714 639 928 671 discretionis
940 638 1132 673 arbitrium,
1147 636 1264 666 minis·
1293 640 1294 643 ’

253 695 403 731 trabunt,
423 695 670 733 indulgentiam
694 702 757 732 que
782 692 930 731 predicte
954 692 1042 721 terre
1068 697 1263 719 succurren-

253 748 346 778 tibus
378 748 411 777 in
443 748 594 786 generali
626 746 767 777 concilio
796 746 846 775 est
876 752 1046 779 concessa,
1070 743 1204 781 plenam
1232 743 1264 771 et

253 800 396 830 liberam
425 800 641 830 connectimus
667 798 863 829 auctoritate
890 796 1099 835 presentium
1129 794 1263 824 faculta-

253 853 332 882 tem.
353 853 470 882 Datum
485 853 574 890 apud
589 852 875 886 Urbemveterem,
892 859 925 878 vr
940 849 1015 879 idus
1033 848 1158 884 martii,
1177 856 1263 877 anno

257 904 414 934 secundo.
436 915 450 930 »

822 1159 946 1193 Ort-teto,
972 1161 998 1186 Η
1017 1167 1095 1186 mars
1115 1160 1191 1187 1263.

343 1163 416 1194 333

288 1258 388 1285 Eidem
413 1258 531 1284 mandat
555 1259 694 1291 quatenus
727 1256 897 1283 electionem
923 1257 1037 1291 plebani
1062 1258 1096 1284 de
1124 1258 1211 1292 Berge
1236 1257 1265 1284 in

253 1307 418 1342 episcopum
434 1306 719 1340 Brandeburgensem
731 1305 886 1336 examinet,
901 1308 929 1332 et
945 1306 968 1332 si
982 1305 1113 1340 legitima
1128 1306 1263 1337 extiterit,

253 1355 414 1383 confirmet.
432 1356 512 1389 (REG.
531 1357 575 1386 27,
594 1355 644 1381 t'ol.
663 1355 692 1380 91
711 1358 751 1386 v0,
770 1358 801 1380 n⁰
821 1356 856 1387 1.)

295 1494 309 1509 «
328 1480 451 1511 Eidem.
469 1481 570 1511 Cordi
587 1480 686 1510 nobis
702 1482 753 1511 est
770 1481 857 1510 inter
871 1482 1001 1511 ceteras
1016 1481 1265 1511 sollicitudines

255 1543 319 1573 que
339 1534 401 1564 sub
418 1534 597 1564 innumera
613 1533 712 1563 nobis
727 1534 890 1564 varietate
908 1534 1121 1572 negotiorum
1139 1535 1266 1564 incum-

254 1587 349 1621 bunt,
370 1588 406 1617 ut
431 1586 519 1616 circa
545 1588 670 1617 statum
697 1587 849 1616 omnium
869 1587 1100 1620 ecclesiarum,
1122 1596 1265 1625 quarum

255 1640 425 1678 regimini,
445 1639 521 1669 licet
540 1639 714 1675 immeriti,
732 1639 930 1677 disponente
943 1640 1100 1677 Domino,
1120 1640 1266 1678 preside-

254 1701 342 1729 mus,
360 1692 586 1722 diffundentes
601 1692 785 1730 apostolice
799 1692 1080 1722 considerationis
1092 1693 1263 1727 intuitum,

254 1745 392 1775 illarum
410 1745 599 1783 potissime,
613 1753 698 1783 quas
707 1744 884 1774 viduitatis
899 1745 1076 1775 incomoda
1090 1745 1265 1784 deplorare

254 1798 495 1836 conspicimus,
526 1797 615 1836 quod
646 1797 694 1827 eis
718 1797 934 1835 preficiamus
961 1798 1053 1827 viros
1081 1798 1265 1828 secundum

253 1860 310 1881 cor
321 1851 477 1880 nostrum
492 1850 643 1889 ydoneos
655 1850 689 1879 in
701 1852 867 1888 pastores,
877 1850 1015 1888 vigilem
1030 1859 1155 1887 curam,
1168 1853 1266 1889 prout

255 1903 353 1934 nobis
369 1912 411 1933 ex
429 1903 497 1932 alto
514 1902 734 1941 permittitur,
755 1903 899 1933 sollicite
923 1911 1038 1941 gerere
1057 1904 1264 1935 studeamus.

253 1956 295 1987 Et
311 1956 391 1994 quia
415 1955 597 1994 nequimus
621 1955 656 1984 in
675 1955 820 1993 singulis
838 1964 898 1993 per
920 1964 981 1985 nos
1001 1956 1093 1994 ipsos
1111 1956 1266 1987 exolvere

252 2008 412 2047 imposite
426 2007 524 2038 nobis
541 2008 692 2038 debitum
710 2008 896 2042 servitutis,
916 2009 994 2038 illos
1012 2017 1265 2047 nonnumquam

252 2061 288 2091 in
311 2061 464 2091 laborum
486 2062 680 2091 nostrorum
704 2063 835 2099 partein
857 2062 1077 2098 assumimus,
1104 2070 1188 2100 quos
1210 2062 1266 2092 ha-

250 2114 331 2145 bere
356 2114 515 2144 timorem
542 2113 681 2144 Domini
712 2114 882 2144 credimus
912 2116 944 2144 et
972 2123 1133 2151 amorem,
1165 2116 1197 2145 et
1226 2115 1266 2145 de

252 2175 397 2206 quorum
411 2167 578 2197 industria
593 2167 729 2205 plenam
746 2167 781 2196 in
797 2167 870 2205 ipso
887 2167 1045 2197 fiduciam
1061 2167 1263 2199 obtinemus.

251 2220 337 2250 Sane
357 2219 651 2259 Brandeburgensi
675 2220 817 2250 ecclesia
846 2220 968 2251 solatio
1001 2221 1163 2251 destituta
1192 2229 1267 2259 pas-

249 2273 348 2309 toris,
369 2272 508 2311 contigit
535 2273 570 2302 in
595 2281 633 2303 ea
651 2275 718 2304 tam
744 2282 803 2311 per
821 2273 932 2311 ipsius
955 2274 1141 2312 capitulum
1165 2283 1266 2312 quam

251 2334 311 2364 per
337 2326 516 2356 canonicos
540 2326 681 2356 ecclesie
710 2327 922 2361 Lizekensis,
951 2327 1267 2366 Brandeburgensis

253 2378 411 2414 diocesis,
432 2378 490 2416 qui
506 2387 621 2409 vocem
637 2379 671 2408 in
688 2379 851 2409 electione
869 2379 1039 2418 pontificis
1056 2380 1267 2410 Brandebur—

253 2431 369 2471 gensis
387 2430 509 2461 habere
525 2431 694 2468 dicuntur,
714 2432 797 2462 duas
814 2432 1007 2469 electiones,
1028 2441 1132 2463 unam
1150 2433 1268 2464 videli-

254 2484 306 2515 cet
323 2484 363 2514 de
388 2484 551 2521 magistro
568 2484 714 2514 Henrico
738 2485 882 2523 plebano
903 2486 943 2515 de
960 2486 1077 2524 Berge,
1099 2486 1266 2525 reliquam

253 2545 332 2567 vero
349 2537 390 2566 de
403 2536 542 2567 Alberto
553 2537 592 2567 de
603 2537 784 2574 Haresten,
799 2538 1081 2577 Magdeburgensi
1093 2540 1264 2576 canonico,

254 2590 290 2620 in
306 2589 478 2620 discordia
498 2589 678 2620 celebrari:
700 2591 781 2621 Orta
799 2591 901 2630 igitur
919 2600 1021 2630 super
1038 2592 1165 2623 eisdem
1185 2593 1268 2625 elec-

254 2642 406 2674 tionibus
433 2642 520 2672 inter
548 2642 684 2673 eosdem
717 2644 916 2682 capitulum,
944 2647 1106 2684 exparte
1132 2655 1210 2684 una,
1236 2648 1267 2678 et

256 2695 434 2726 canonicos
452 2695 681 2734 p1·edictos‚ex
698 2696 817 2733 altera,
834 2706 946 2728 coram
963 2699 1147 2729 venerabili
1164 2700 1267 2730 fratre

255 2749 371 2779 nostro
388 2773 394 2778 .
415 2773 421 2779 .
445 2748 698 2787 archiepiscopo
713 2749 1004 2790 Magdeburgensi‚
1023 2752 1087 2782 loci
1100 2754 1266 2791 metropo-

255 2800 373 2838 litano,
394 2801 537 2831 materia
554 2801 755 2840 questionis
780 2804 812 2833 et
830 2812 869 2833 ea
887 2804 1023 2835 tandem
1041 2813 1100 2843 per
1120 2806 1268 2844 appella-

255 2853 383 2885 tionem
403 2855 443 2884 ad
462 2854 576 2884 sedem
601 2855 825 2893 apostolicam
850 2856 1000 2895 legitime
1019 2858 1187 2893 devoluta,
1206 2868 1268 2890 nos

256 2904 419 2938 'dilectum
443 2907 554 2938 filium
579 2908 735 2938 nostruin
764 2908 940 2946 Ubertum,
958 2911 1066 2941 sancti
1093 2911 1268 2942 Eustachii

1324 375 1479 412 partibus
1508 376 1705 407 1111111101-6111.
1734 378 1884 416 Cumque
1907 380 2027 410 suisset
2046 390 2155 410 corani
2175 390 2213 411 eo
2231 392 2332 421 super

1325 426 1385 455 hoc
1408 427 1537 457 diutius
1558 428 1738 466 litigatum,
1768 430 1901 460 11611111111
1929 434 2016 469 Otto,
2039 434 2219 463 canonicus
2241 435 2333 466 Lize-

1325 479 1452 514 kensis,
1480 489 1553 509 cuin
1573 481 1775 518 quibusdam
1807 485 1973 514 mandatis
1998 487 2240 523 prm-aratoriis
2263 490 2330 518 tam

1325 531 1405 560 dicti
1434 532 1565 562 Allwrti
1589 543 1687 571 quain
1714 536 1949 567 canonicorum
1975 539 2169 575 eorundem,
2191 549 2248 578 per
2267 549 2331 578 11116

1325 583 1412 613 inter
1437 584 1503 613 alia
1526 585 1702 615 vidi-batur
1729 587 1848 617 habere
1878 591 2182 628 6011111111111111611111,
2214 602 2333 623 16111111-

1324 636 1431 665 tiandi
1453 638 1483 665 et
1513 638 1650 667 cedendi
1678 639 1820 669 liberam
1843 644 2053 679 potestatem,
2079 654 2276 682 comparens
2299 646 2331 675 in

1324 688 1404 718 dicti
1431 689 1612 718 cardinalis
1637 693 1818 728 presentia,
1839 695 1929 723 0111111
1943 695 2023 733 juri,
2049 696 2076 725 si
2095 698 2182 734 quod
2203 698 2331 727 eisdem

1324 740 1463 771 Alberto
1483 743 1514 771 ct
1532 743 1702 772 canonicis
1724 745 1931 782 competebat
1957 748 2010 776 vel
2028 751 2215 787 conipeteriie
2243 753 2331 788 pote-

1325 794 1374 823 rat
1388 802 1429 822 ex
1445 793 1606 824 electione
1622 795 1789 825 celebrata
1804 798 1844 826 de
1864 798 1936 835 ipso
1954 799 2103 835 alim-to,
2127 803 2333 834 remintiavit

1325 854 1497 884 expresse,
1529 848 1742 878 consentiens
1775 849 2016 880 nichilominus
2054 854 2142 890 1111011
2182 856 2332 891 prefatus

1293 922 1294 925 ,
1325 898 1490 937 plebanus
1506 900 1546 929 ad
1565 900 1674 938 ipsius
1691 902 2005 941 Bramleburgeusis
2025 905 2165 935 ecclesie
2185 907 2333 942 regimen

1326 954 1529 982 assumatur.
1544 953 1614 983 Nos
1630 953 1741 992 itaque
1758 955 1797 985 de
1812 957 1866 986 tue
1880 957 2144 995 proriiptitiuline
2159 958 2332 997 bonitatis,

1326 1014 1426 1043 quain
1445 1005 1478 1034 iu
1507 1006 1639 1044 maguis
1660 1009 1690 1037 et
1714 1008 1829 1038 arduis
1852 1009 1921 1039 sore
1949 1018 2125 1048 speran‘ius
2147 1020 2187 1041 ex
2205 1013 2333 1050 proprii

1326 1058 1520 1088 maturitate
1539 1059 1673 1088 consilii
1697 1060 1986 1100 circumspectam,
2008 1063 2045 1092 de
2064 1064 2180 1094 multis
2203 1074 2334 1104 quoque

1326 1110 1490 1141 virtutum
1515 1111 1624 1146 donis,
1653 1113 1776 1150 quibus
1801 1116 1832 1143 te
1857 1115 2024 1145 Dominus
2048 1117 2234 1155 insignivit,
2270 1127 2333 1148 uon

1327 1163 1462 1202 indigne
1483 1164 1612 1200 confisi,
1634 1165 1836 1196 fraternitati
1859 1170 1914 1197 tue
1930 1177 1990 1206 per
2007 1170 2190 1207 apostolica
2210 1171 2336 1209 scripta

1326 1217 1526 1246 mandamus
1541 1220 1718 1255 quatenus,
1736 1220 1961 1257 personaliter
1978 1222 2019 1251 ad
2035 1222 2219 1259 predictam
2235 1223 2336 1253 cccle-

1327 1269 1411 1299 siam
1432 1270 1767 1309 Brandeburgensem
1785 1273 1946 1302 accedens
1964 1275 1993 1303 et
2010 1274 2135 1304 habens
2153 1284 2210 1313 pre
2229 1276 2335 1305 oculis

1327 1322 1437 1352 solum
1453 1323 1574 1359 Deum,
1595 1323 1623 1353 si
1640 1324 1700 1353 tibi
1721 1326 1908 1355 constiterit
1926 1327 2093 1364 predictos
2111 1328 2287 1358 Albertum
2305 1331 2337 1359 et

1327 1375 1506 1405 canonicos
1545 1376 1739 1415 hujusmodi
1779 1378 1887 1408 eidem
1927 1380 1965 1409 Ο.
1999 1380 2132 1410 dedisse
2166 1382 2334 1416 mandata,

1327 1428 1484 1466 quodque
1506 1429 1594 1458 idem
1620 1430 1780 1461 Albertus
1804 1433 1835 1461 et
1863 1433 2014 1462 canonici
2033 1433 2067 1462 in
2087 1434 2201 1464 eadem
2220 1435 2336 1464 volun-

1326 1482 1394 1510 tate
1407 1483 1602 1511 assumendi
1615 1483 1794 1520 plebanum
1810 1485 1952 1514 eundem
1968 1485 2000 1514 in
2013 1495 2129 1516 eorum
2141 1487 2336 1525 episcopum

1327 1537 1555 1572 perseverent,
1572 1537 1602 1565 et
1618 1537 1706 1574 quod
1725 1536 1813 1566 idem
1830 1537 1993 1575 plebanus
2009 1539 2049 1568 ad
2065 1540 2246 1577 gerendum
2264 1549 2335 1578 pre-

1328 1586 1461 1616 sulatus
1494 1587 1642 1617 officium
1670 1589 1822 1626 ydoneus
1849 1591 1880 1619 et
1903 1590 2077 1620 sufficiens
2103 1591 2274 1627 habeatur,
2300 1602 2336 1622 ac

1327 1639 1432 1668 nichil
1443 1640 1472 1669 ei
1485 1639 1597 1670 obviet
1612 1641 1651 1670 de
1664 1642 1833 1671 canonicis
1847 1643 2025 1677 institutis,
2042 1644 2245 1682 111101111116111
2262 1645 2335 1683 ipso

1328 1692 1461 1730 negotio
1485 1701 1560 1722 cuin
1588 1693 1699 1723 debita
1728 1694 1771 1723 sit
1792 1695 1959 1725 munditia
1984 1698 2016 1725 et.
2041 1697 2186 1734 puritate
2204 1706 2336 1735 proces-

1328 1753 1414 1781 sum,
1431 1746 1478 1779 tu,
1494 1745 1691 1776 electionem
1709 1747 1911 1777 celebratam
1926 1749 1965 1777 de
1983 1749 2056 1786 ipso
2070 1749 2210 1787 plebano
2226 1752 2334 1780 aucto-

1327 1799 1427 1828 ritate
1455 1800 1570 1828 nostra
1604 1800 1817 1836 confirmans,
1849 1801 1960 1839 ipsum
1990 1802 2106 1833 eadem
2136 1803 2334 1833 auctoritate

1328 1851 1415 1880 dicte
1435 1851 1729 1891 Brandeburgensi
1750 1853 1891 1883 ecclesie
1912 1854 1944 1883 in
1967 1855 2162 1893 episcopum
2180 1856 2336 1893 111-6116135

1328 1905 1359 1933 et
1375 1905 1557 1941 pastorem,
1572 1904 1699 1934 faciens
1711 1906 1741 1935 ei
1754 1915 1772 1935 a
1784 1906 1945 1943 predictis
1956 1907 2103 1945 capitulo
2120 1910 2150 1937 et
2167 1909 2336 1938 canonicis

1328 1958 1360 1986 et
1385 1956 1462 1986 aliis
1491 1957 1600 1995 ipsius
1629 1958 1768 1988 ecclesie
1798 1958 1955 1995 subditis,
1988 1962 2159 1998 tamquam
2190 1962 2276 1999 patri
2304 1963 2336 1991 et

1327 2010 1458 2047 pastori
1468 2010 1657 2040 animarum
1671 2020 1821 2046 suarum,
1834 2011 2057 2042 obedientiam
2070 2015 2099 2043 et
2113 2015 2335 2044 reverentiam

1327 2062 1476 2092 debitam
1504 2063 1666 2098 exhiberi,
1687 2066 1717 2093 et
1738 2073 1756 2094 a
1774 2065 1924 2103 predicto
1943 2066 2194 2104 archiepiscopo
2213 2075 2336 2096 munus

1328 2116 1594 2146 consecrationis
1631 2117 1792 2155 impendi.
1830 2118 2101 2148 Contradictores
2138 2120 2336 2150 auctoritate

1327 2170 1443 2198 nostra
1465 2170 1540 2205 etc„
1572 2178 1679 2208 usque
1702 2171 1955 2209 compescendo.
1978 2172 2150 2210 Alioquin,
2177 2173 2336 2210 predictis

1328 2222 1550 2252 electionibus
1569 2223 1705 2253 omnino
1732 2224 1884 2259 cassatis,
1912 2224 2052 2262 pretatis
2072 2225 2218 2262 capitulo
2237 2227 2267 2255 et
2287 2234 2338 2255 ca-

1327 2275 1459 2306 nonicis
1482 2284 1542 2314 per
1557 2278 1588 2306 te
1607 2276 1659 2305 vel
1678 2285 1736 2314 per
1754 2276 1870 2311 alium,
1883 2285 1924 2306 ex
1940 2279 2033 2314 parte
2050 2279 2176 2311 nostra,
2196 2278 2338 2308 firmiter

1328 2328 1480 2358 inhibere
1501 2337 1661 2367 procures
1682 2337 1722 2358 ne
1746 2329 1787 2358 ad
1806 2329 2050 2367 providendum
2068 2330 2216 2368 predicte
2235 2332 2337 2361 Bran-

1328 2381 1533 2420 deburgensi
1564 2382 1704 2412 ecclesie
1733 2382 1772 2411 de
1801 2383 1936 2420 pastore
1965 2391 2024 2420 per
2055 2383 2253 2413 electionem
2283 2384 2336 2414 vei

1328 2435 1604 2473 postulationem,
1625 2436 1682 2465 aut
1700 2435 1785 2465 alias
1801 2435 1979 2473 procedere
1996 2445 2129 2474 quoquo
2148 2437 2246 2466 modo
2265 2446 2338 2475 pre-

1329 2489 1475 2518 sumant.
1494 2488 1566 2518 Nos
1583 2488 1684 2524 enim,
1705 2489 1733 2518 si
1756 2488 1937 2518 electiones
1959 2489 2095 2518 easdem
2116 2490 2242 2519 cassari
2261 2498 2336 2519 con-

1327 2541 1453 2580 tigerit,
1483 2543 1582 2580 prout
1610 2541 1767 2580 superius
1793 2544 1843 2572 est
1867 2549 2080 2580 expressum,
2108 2542 2336 2581 provisionem

1328 2595 1438 2633 ipsius
1456 2595 1596 2626 ecclesie
1620 2595 1680 2626 hac
1697 2595 1768 2626 vice
1791 2595 1887 2627 nobis
1906 2595 2066 2627 duximus
2084 2598 2334 2636 reservandam,

1328 2648 1547 2678 decernentes
1562 2657 1602 2679 ex
1620 2657 1706 2679 nunc
1722 2649 1857 2679 irritum
1876 2651 1906 2679 et
1923 2649 2033 2684 inane,
2049 2651 2208 2689 quicquid
2222 2654 2337 2683 contra

1327 2702 1524 2740 hujusmodi
1553 2702 1788 2733 inhibitionem
1815 2704 1907 2732 tuam
1927 2703 2103 2741 contigerit
2129 2705 2334 2743 attemptari.

1328 2754 1496 2785 Volumus
1511 2756 1621 2785 autem
1638 2756 1673 2785 ut
1688 2755 1847 2793 quicquid
1862 2764 1963 2794 super
1978 2756 2045 2786 hiis
2064 2757 2200 2787 duxeris
2216 2758 2338 2789 facien-

1328 2807 1421 2844 dum,
1440 2807 1538 2838 nobis
1556 2808 1624 2838 tuis
1642 2808 1778 2844 litteris,
1798 2808 1915 2839 harum
1934 2810 2055 2840 seriem
2075 2811 2333 2848 continentibus,

1329 2860 1468 2890 studeas
1496 2860 1640 2890 fideliter
1665 2860 1832 2891 intimare.
1858 2862 1981 2892 Datum
2009 2863 2098 2901 apud
2121 2863 2337 2895 Urbemvete-

1329 2921 1415 2949 rem,
1434 2922 1451 2942 v
1468 2913 1630 2944 kalendas
1645 2914 1770 2949 martii,
1789 2922 1874 2944 anno
1892 2915 2048 2947 secundo.
2069 2927 2083 2943 »
