2547 3289
1123 224 1362 263 DEUXIEME
1385 227 1550 265 ANNEE.

334 320 350 337 «
370 332 378 340 .
390 333 396 338 .
421 309 613 345 Ραιναεεηεί,
631 333 637 338 .
653 333 659 338 .
679 307 896 345 ΟονὶιιιΙιὶσηεὶ,
913 334 936 340 ..
954 310 1129 340 Atheniensi
1147 317 1173 340 et
1188 335 1214 341 ..
1236 310 1306 340 The-

298 361 375 391 bano
401 361 649 401 archiepisc-opes,
674 371 788 391 necnon
808 386 832 391 ..
857 362 1034 399 coronensi,
1057 388 1080 393 ..
1102 363 1254 398 olenensi,
1276 387 1304 392 ..

295 413 546 444 Lacedemonensi
568 420 595 444 ec
614 439 637 444 ..
657 414 893 454 Niqre'ponlensz'
916 416 1063 455 episcopis
1083 425 1118 445 ac
1137 415 1306 452 abluamus,

289 466 456 505 prioribus,
481 466 717 505 archidiaconis,
739 468 971 507 preceptoribus
985 479 1037 497 seu
1061 469 1306 498 commendatori-

295 518 348 548 bus
363 529 398 548 ac
413 519 565 558 fratribus
579 518 736 549 domorum
751 519 862 550 Militia
884 521 1008 560 Templi,
1026 521 1195 561 Hospitalis
1212 522 1307 550 sancti

293 571 442 602 joliannis
466 571 716 607 Jerosolimitani,
745 579 846 603 sancte
883 573 980 603 illuvie
1005 574 1254 604 Theneonicorum
1277 580 1305 604 et

292 626 395 654 sancti
416 624 564 654 sansonis
580 625 707 665 aliisque
720 625 847 665 prelatis
864 632 891 656 el
910 627 1104 656 ecelesiarum
1128 626 1306 661 rectoribus,

294 676 446 717 capitulis,
477 677 610 717 colleqiis
626 683 653 708 ec
670 678 862 709 conuentibus
877 681 1039 719 ceterisque
1065 680 1200 718 personis
1217 679 1305 708 eccle-

293 730 425 760 siasticis
455 731 638 760 secularibus
661 736 688 760 el
721 731 924 771 requluribus,
944 737 1004 761 tam
1035 732 1132 761 sancti
1151 731 1308 760 Benedicti

294 792 384 823 quam
415 783 546 813 aliorum
576 793 831 824 quorumcumque
861 783 1013 821 ordinum,
1028 785 1175 823 ezemplis
1198 789 1224 813 et
1248 794 1307 812 non

293 837 453 875 exemplis,
467 847 526 876 per
543 837 732 869 Romaniam,
750 837 780 866 in
792 837 883 866 terris
902 837 1010 865 nobilis
1028 837 1085 865 viri
1111 835 1252 865 willelmi
1272 836 1307 865 tle

302 889 511 925 ViHarcluino,
529 889 679 929 principis
692 889 825 928 Aclzaye,
844 899 878 918 ac
893 888 1023 918 illiorum
1042 889 1222 917 Latinorum
1240 899 1308 917 szto-

293 951 360 971 rum
369 941 506 980 fidelium
519 941 725 971 existentibus.
740 941 862 971 Gravis
872 941 997 971 doloris
1010 941 1177 971 sensimus·
1188 941 1221 971 in
1237 950 1306 971 cor-

292 995 332 1025 de
347 996 540 1033 puncturas,
557 994 736 1024 intellectis
750 994 1111 1033 persecutionibusque
1121 995 1250 1024 dilectis
1266 994 1306 1024 fi-

291 1047 360 1082 liis,
393 1047 588 1082 nobiliviro,
616 1047 790 1077 XVillelmo
815 1047 855 1077 de
889 1047 1127 1082 will-arduino,
1161 1047 1306 1086 principi

290 1100 438 1139 Achaye,
456 1100 641 1139 ceterisque
666 1100 795 1130 Latinis
813 1101 848 1130 in
869 1100 927 1130 illa
949 1101 1046 1135 terra,
1074 1109 1137 1138 que
1155 1101 1238 1139 ipsis
1264 1101 1304 1130 de

290 1154 356 1183 toto
372 1153 739 1191 Constantinopolitano
754 1153 895 1192 imperio
911 1153 1083 1187 remansit,
1100 1162 1160 1191 per
1180 1154 1304 1184 Grecos

288 1206 705 1237 scismaticosinferuntur.
715 1206 915 1245 Accepimus
934 1206 1056 1236 etenim
1081 1206 1169 1244 quod
1184 1214 1303 1236 eorun-

287 1260 364 1290 dem
373 1260 557 1290 Grecorum
568 1260 709 1298 perfidia
719 1259 863 1289 faventis
876 1259 1035 1298 temporis
1044 1260 1222 1289 tumefacta
1234 1260 1301 1290 suf-

287 1313 405 1352 fragio,
422 1313 508 1343 elata
524 1321 582 1343 sue
597 1313 753 1351 superbie
771 1321 896 1342 cornua
907 1314 1021 1342 contra
1032 1313 1168 1342 eosdem
1181 1313 1301 1351 princi-

286 1374 362 1404 pem
371 1366 674 1404 etLatinoserigere
686 1366 875 1404 dictamque
890 1367 1013 1395 terram
1023 1365 1187 1396 hostiliter
1200 1365 1302 1404 impe·
1332 1374 1333 1380 ¹

286 1419 355 1449 tere
378 1427 416 1448 ac
434 1418 611 1449 crudeliter
629 1419 824 1457 impugnare
847 1419 1021 1457 presumit,
1039 1420 1193 1457 satagens
1209 1418 1302 1448 illam

287 1471 322 1501 in
346 1480 482 1510 gravem
506 1471 644 1509 superni
667 1471 755 1510 regis
777 1471 949 1506 offensam,
978 1472 1009 1501 et
1051 1471 1302 1510 dispendiosam

285 1524 466 1563 apostolice
482 1525 572 1554 sedis
587 1524 758 1563 injuriam,
775 1524 815 1554 ad
831 1524 993 1562 pristinos
1004 1532 1134 1554 errores
1146 1525 1302 1554 reducere

286 1585 412 1616 sueque
431 1577 574 1608 subdere
592 1577 754 1607 servituti.
771 1576 842 1606 Nos
864 1576 965 1615 igitur
980 1577 1197 1612 attendentes,
1214 1577 1303 1615 quod

285 1630 545 1660 irremediabilis
560 1630 685 1660 doloris
702 1629 834 1668 gladius
846 1630 975 1659 viscera
991 1631 1105 1659 nostra
1117 1630 1304 1668 perfoderet

285 1683 326 1717 si,
340 1683 429 1721 quod
444 1683 541 1719 absit,
559 1683 764 1721 contingeret
784 1683 905 1712 terram
922 1683 1041 1721 ipsam,
1062 1691 1162 1720 quam
1176 1682 1302 1712 dudum

285 1736 428 1766 ecclesia
448 1744 513 1766 non
539 1736 610 1766 sine
630 1735 746 1765 multis
762 1735 934 1765 laboribus
948 1736 1150 1765 eteffusione
1169 1735 1300 1774 sangui-

285 1789 339 1819 nis
355 1789 507 1819 fidelium
524 1789 565 1818 ad
579 1789 680 1818 fidem
695 1790 726 1819 et
744 1789 904 1819 unitatem
921 1788 1117 1818 catholicam
1133 1788 1301 1827 conquisi-

247 1838 250 1840 ’
284 1842 344 1878 vit,
363 1842 404 1872 ab
421 1842 546 1872 eisdem
564 1841 764 1872 scismaticis
781 1841 946 1880 occupari,
972 1843 1001 1871 et
1018 1841 1053 1871 in
1068 1850 1118 1876 ea,
1136 1841 1194 1871 ubi
1211 1843 1301 1871 tanta

285 1895 375 1934 viget
389 1894 534 1929 devotio,
551 1894 634 1924 fides
644 1894 827 1925 orthodoxa
836 1895 969 1933 periret,
980 1904 1017 1924 ac
1035 1894 1184 1924 volentes
1200 1903 1300 1933 super

282 1948 357 1983 hoc,
371 1949 468 1986 prout
496 1948 579 1978 tanti
596 1947 718 1986 negotii
737 1947 883 1986 gravitas
899 1947 1013 1985 exigit,
1031 1956 1088 1977 cor
1106 1949 1137 1976 et
1153 1949 1300 1977 mentem
1330 1975 1331 1982 ,

281 2009 448 2039 apponere
468 2009 505 2030 ac
533 2001 659 2030 intenta
675 2000 786 2030 studia
802 2002 832 2029 et
849 2000 1038 2030 indefessas
1055 2000 1300 2030 sollicitudines

282 2052 438 2083 adhibere
456 2054 491 2082 nt
504 2053 569 2091 ipsi
580 2054 678 2088 terre,
689 2061 752 2090 que
769 2053 1004 2091 tempestuosis
1018 2061 1212 2091 guerrarum
1222 2052 1299 2082 fluc-

281 2105 488 2136 tuationibus
503 2107 622 2140 estuat,
647 2105 745 2136 celeri
761 2107 974 2135 succurratur
991 2106 1116 2135 auxilio
1134 2107 1163 2134 ct
1180 2114 1199 2135 a
1216 2105 1299 2136 filio<
1330 2107 1331 2110 ’

281 2167 357 2189 rum
383 2158 569 2189 alienorum
603 2159 802 2189 exterminio
831 2159 958 2193 eadem,
981 2159 1114 2189 favente
1139 2159 1298 2193 Domino,

280 2214 503 2250 preservetur,
516 2212 768 2242 universitatem
791 2213 935 2242 vestram
951 2212 1163 2245 monendam,
1181 2220 1297 2250 rogan-
1328 2210 1329 2220 ¹

279 2264 357 2294 dam
378 2265 498 2294 attente
519 2265 678 2294 duximus
699 2266 729 2295 et
746 2264 954 2299 hortandam,
974 2265 1174 2294 mandantes
1190 2265 1296 2303 quati-

281 2325 346 2347 nus
365 2318 396 2347 et
417 2325 476 2347 vos
493 2316 559 2355 ipsi
578 2319 758 2356 pensantes
773 2317 911 2356 provide
926 2317 1015 2355 quod
1027 2326 1093 2347 non
1110 2317 1219 2347 solum
1234 2318 1298 2348 Dei

279 2367 311 2395 et
325 2365 491 2403 generalis
505 2365 643 2395 ecclesie
661 2365 834 2404 ipsiusque
848 2365 1021 2404 principis,
1039 2367 1087 2395 set
1104 2367 1133 2395 et
1151 2368 1297 2396 vestrum

280 2417 456 2456 proprium
478 2418 647 2456 negotium
663 2418 771 2457 agitur
786 2418 822 2448 iu
838 2418 898 2448 hac
912 2420 1017 2457 parte,
1045 2427 1122 2448 cum
1141 2418 1183 2454 si,
1209 2419 1297 2457 quod

279 2470 378 2505 absit,
397 2471 577 2501 dictaterra
591 2472 807 2510 occuparetur
822 2470 952 2504 abillis,
966 2480 1031 2501 non
1048 2472 1179 2501 minora
1198 2471 1296 2502 vobis

278 2525 310 2554 et
327 2524 476 2554 ecclesiis
489 2533 526 2554 ac
537 2524 620 2554 locis
630 2524 751 2554 vestris
761 2532 824 2562 que
839 2524 886 2554 ibi
900 2526 977 2554 sunt
989 2525 1098 2555 dotata
1107 2525 1295 2563 magnifice,

278 2585 379 2616 quam
396 2577 543 2615 predicto
559 2577 701 2615 principi
716 2577 854 2615 suisque
872 2577 1056 2607 baronibus
1074 2577 1292 2608 desolationis

276 2629 455 2668 dispendia
488 2629 711 2666 imminerent²
734 2630 984 2660 considerantes
1019 2630 1119 2660 etiam
1144 2631 1232 2669 quod
1264 2632 1293 2662 si

279 2682 375 2712 vobis
405 2682 497 2712 nulla
518 2691 559 2712 ex
581 2682 776 2716 amissione,
804 2683 892 2721 quod
916 2683 1013 2718 absit,
1038 2684 1186 2722 predicte
1207 2685 1292 2714 terro

276 2735 464 2765 acciderent
479 2735 688 2771 detrimenta,
706 2735 818 2766 divine
834 2737 945 2766 tamen
959 2736 1141 2775 maJestatis
1156 2736 1290 2770 intuitu.

277 2787 416 2818 obtentu
438 2796 571 2826 quoque
596 2787 757 2817 catholice
779 2788 866 2824 fidei,
892 2789 988 2827 cujus
1006 2797 1066 2818 vos
1090 2798 1154 2819 non
1180 2789 1290 2819 solum

276 2841 498 2881 professores,
515 2841 574 2871 sed
589 2841 690 2871 etiam
706 2840 900 2871 defensores
911 2849 984 2871 esse
998 2842 1170 2877 tenemini,
1189 2842 1287 2873 debe-

276 2894 356 2925 retis
378 2903 439 2933 pro
462 2894 570 2933 ipsius
593 2895 679 2924 terre
710 2893 850 2924 tuitione
872 2902 909 2924 ac
933 2894 1118 2924 munitione
1141 2894 1286 2925 totaliter·

2321 249 2378 280 ¹03

1369 321 1535 351 exponere
1559 324 1597 345 ac
1625 317 1793 348 effundere
1812 327 1870 350 vos
1891 321 1922 350 et
1958 323 2068 351 vestra
2088 322 2128 352 ob
2159 325 2376 354 reverentiam

1336 390 1338 402 ,
1368 367 1548 405 apostolice
1565 369 1656 400 sedis
1666 372 1696 400 et
1714 373 1863 402 nostram
1890 375 2100 413 vestramque
2118 376 2326 414 spiritualem
2348 380 2379 408 et

1338 463 1339 466 Ἰ
1368 421 1583 458 temporalem
1619 424 1773 459 salutem,
1806 426 1897 456 illam
1940 436 2179 466 yperperorum
2213 439 2378 460 summam

1368 472 1422 502 vel
1434 473 1530 503 illum
1544 475 1751 512 ydoneoruni
1765 476 1963 509 bellatorum
1977 479 2378 517 Latinorunabalistario-

1367 533 1441 554 rum
1459 525 1511 556 vel
1537 527 1681 557 aliorum
1698 538 1885 565 numerum,
1902 540 2002 570 quam
2020 533 2072 562 vel
2089 542 2186 572 quem
2206 536 2378 566 venerabi-

1367 578 1416 607 les
1451 578 1570 610 sratrcs
1613 582 1717 611 nostri
1740 605 1763 612 ..
1789 584 2017 622 Argolicensis
2047 587 2121 616 et..
2148 587 2378 620 Mothonensis

1367 631 1525 670 episcopi,
1545 641 1629 671 quos
1652 635 1686 664 in
1696 635 2154 678 hujusmodisubsidiojuxta
2165 642 2317 680 proprias
2333 643 2378 672 sa-

1367 683 1726 717 cultatescontribuere
1744 697 1780 718 ac
1797 689 1838 719 ad
1855 691 2176 723 contribuendumin
2191 694 2250 724 ho«,⁴
2262 698 2371 733 perte,

1367 735 1469 766 frater
1485 737 1756 777 Nigripontensis
1766 743 1930 781 episcope,
1951 745 2143 776 auctoritate
2161 748 2273 777 nostra
2287 756 2373 778 eom-

1366 788 1446 826 pelli
1476 790 1644 827 volumus,
1678 793 1774 823 vobis
1802 795 1970 826 universis
1983 798 2166 836 etsingulis
2190 801 2376 840 vestrisque

1367 841 1516 872 ecclesiis
1533 844 1631 881 atque
1643 844 1726 874 locis
1737 846 1968 878 universaliter
1982 851 2012 879 et
2029 852 2283 888 particulariter,
2299 862 2374 892 pen-

1367 894 1447 923 satis
1456 895 1576 925 vestris
1583 896 1668 926 facul
1676 898 1809 932 tatibus,
1818 899 2046 938 imposuerint,
2056 903 2186 934 sublato
2198 906 2375 943 cujuslibet

1367 954 1458 976 more
1470 947 1718 979 acdifficultatis
1730 950 1912 986 obstas-ulo,
1924 956 2096 985 annuatim
2112 958 2264 995 usquead
2278 960 2375 989 trien-

1365 998 1592 1038 niumiutegre
1602 1002 1792 1039 persolvere
1801 1004 1852 1034 vel
1862 1005 2016 1036 exhibere
2026 1009 2157 1043 curetis,
2176 1013 2375 1042 conver-ten<

1364 1051 1440 1081 dam
1454 1061 1513 1082 seu
1525 1056 1937 1088 convertendumtot-filner
1950 1068 2008 1097 per
2017 1061 2150 1090 eosdem
2165 1062 2199 1092 in
2211 1063 2374 1095 defensio-

1364 1112 1441 1134 nem
1457 1105 1542 1136 dicte
1562 1108 1647 1137 terre
1674 1108 1770 1146 justa
1792 1110 1970 1141 consilium
1986 1112 2147 1151 principis
2177 1117 2368 1153 supradicti.

1334 1193 1335 1200 ἵ
1362 1157 1410 1187 Ita
1431 1159 1642 1196 quoleadem
1654 1162 1816 1191 terranon
1834 1163 1942 1193 solum
1952 1165 2103 1202 ejusdem
2123 1167 2295 1206 principis,
2314 1170 2372 1199 scd

1332 1207 1335 1259 χ’
1361 1212 1473 1241 vestro
1496 1212 1595 1242 etiam
1616 1213 1749 1243 suffulta
1774 1215 1936 1252 subsidio,
1966 1217 2006 1247 ab
2031 1218 2283 1251 imminentibus
2306 1222 2371 1252 sibi

1361 1265 1392 1294 et
1407 1264 1504 1294 vobis
1516 1266 1675 1303 periculis
1689 1269 1834 1301 eruatur,
1852 1278 1978 1308 nosque
1992 1271 2144 1302 videntes
2152 1275 2183 1302 et
2195 1282 2370 1313 recognos-

1361 1318 1472 1347 centes
1494 1318 1582 1366 quod
1604 1320 1729 1350 nostris
1754 1329 1814 1351 vos
1840 1321 1982 1353 libenter
2002 1324 2036 1354 in
2060 1324 2121 1354 hoc
2150 1325 2369 1365 beneplacitis

1361 1371 1520 1409 coaptatis
1547 1371 1735 1403 devotionis
1752 1375 1783 1404 et
1798 1374 1985 1406 obedientie
2009 1380 2117 1408 vestre
2137 1381 2368 1418 promptitudi-

1362 1431 1449 1458 nem,
1464 1423 1575 1463 dignis
1597 1426 1716 1456 exinde
1738 1427 1771 1457 in
1793 1428 1938 1459 Domino
1960 1429 2117 1460 laudibus
2139 1433 2370 1463 commendare

1360 1481 1479 1511 merito
1512 1482 1695 1513 valeamus.
1723 1484 1847 1514 Datum
1873 1486 1961 1524 apud
1981 1487 2263 1524 Crbemveterem,
2282 1498 2302 1519 v
2318 1490 2373 1520 ka-

1332 1548 1333 1560 1
1361 1533 1478 1564 lendas
1492 1536 1584 1572 maii,
1597 1544 1684 1567 anno
1700 1541 1749 1566 11⁰.
1771 1550 1785 1564 »

1429 1721 1502 1752 232
1941 1725 2065 1759 Orvieto,
2082 1727 2115 1753 27
2130 1727 2202 1754 avril
2223 1730 2298 1756 ¹263.

1396 1799 1434 1826 De
1453 1800 1641 1827 subventione
1656 1801 1788 1829 facienda
1800 1803 1923 1838 principi
1940 1805 2074 1832 Achaiae.
2092 1806 2170 1840 (Rea.
2187 1809 2231 1839 26,
2249 1808 2317 1834 anni
2337 1808 2370 1839 ll,

1359 1853 1392 1874 n⁰
1410 1849 1454 1881 915,
1471 1848 1520 1875 sol.
1539 1850 1567 1875 8¹
1591 1850 1642 1879 5⁰.)

1399 1967 1414 1983 «
1441 1980 1460 1987 ..
1475 1957 1667 1996 Arqolicensi
1688 1964 1714 1986 ee
1734 1981 1755 1987 ..
1776 1958 1967 1988 ,mothonensi
1988 1959 2145 2000 episcopis.
2170 1961 2291 1991 Gravis
2314 1963 2370 1993 ‹lo-

1358 2008 1440 2039 loris
1457 2011 1518 2039 etc.
1535 2027 1573 2031 -
1588 2012 1624 2040 ut
1639 2011 1675 2040 in
1692 2011 1859 2049 superiori
1874 2012 2039 2050 proxima,
2057 2013 2170 2043 verbis
2185 2017 2371 2053 competen-

1330 2079 1331 2101 3
1356 2063 1407 2092 ter
1420 2063 1568 2098 mutatis,
1585 2072 1692 2102 usque
1708 2065 1992 2095 commendamus.
2008 2066 2154 2105 Ideoque
2171 2067 2370 2098 fraternitati

1357 2117 1468 2145 vestre
1495 2116 1695 2147 mandamus
1722 2117 1881 2155 quatinus
1906 2119 2029 2148 certam
2056 2119 2095 2149 de
2125 2128 2190 2158 qna
2213 2121 2370 2159 expedire

1357 2168 1511 2198 videritis
1533 2177 1774 2208 yperperorum
1797 2178 1975 2207 summam,
1999 2180 2058 2201 seu
2079 2174 2205 2202 certum
2226 2173 2369 2211 ydoneo-

1357 2230 1431 2251 rum
1456 2221 1655 2252 bellatorum
1672 2223 2140 2258 Latinorum,balistariorum
2159 2225 2212 2255 vel
2227 2226 2367 2256 aliorum

1357 2282 1537 2305 numerum
1580 2275 1781 2314 imponendo
1811 2276 1956 2315 singulis
1983 2286 2068 2307 onus
2092 2278 2189 2315 juxta
2216 2279 2367 2317 proprias

1355 2327 1541 2364 facultates,
1562 2328 1660 2357 annis
1672 2328 1820 2366 singulis
1838 2337 1944 2367 usque
1967 2329 2007 2359 ad
2031 2331 2212 2360 triennium
2232 2340 2291 2369 per
2305 2340 2364 2361 vos

1327 2412 1328 2417 ¹
1356 2380 1410 2410 vel
1429 2389 1488 2419 per
1505 2380 1609 2410 alium
1628 2388 1686 2410 seu
1709 2381 1793 2410 alios
1811 2381 1852 2410 ab
1869 2381 1918 2410 eis
1939 2381 2065 2420 integre
2080 2383 2213 2421 exigere
2230 2392 2266 2413 ac
2284 2385 2366 2414 reci-

1354 2442 1444 2472 pere,
1473 2434 1504 2463 et
1528 2434 1562 2463 in
1589 2433 1674 2463 dicte
1700 2435 1785 2463 terre
1809 2434 2039 2464 defensionem
2061 2435 2157 2473 juxta
2185 2436 2364 2466 consilium

1354 2486 1463 2525 ipsius
1488 2486 1651 2525 principis
1680 2486 1823 2516 fideliter
1849 2488 2042 2517 convertere
2074 2489 2247 2522 studeatis,
2275 2489 2366 2529 ipsos

1353 2539 1531 2570 universos
1553 2541 1583 2569 et
1606 2540 1768 2578 singulos,
1782 2540 1811 2569 si
1828 2548 1962 2569 necesse
1981 2540 2090 2575 fuerit,
2104 2541 2145 2570 ad
2167 2541 2364 2573 solvendum

1353 2592 1547 2631 impositam
1563 2593 1612 2622 eis
1627 2601 1866 2631 yperperorum
1885 2601 2063 2629 summani,
2082 2593 2135 2624 vel
2151 2594 2191 2624 ad
2206 2595 2362 2626 exhiben-

1353 2645 1432 2675 dum
1448 2645 1643 2684 impositum
1662 2645 1745 2684 ipsis
1763 2653 1939 2675 numerum
1956 2645 2150 2684 hujusmodi
2164 2646 2362 2678 bellatorum

1351 2698 1546 2728 auctoritate
1583 2699 1706 2732 nostra,
1746 2697 1875 2728 sublato
1913 2698 2093 2736 cujuslibet
2128 2700 2362 2739 appellationis

1350 2750 1534 2788 obstaculo,
1550 2750 1779 2789 compellendo
1797 2768 1844 2779 —.
1856 2750 1979 2780 Datum
1996 2753 2033 2781 ut
2047 2760 2160 2791 supra.
2185 2764 2200 2780 η
