2547 3289
1083 270 1296 302 D'URPAIN
1321 272 1377 303 IV.
2229 283 2267 310 77

197 352 245 382 sie
262 352 433 382 institutio
451 352 491 382 ad
523 376 542 383 ..
563 353 835 383 areliidiaconum
864 354 926 384 loci
958 354 1081 383 dicitur
1104 354 1202 391 perti-

195 413 284 441 nere,
306 414 380 434 cum
404 405 433 434 ei
461 414 519 443 per
548 405 608 435 boc
639 406 860 444 imposterum
892 407 1023 436 nullum
1057 406 1201 436 velimus

194 457 418 495 prejudicium
443 458 608 496 generari,
630 467 757 488 necnon
782 468 857 488 cum
884 460 999 488 eodem
1028 459 1128 489 Petro
1146 468 1201 488 ea-

195 510 270 540 dem
287 510 486 540 auctoritate
508 511 711 549 dispensans
730 513 763 541 ut
782 513 894 549 preter
921 511 1082 541 ecclesias
1113 513 1202 541 ante-

193 563 300 592 dictas
310 563 445 592 unicum
460 563 759 593 aliiullwnelicium
774 564 1052 593 ecclesiasticum.
1067 563 1201 593 etiamsi

195 624 308 645 curam
341 615 489 646 similem
513 616 649 652 habeat,
683 617 711 646 si
744 617 901 646 canonice
934 617 1103 650 oneratur,
1138 625 1201 646 non

194 667 347 698 obstante
362 669 602 699 constitutione
621 670 782 707 predicta,
798 669 946 707 recipere
966 668 1070 698 libere
1094 669 1202 699 valeat

194 782 270 804 eum
291 774 420 812 aliquid
448 775 487 804 de
515 775 677 813 predictis
705 774 877 812 resignare
899 774 1089 812 eontigerit,
1110 775 1201 804 aliud

193 827 343 865 recipere
365 827 475 857 valeat
495 829 527 857 et
559 827 704 856 retinere
735 827 838 863 licite,
862 827 942 857 loco'
962 827 1042 865 ejus,
1065 828 1201 865 proviso

195 880 283 917 quod
301 880 416 917 eedem
436 879 578 909 ecclesie
594 888 629 909 ac
644 879 838 918 hujusmodi
860 879 1060 910 beneficium
1077 880 1201 910 debitis
1231 886 1232 890 ’

192 940 258 961 11011
282 932 480 962 fraudentur
499 932 672 971 obsequiis
702 934 733 962 ct
754 933 944 962 animarum
978 942 1058 963 cura
1092 934 1122 962 111
1151 934 1201 964 eis
1231 941 1232 967 1

194 984 317 1023 quibus
339 985 505 1019 imminet,
526 985 720 1015 nullatenus
736 986 937 1024 negligatur.
965 987 1089 1016 Datum
1114 988 1201 1024 apud

191 1037 480 1075 Urbemveterem,
499 1047 521 1068 v
536 1038 700 1068 kalendas
714 1039 860 1078 augusti,
883 1048 969 1069 anno
987 1040 1144 1070 secundo.
1162 1051 1176 1067 »ι

280 1275 352 1305 277

749 1273 873 1304 Orvieto,
892 1275 925 1300 25
940 1273 1035 1308 juillet
1054 1276 1128 1301 1263.

226 1360 383 1388 Confirmat
401 1360 592 1396 [traditionem
619 1359 662 1386 vel
682 1360 889 1394 obligationem
921 1361 1084 1388 reddituum
1110 1370 1127 1388 a
1152 1370 1201 1396 pa-

190 1409 314 1436 triarcha
342 1408 525 1443 Aquilegensi
552 1409 637 1435 certis
668 1409 877 1436 mercatoribus
893 1409 1065 1436 Senonsibus
1093 1411 1200 1437 l'aclam

190 1466 240 1492 pro
257 1457 343 1484 cerlis
359 1457 545 1492 pecuniarum
558 1458 680 1484 summis
699 1458 837 1484 mutuatis
855 1460 882 1484 ci
900 1458 929 1484 in
945 1458 1101 1486 utilitatem
1118 1459 1201 1494 Aqui-

190 1505 313 1540 legensis
328 1506 465 1532 ccclesiae
486 1506 641 1533 conversis.
662 1506 739 1540 (Rae.
759 1507 803 1537 27,
821 1506 868 1533 sol.
888 1508 920 1532 721'
940 1513 975 1537 v¹³,
994 1513 1023 1533 n⁰
1040 1508 1077 1542 2.)

231 1620 245 1639 «
268 1635 287 1641 ..
301 1610 481 1640 Patriarclze
498 1610 705 1649 Aquilcycnsi.
721 1611 787 1640 Per
802 1612 875 1640 tuas
885 1611 1051 1649 speciales
1068 1611 1200 1640 litteras

192 1663 289 1694 nobis
310 1672 477 1701 exponere
495 1663 657 1693 curavisti
682 1663 782 1701 (111011,
798 1664 888 1693 statu
915 1663 1114 1702 Aquilensis
1132 1665 1201 1703 (sic)

190 1716 331 1746 ecclesie
347 1716 428 1751 {fere
447 1716 573 1745 dudum
595 1716 755 1752 extincto,
779 1717 1020 1754 tempestatum
1040 1717 1201 1755 procellis

189 1771 222 1799 et
234 1769 495 1799 tribulationum
521 1769 687 1807 angustiis
706 1777 798 1800 more
825 1769 981 1799 fluminis
1006 1778 1065 1799 seu
1090 1770 1201 1799 fulmi-

191 1822 245 1852 nis
268 1822 522 1861 insurgentibus
544 1823 660 1851 contra
683 1830 769 1856 eam,
791 1822 837 1852 ita
867 1823 955 1860 qnod
985 1822 1042 1852 vix
1061 1823 1142 1852 olim
1160 1831 1201 1852 ex

191 1875 263 1914 ejus
282 1875 472 1905 redditibus
500 1875 692 1913 percipiens
717 1875 805 1903 unde
832 1883 891 1912 per
911 1875 1045 1904 tertiam
1071 1877 1200 1913 partem

190 1928 269 1957 anni
301 1936 375 1957 cum
408 1929 465 1957 tua
500 1927 628 1957 familia
655 1927 839 1957 sustentari
874 1928 1016 1963 valeres,
1049 1928 1202 1958 diversos

190 1981 287 2010 suisti
300 1981 435 2010 coactus
450 1980 644 2010 adinvenire
663 1980 781 2010 modos
794 1981 825 2010 et
842 1980 913 2009 vias
926 1989 985 2018 per
1001 1989 1086 2018 quos
1102 1981 1203 2011 ecele-

190 2034 277 2064 siam
300 2033 411 2071 ipsam
438 2041 557 2071 posses
578 2033 619 2063 ad
636 2034 762 2062 statum
784 2033 944 2063 reducere
969 2033 1150 2070 libertatis,
1171 2035 1203 2064 et

191 2087 328 2117 tandem
348 2086 435 2115 illud
463 2086 551 2116 inter
573 2086 680 2116 multa
697 2086 830 2125 elegisti
856 2086 1043 2116 remedium
1060 2087 1150 2125 quod
1168 2087 1202 2116 111

190 2139 311 2170 faciem
337 2139 561 2177 quorumdam
593 2138 759 2169 nobilium
783 2139 995 2178 allorumque
1013 2141 1200 2178 potentum,

189 2192 368 2223 ecclesiam
385 2192 495 2230 ipsam
507 2192 772 2230 opprimentium
789 2193 820 2222 et
831 2192 1038 2222 infidelitatis
1055 2193 1137 2223 vitio
1155 2193 1203 2222 in-

191 2245 367 2281 fectorum,
380 2245 525 2284 quedam
539 2247 661 2280 castra,
674 2254 740 2275 non
752 2246 825 2275 sine
844 2246 975 2284 magnis
993 2245 1200 2284 sumptibus,

191 2298 342 2332 erexisti,
361 2299 392 2328 et
413 2307 430 2327 a
447 2298 553 2328 nobili
572 2298 715 2328 muliere
736 2323 755 2329 ..
782 2299 958 2329 comitissa
973 2299 1112 2335 Goritie,
1135 2307 1204 2329 cas-

190 2352 281 2380 trum
293 2351 462 2389 Belgradi,
473 2352 551 2381 tunc
567 2352 724 2389 spectans
739 2352 780 2381 ad
792 2360 876 2385 eam,
892 2351 1038 2381 emisisti
1056 2351 1126 2391 (sic)
1143 2361 1203 2390 pro

191 2404 281 2433 certa
296 2403 437 2441 pecunie
453 2403 653 2442 quantitate,
664 2405 762 2434 firma
779 2404 900 2434 ductus
919 2404 1043 2434 fiducia
1058 2405 1147 2443 quod
1164 2413 1203 2435 ex

190 2456 312 2486 castris
330 2456 525 2494 hujusmodi
543 2457 653 2486 eidem
681 2457 823 2487 ecclesie
851 2457 994 2487 victoria
1011 2458 1204 2495 provenerit

190 2510 354 2548 perpetua
371 2510 403 2538 et
422 2508 548 2538 finalis.
568 2510 708 2546 Verum,
729 2510 808 2548 quia
834 2510 868 2539 id
897 2510 1114 2548 nequivisses
1132 2510 1203 2541 efli-

192 2570 279 2597 cere,
298 2561 363 2590 nisi
380 2561 550 2591 mediante
568 2563 660 2592 certa
674 2563 815 2600 pecunie
830 2571 964 2592 summa
982 2572 1083 2601 quam
1102 2563 1202 2594 dilec-

192 2615 249 2645 tus
268 2614 359 2644 filius
374 2614 520 2644 Jacobus
534 2615 697 2651 Romerii,
712 2615 796 2645 civis
807 2617 838 2645 et
849 2618 1013 2646 mercator
1029 2616 1201 2654 Senensis,

192 2669 303 2698 socius
322 2667 523 2698 dilectorum
555 2668 706 2698 liliorum
733 2669 969 2699 Bonaventure
987 2669 1201 2708 Bernardffli,

192 2721 225 2750 et
240 2721 415 2751 Francisci
434 2721 549 2757 Guidi,
563 2721 689 2751 civium
706 2722 738 2752 et
751 2723 974 2752 mercatorum
987 2723 1200 2760 Senensinm,

192 2773 414 2803 familiarium
436 2775 644 2810 nostrorum,
666 2774 727 2804 tibi
761 2783 821 2804 suo
850 2775 1063 2814 Rolandiqne
1084 2776 1203 2807 1301151-

192 2826 308 2865 gnoris
333 2828 364 2856 et
389 2827 626 2857 Bonaventure
649 2827 848 2857 Bernardini
865 2829 897 2858 et
928 2828 1074 2858 aliorum
1096 2829 1200 2865 socio-

193 2887 280 2915 rum,
306 2879 459 2918 ipsorum
484 2880 632 2915 nomine,
660 2879 847 2910 liberaliter
874 2881 1054 2918 mutuavit,
1081 2883 1116 2912 tu
1140 2881 1200 2916 eis,

195 2940 234 2962 ne
251 2932 382 2970 prefata
403 2933 546 2963 ecclesia
569 2933 799 2963 indissolubili
826 2933 1018 2964 debitorum
1042 2943 1142 2965 onere
1163 2935 1203 2964 li-

1263 359 1709 398 3111111111,1-011111111501111111
1729 362 2033 400 11111111-11111,(111151),
2051 366 2082 394 et
2095 366 2267 399 'l'umezac

1263 409 1364 438 etiam
1381 412 1550 448 quandam
1566 414 1787 450 111111111111110111
1806 416 2062 455 1)(-14111111111111111
2082 419 2111 447 le
2129 420 2265 448 0111111111

1263 469 1414 491 mensam
1440 465 1637 501 spectantia,
1660 475 1764 504 usquc
1789 468 1826 496 ad
1860 470 1986 498 certum
2018 471 2161 508 tempus,
2187 471 2268 500 dun-

1262 513 1355 542 taxat
1374 523 1433 551 pro
1456 516 1543 545 dicta
1571 518 1720 554 pecunia,
1743 520 1871 549 tradere
1890 523 1946 550 aut
1961 521 2108 560 obligare
2129 524 2264 560 curasti,

1231 583 1232 599 1
1262 568 1361 603 prout
1376 567 1409 595 in
1430 568 1563 604 publico
1583 570 1805 601 instrumento
1825 575 1974 603 consecto
1994 576 2115 605 exinde
2132 577 2266 613 plenius

1264 618 1386 648 dicitur
1404 621 1581 651 contineri.
1602 627 1710 657 Quare
1729 625 1867 661 petebas
1886 636 1903 655 a
1920 627 2017 656 nobis
2035 631 2080 661 ut,
2102 638 2176 658 cum
2194 638 2265 667 prc-

1231 702 1232 716 ἷ
1264 670 1332 700 sata
1346 673 1488 709 pecunia
1509 675 1673 703 <lictorum
1694 679 1929 712 inerraioruim
1948 688 1988 708 ex
2018 681 2178 718 predictis
2194 692 2267 712 1-1111-

193 722 317 750 etcum
341 722 502 759 predictis
529 722 669 751 ecclesis
689 722 780 751 licite
808 722 965 757 retinere,
988 722 1034 751 ita
1053 722 1152 760 qnod,
1171 722 1201 751 si
1231 718 1232 725 ¹

1263 723 1324 759 sis⁷
1339 724 1372 754 in
1387 726 1560 756 evidentes
1578 728 1743 757 utilitates
1760 730 1868 767 ipsius
1886 732 2026 762 ecclesie
2037 734 2266 771 51111111101511,

1264 785 1304 806 ne
1322 779 1527 808 mercatores
1542 780 1677 809 eosdem
1696 782 1767 811 suis
1782 782 1915 820 juribusv
1933 784 2124 815 defraudari
2143 788 2267 817 coutin-

1263 831 1328 867 gat,
1350 830 1544 869 hujusmodi
1568 834 1785 863 traditionem
1812 835 1863 864 vel
1895 836 2135 873 obligationem
2162 841 2269 869 reddi-

1262 884 1371 917 tuum,
1390 883 1519 921 jurium
1547 887 1578 914 et
1599 886 1720 924 pegule
1753 887 1980 924 predictorum
2012 893 2119 927 perte
2148 892 2266 921 1111111111

1263 935 1404 972 eisdem,
1434 938 1619 975 apostolico
1652 948 1847 969 curaremus
1880 942 2068 973 muninime
2100 944 2268 975 roborare.

1262 988 1334 1018 Nos
1355 989 1478 1027 itaque,
1499 991 1565 1020 tuis
1581 992 1888 1030 suppli‹·ationilnis
1910 995 2075 1032 inclinati,
2096 998 2183 1034 quod
2204 1008 2221 1026 a
2239 1000 2270 1028 te

1265 1050 1368 1080 super
1385 1042 1445 1072 hoc
1466 1044 1605 1081 provide
1633 1045 1757 1075 factum
1785 1048 1848 1081 est,
1867 1049 1978 1077 ratum
2003 1050 2036 1078 et
2059 1050 2193 1079 lirnium
2216 1050 2272 1081 ha-

1262 1093 1393 1131 bentes,
1423 1095 1457 1124 id
1484 1097 1686 1127 auctoritate
1712 1099 1899 1136 apostolica
1926 1101 2178 1138 confirmamus
2206 1105 2267 1134 etc.

1263 1156 1370 1185 usque
1393 1149 1619 1179 comunimus.
1644 1150 1719 1180 Non
1742 1151 1896 1181 obstante
1920 1154 2088 1184 sententia
2115 1164 2272 1186 excomu-

1264 1201 1443 1231 nicationis
1462 1210 1521 1239 per
1548 1211 1609 1231 nos
1642 1203 1677 1232 in
1696 1203 1786 1233 cives
1815 1205 1983 1235 Senenses
2004 1207 2146 1244 prolata,
2170 1217 2188 1237 a
2206 1218 2270 1247 qua

1263 1253 1372 1283 dictos
1401 1254 1588 1285 familiares
1617 1264 1800 1295 eorumque
1829 1258 1940 1289 socios
1973 1260 2134 1290 duximus
2163 1261 2273 1291 exclu-

1263 1306 1403 1337 dendos.
1424 1308 1475 1337 Ita
1501 1309 1613 1338 tamen
1640 1310 1742 1347 quod,
1764 1310 1859 1341 finito
1883 1311 2078 1350 hujusmodi
2108 1315 2270 1351 tempore,

1264 1360 1429 1397 redditus,
1443 1361 1520 1399 Jura
1539 1363 1570 1391 et
1584 1362 1718 1401 pelugia
1734 1363 1801 1402 (sic)
1819 1365 2014 1402 supradicta
2033 1366 2074 1395 ad
2090 1368 2121 1396 te
2139 1368 2169 1396 et
2185 1376 2274 1397 men-

1264 1422 1338 1443 sam
1363 1413 1472 1452 ipsam
1499 1414 1604 1444 libere
1636 1417 1824 1446 revertatur
1846 1417 1925 1456 (sic).
1949 1419 2044 1448 Nulli
2064 1422 2124 1449 etc.
2159 1422 2272 1450 nostre

1263 1467 1533 1497 confirmationis
1551 1469 1612 1498 etc.
1625 1468 1658 1498 Si
1671 1469 1748 1507 quis
1766 1471 1878 1499 autem
1896 1473 1957 1501 etc.
1972 1472 2095 1501 Datum
2108 1473 2196 1510 apud
2212 1474 2272 1503 Ur-

1262 1519 1504 1556 bemveterem,
1525 1530 1585 1550 vni
1608 1521 1769 1552 kalendas
1785 1524 1930 1561 augusti,
1951 1533 2038 1554 anno
2055 1526 2212 1555 secundo.
2229 1538 2243 1553 »

1353 1732 1424 1762 278

1818 1733 1942 1763 01111010,
1961 1734 1994 1759 ’Ξὸ
2010 1733 2106 1768 juillet
2123 1736 2198 1760 1263.

1304 1818 1442 1852 Episcopo
1466 1819 1626 1845 (laslelleno
1643 1821 1758 1846 mandat
1787 1822 1816 1846 nt
1840 1823 2012 1847 mercatores
2042 1822 2178 1848 Senenses
2203 1831 2272 1856 pra:-

1264 1866 1356 1893 dictos
1372 1866 1457 1893 faciat
1481 1876 1566 1901 usque
1587 1869 1623 1894 ad
1639 1869 1835 1902 prsescriptum
1862 1872 1974 1903 tempus
1997 1871 2160 1897 reddituum
2179 1874 2204 1897 et
2227 1871 2272 1905 ju-

1263 1915 1461 1949 riumpacilica
1480 1917 1659 1949 possessione
1676 1918 1808 1950 gaudere,
1825 1918 1865 1943 eis
1882 1926 1898 1944 a
1913 1918 2076 1951 patriarcha
2089 1919 2271 1953 Aquilegcnsi

1263 1971 1313 1998 pro
1329 1964 1459 1998 pecuniis
1476 1965 1615 1991 mutuatis
1630 1972 1843 1993 concessorum.
1864 1966 1941 2001 (REO.
1959 1969 2002 1997 27,
2020 1967 2067 1993 fol.
2083 1969 2128 1998 76,
2149 1973 2178 1993 n⁰
2196 1968 2232 2001 l.)

1305 2080 1319 2095 <‹
1338 2067 1495 2108 Episcopo
1510 2068 1696 2098 Castellano.
1708 2069 1875 2107 Exposuit
1890 2069 1987 2099 nobis
2001 2070 2206 2100 venerabilis
2220 2089 2267 2101 -.

1264 2120 1391 2150 Datum
1423 2122 1511 2159 apud
1543 2121 1829 2157 Urbemveterem,
1848 2131 1903 2152 v111
1936 2123 2099 2153 kalendas
2123 2124 2268 2162 augusti,

1265 2182 1351 2204 anno
1369 2175 1527 2205 secundo.
1547 2187 1561 2201 »

1352 2387 1424 2417 279

1800 2386 1924 2416 (fili-vieto,
1943 2387 1971 2412 ‘2¹
1987 2386 2100 2421 janvier
2122 2388 2197 2412 4263.

1301 2475 1475 2506 Framundo,
1490 2475 1568 2501 dicto
1584 2475 1705 2506 Lebrun,
1717 2474 1917 2501 archidiacono
1934 2474 2171 2505 Waterfordensi,
2182 2475 2272 2501 indul-

1265 2525 1312 2558 get
1330 2525 1371 2554 ut,
1390 2531 1447 2550 non
1463 2524 1594 2550 obstante
1615 2523 1725 2550 defectu
1741 2523 1890 2554 natalium,
1907 2523 1942 2550 ad
1960 2531 2058 2549 omnes
2077 2523 2192 2550 ordines
2210 2532 2272 2557 pro-

1264 2571 1374 2598 moveri
1391 2574 1419 2599 et
1435 2571 1703 2599 archidiaconatum
1720 2571 1980 2598 Waterfordensem
2000 2580 2065 2598 cum
2085 2571 2150 2598 aliis
2169 2571 2270 2598 benefi-

1264 2621 1316 2647 ciis
1328 2620 1391 2656 jam
1410 2621 1546 2651 obtentis,
1561 2621 1683 2648 relinere
1702 2620 1778 2647 licite
1799 2620 1901 2647 valeat.
1917 2620 1994 2656 (Rae.
2013 2622 2056 2652 27,
2076 2619 2123 2648 sol.
2142 2622 2185 2655 77,
2201 2625 2230 2646 11ο
2246 2622 2269 2648 1.

1269 2669 1429 2697 PorTuAsr.
1449 2674 1481 2696 n0
1497 2669 1607 2704 18-'27-2.)

1307 2788 1322 2804 «
1339 2776 1457 2807 Dilecto
1473 2776 1541 2816 filio
1569 2777 1757 2814 Framundo,
1783 2777 1863 2808 dicto
1891 2776 2021 2814 Lebrun‚
2055 2780 2271 2812 archidiacono

1276 2829 1493 2869 lVatfordensi,
1505 2831 1574 2870 (sic)
1588 2831 1714 2860 salutem
1728 2835 1783 2861 etc.
1795 2832 1896 2863 Lecta
1909 2841 2021 2863 eoram
2038 2833 2134 2866 nobis
2147 2853 2196 2864 —.
2208 2835 2272 2865 Da-

1266 2884 1339 2913 tum
1371 2884 1459 2922 apud
1491 2883 1779 2921 Urbcmveterem,
1814 2894 1860 2914 1111
1896 2885 2058 2916 kalendas
2093 2886 2268 2924 februarii,

1267 2944 1353 2966 anno
1372 2937 1528 2967 secundo.
1548 2950 1562 2964 »
