2547 3289
377 259 447 289 527
857 256 979 287 orvieto,
998 257 1029 283 13
1044 264 1121 282 mars
1142 255 1218 282 1264.

325 341 442 367 licutino
457 342 482 365 et
504 337 655 364 Assisinati
677 335 818 369 cpiscopis
843 336 956 361 mandat
981 338 1009 361 ut
1035 334 1200 360 hominibus
1223 334 1293 360 Nur-

288 390 356 416 siae.
376 388 489 414 (lassiai-
518 390 540 411 ct
571 386 673 412 Montis
698 385 723 410 S.
748 383 860 409 Martini
882 386 1054 414 castrorum,
1072 384 1192 409 durante
1220 382 1294 409 inter

288 446 335 464 cos
355 440 378 463 ct
411 436 485 462 cives
516 434 683 468 spoletanos
710 431 862 459 discordia.
895 431 1021 458 tribuant
1041 431 1180 458 ecclesiae
1199 439 1293 457 sacra-

288 489 384 512 menta
404 494 475 519 quae
494 487 604 509 tantum
623 491 672 516 per
685 481 851 515 episcopum
866 481 1061 507 conteruntur.
1080 481 1161 513 (Itan.
1179 482 1222 511 28,
1243 480 1292 507 sol.

286 538 329 565 39,
351 543 417 560 anu.
435 534 480 559 ΙΙΙ.
500 537 531 558 n⁰
552 533 614 563 13¹¹,
636 532 781 558 l‘oTruAsr
798 531 904 564 18824).

327 650 340 666 a
360 663 377 667 ..
397 638 528 667 lfmtino
544 642 597 666 et..
616 635 781 665 Ass-irinati
798 635 958 674 episcopia.
980 634 1031 666 Ob
1044 634 1227 673 puritatem
1243 634 1295 664 de-

288 691 433 722 votionis
456 699 555 729 quani
580 689 691 718 dilecti
722 688 783 718 filii
807 688 942 721 Nursie,
961 687 1078 718 Cassie
1113 689 1143 717 et
1170 688 1295 718 Montis

287 744 393 775 sancti
409 743 544 774 Martini
562 744 749 772 castrorum
764 741 1016 776 universitates,
1034 741 1213 779 Spoletane
1226 741 1296 770 dio-
1324 741 1326 765 ἰ
1371 776 1376 780 ,
1420 776 1424 780 ,
1570 776 1574 780 .
1607 776 1611 780 .
1656 775 1661 780 ⁷
1863 776 1867 780 ¹
1990 776 1995 780 ⁴
2071 776 2087 780 Ν

1324 789 1326 796 ·
1355 778 1441 802 tionis
1468 778 1625 802 committit
1655 784 1681 801 in
1710 774 1868 802 cathedrali
1894 776 2015 803 ecclesia
2039 776 2160 810 aliisque
2192 777 2370 804 secularibus

287 798 385 831 cesis,
404 797 444 827 ad
474 797 661 827 Romanam
688 795 866 825 ecclesiam
883 794 1005 824 habere
1028 797 1225 830 noscuntur,
1244 803 1296 824 ve-

287 851 348 881 luti
367 850 439 889 ejus
457 849 518 879 filii
548 849 723 887 speciales,
743 848 792 878 eis
816 857 875 886 per
902 851 1036 878 nostras
1056 847 1186 878 litteras
1215 848 1296 877 dici·
1326 867 1327 874 ι

288 912 362 934 mur
376 903 585 933 concessisse
599 903 646 936 ut,
664 911 740 932 cum
755 901 821 940 ipsi
834 910 893 940 pro
907 901 1128 931 defendendis
1144 901 1295 940 ejusdem

287 956 426 987 ecclesie
453 955 599 994 juribus,
624 955 748 984 civium
767 954 1037 993 Spoletanorum,
1057 956 1136 984 tnnc
1161 954 1297 984 indevo-

286 1012 397 1040 torum
415 1009 565 1047 ejusdem
590 1008 742 1044 ecclesie,
761 1007 875 1038 odium
902 1007 1135 1043 incurrissent,
1161 1007 1222 1037 tali
1240 1007 1297 1037 du-

288 1064 382 1093 rante
401 1062 488 1092 inter
509 1062 669 1100 utrosque
688 1061 869 1095 discordia,
886 1069 951 1090 non
981 1062 1176 1091 tenerentur
1199 1061 1239 1090 ad
1262 1084 1268 1090 .
1288 1084 1295 1090 .

287 1115 506 1154 Spoletanum
527 1115 734 1153 episcopum,
755 1123 813 1152 pro
840 1113 1044 1152 recipiendis
1075 1114 1295 1144 sacramentis

289 1168 540 1203 ecclesiasticis,
555 1176 618 1206 que
634 1169 763 1197 tantuin
781 1176 839 1206 per
852 1167 1045 1206 episcopum
1064 1167 1294 1203 conferuntur,

290 1222 503 1260 aliquatenus
534 1230 569 1251 sc
597 1221 790 1256 transferre,
813 1221 870 1250 sed
901 1230 938 1251 ea
972 1220 1012 1250 ab
1045 1220 1158 1259 aliquo
1186 1221 1296 1250 vicino

291 1275 459 1313 episcopo,
477 1274 619 1312 gratiam
644 1275 675 1304 et
700 1273 971 1304 communionem
997 1274 1181 1312 apostolice
1206 1274 1297 1303 sedis

290 1327 444 1363 habente,
466 1328 614 1365 recipere
631 1327 765 1356 valeant
783 1335 889 1365 usque
912 1327 951 1356 ad
975 1328 1087 1356 nostre
1108 1326 1297 1365 beneplaci-

289 1383 361 1411 tum
374 1380 570 1410 voluntatis.
587 1380 731 1418 Ideoque
748 1380 950 1409 fraternitati
968 1381 1078 1409 vestre
1095 1380 1297 1409 mandamus

292 1433 452 1471 quatinus
469 1441 528 1462 vos
552 1433 602 1463 vel
623 1433 707 1462 alter
726 1434 875 1462 vestrum
896 1432 936 1462 ad
952 1433 1101 1470 predicta
1116 1432 1200 1467 loca,
1221 1441 1297 1462 cum

291 1488 490 1524 oportunum
510 1486 623 1521 suerit,
639 1494 698 1515 vos
714 1486 937 1524 personaliter
952 1486 1205 1519 transferentes,
1224 1494 1297 1524 per-

291 1539 381 1569 sonis
414 1539 619 1570 eorumdem.
640 1539 737 1577 juxta
762 1539 984 1577 prescriptam
1014 1539 1166 1575 sormam,
1190 1548 1297 1569 sacra-

288 1594 399 1622 menta
415 1592 605 1631 hujusmodi
625 1591 795 1621 tribuatis.
814 1592 937 1622 Datum
964 1592 1050 1630 apud
1082 1591 1297 1622 Urbemvcte-

288 1654 369 1681 rem,
390 1653 422 1674 ιιι
446 1645 519 1674 idus
539 1645 664 1676 martii.
686 1644 853 1675 annolll‘.
881 1656 895 1674 ι)

378 1820 451 1850 528

855 1822 978 1852 (Ji-vieto,
1003 1823 1034 1849 13
1050 1831 1128 1849 mars
1146 1824 1223 1851 1203.

323 1898 488 1924 Hominibus
515 1897 600 1923 castri
629 1896 765 1922 Mati-icis.
791 1897 960 1931 Spoletanne
986 1897 1108 1924 diocesis
1132 1898 1236 1925 inhibet
1261 1908 1294 1925 nc

288 1948 423 1973 adversus
441 1946 641 1972 universitates
659 1946 787 1971 Nursiae.
807 1947 921 1972 Cassiae
939 1950 963 1973 et
985 1947 1088 1973 Montis
1105 1950 1130 1972 S.
1151 1948 1237 1974 Petri.
1257 1949 1295 1974 in-

289 1996 398 2022 devotis
413 1995 551 2021 ecclesiae
569 1995 723 2025 Montanae,
735 1995 905 2028 pracsertim
923 1995 1032 2021 civibus
1047 1996 1208 2023 lisculaais.
1219 1998 1294 2024 auxi-

288 2044 357 2070 lium
375 2047 530 2078 praesti-nt.
550 2044 628 2072 ιΙιιῑιι.
647 2046 690 2070 28.
713 2043 760 2070 sol.
777 2046 823 2070 23¹.)-
837 2052 903 2070 sinn.
923 2045 968 2075 ΙΙΙ,
990 2050 1018 2071 n‘¹
1036 2046 1107 2078 131).

328 2162 341 2178 u
367 2148 564 2178 L‹'11ivr·1·sil(1{i
580 2149 671 2177 caso-2·
693 2147 841 2184 Man-icis,
859 2149 1023 2189 Spolelane
1046 2150 1182 2182 diocesis.
1211 2156 1294 2183 (luni

288 2203 401 2232 dilecti
419 2202 479 2232 filii
498 2202 633 2234 Nursie,
654 2202 770 2232 Cassie
788 2205 819 2232 et
837 2203 962 2233 Montis
986 2205 1092 2235 sancti
1112 2205 1202 2235 Petri
1227 2215 1295 2236 cas-

288 2258 415 2286 trorum
440 2255 690 2290 universitates,
720 2257 878 2294 tanquam
901 2257 1041 2287 ecclesie
1066 2259 1216 2289 Romane
1234 2260 1294 2289 tilii

288 2309 463 2347 speciales,
483 2310 674 2338 constanter
703 2309 735 2338 in
762 2309 911 2347 ejusdem
938 2310 1150 2341 devotionem
1170 2313 1294 2351 persis-

287 2363 370 2398 tant,
407 2370 535 2400 nosque
574 2361 667 2400 ipsos
704 2364 840 2400 propter
871 2363 932 2393 hoc
964 2364 1076 2395 favore
1108 2367 1294 2404 apostolico

288 2423 542 2453 prosequamur,
560 2415 815 2445 universitatem
833 2419 977 2446 vestram
999 2426 1157 2457 rogamus
1177 2423 1207 2449 et
1222 2420 1295 2450 hor-

289 2469 398 2497 tamur
419 2470 542 2498 attente
561 2468 657 2497 vobis
675 2468 927 2506 nichilominus,
945 2470 1007 2499 sub
1030 2480 1115 2509 pena
1133 2473 1293 2511 quingen-

289 2522 398 2550 tarum
423 2530 608 2551 marcarum
633 2522 773 2560 argenti,
796 2530 855 2560 per
883 2524 1067 2561 apostolica
1085 2526 1209 2564 scripta
1228 2527 1294 2556 dis—

290 2574 386 2602 tricte
427 2574 639 2612 precipiendo
681 2575 879 2605 mandantes
920 2577 1080 2615 quatinus

1122 2579 1294 2618 aliquibus
1325 2610 1326 2619 ¹

292 2626 457 2655 indevotis
477 2627 624 2664 ejusdem
641 2628 781 2657 ecclesie
797 2630 827 2658 et
846 2630 1024 2667 presertim
1042 2631 1173 2662 civibus
1192 2633 1294 2663 Escu-
1325 2626 1326 2637 ¹

290 2678 388 2713 lanis,
404 2680 563 2717 quamdiu
582 2681 612 2709 in
637 2690 695 2710 sua
713 2681 926 2712 indevotione
944 2684 1164 2722 perstiterint,
1181 2690 1295 2717 contra
1326 2692 1327 2698 ¹

290 2732 396 2762 dictas
415 2732 653 2762 universitates
676 2735 725 2763 vel
749 2743 863 2764 earum
892 2736 1053 2774 aliquam,
1073 2738 1204 2768 nullum
1223 2748 1295 2777 pre-
1326 2732 1327 2740 ¹

290 2785 397 2815 beatis
420 2785 611 2821 consilium,
631 2787 796 2817 auxilinm
816 2788 867 2818 vel
890 2788 1050 2826 favorem,
1070 2799 1129 2820 nec
1148 2791 1295 2831 aliquem
1326 2786 1327 2795 ¹

291 2838 483 2868 eorumdem
502 2838 625 2868 civium
645 2840 677 2868 ιιι
697 2842 895 2877 potestatem
912 2842 963 2872 vel
982 2845 1145 2874 rectorem
1159 2845 1295 2876 interim
1326 2863 1327 2866 =

1044 168 1290 199 REGISTRES
1312 167 1525 198 D'URBAIN
1548 167 1605 197 lv.

1356 250 1572 289 aliquatenus
1591 251 1787 287 assumatis,
1808 259 1923 290 preces
1941 253 1973 281 et
1990 254 2186 290 preceptum
2208 254 2367 291 apostoli-

1356 312 1430 333 cum
1449 312 1550 342 super
1566 303 1633 333 hiis
1650 303 1764 333 taliter
1778 303 1965 342 impleturi,
1983 304 2073 343 quod
2090 313 2211 342 penam
2232 306 2367 336 evitetis

1355 356 1507 390 eandem,
1523 364 1650 394 nosque
1664 356 1855 386 devotionis
1869 358 1980 387 vestre
1991 357 2267 396 promptudinem
2279 368 2367 389 com-

1355 409 1513 439 mendare
1532 410 1653 439 merito
1680 409 1866 440 valeamus.
1886 410 2011 440 Datum
2040 410 2130 448 apud
2150 410 2369 442 Urbemvete-

1355 471 1439 496 rem,
1460 472 1495 491 ιιι
1514 462 1591 492 idus
1608 463 1735 498 martii,
1755 471 1841 493 anno
1859 463 1931 493 1110.
1949 472 1966 492 »

1446 643 1518 674 529

1912 646 2038 674 Orvieto.
2057 649 2074 674 5
2091 647 2196 674 sul-vricr
2219 648 2297 675 1264.

1391 727 1614 761 Archicpiscopo
1629 726 1832 762 Burdegalensi
1853 726 1981 754 osticium
1997 727 2171 754 visitationis
2185 731 2211 754 et
2229 727 2369 755 reforma-

1356 824 1486 851 ecclesiis
1503 827 1526 851 ct
1554 824 1738 850 monasteriis
1753 824 1875 851 diocesis
1896 824 2136 859 l’ampilonensis.
2154 824 2233 859 (Rae.
2253 826 2298 857 28,
2315 825 2365 852 sol.

1355 874 1389 900 39
1408 879 1444 903 νο,
1463 881 1532 900 ann.
1548 873 1597 906 111,
1611 877 1641 898 n⁰
1660 873 1732 907 132.)

1397 988 1412 1007 «
1433 1003 1452 1009 ..
1471 978 1700 1019 archiepiscopo
1720 978 1953 1017 Burdeqalensi.
1974 979 2027 1009 Ad
2047 979 2269 1015 audientiam,
2287 978 2370 1009 refe-

1357 1034 1450 1062 rente
1479 1032 1601 1062 dilecto
1628 1032 1735 1069 filio..,
1761 1035 1895 1062 cantore
1922 1032 2191 1071 pampilonensi,
2218 1032 2370 1062 nostram

1357 1086 1493 1115 noveris
1509 1086 1704 1123 pervenisse
1723 1086 1811 1124 quod
1828 1088 1896 1115 tam
1926 1086 1959 1115 in
1980 1085 2163 1116 cathedrali
2187 1084 2317 1115 ordinis
2341 1092 2369 1114 s.

1358 1139 1553 1175 Augustini,
1573 1147 1673 1177 quem
1695 1140 1730 1168 tu
1750 1139 1823 1177 ipse
1842 1138 2020 1177 professus
2041 1139 2149 1175 fuisti,
2170 1146 2272 1177 quam
2291 1137 2370 1167 aliis

1358 1192 1512 1221 ecclesiis
1530 1191 1742 1222 secularibus
1776 1194 1809 1222 et
1842 1191 2061 1221 monasteriis
2092 1190 2371 1230 Pampilonensis

1359 1245 1507 1274 civitatis
1523 1246 1554 1274 et
1579 1244 1737 1278 diocesis,
1756 1245 1864 1274 multa
1881 1246 1997 1274 contra
2014 1244 2203 1283 regularem
2221 1242 2372 1282 discipli-

1358 1306 1435 1327 nam
1453 1300 1482 1327 et
1501 1297 1655 1328 instituta
1671 1298 1842 1333 canonica,
1859 1298 1893 1327 in
1912 1305 2014 1336 grave
2031 1297 2223 1327 animarum
2240 1296 2371 1335 pericu-

1358 1351 1440 1383 lum.
1466 1359 1525 1389 per
1549 1359 1673 1389 pravos
1689 1353 1721 1381 et
1740 1350 1993 1380 irrationabiles
2023 1350 2287 1381 consuetudines
2313 1349 2370 1380 ob-

1359 1406 1548 1439 servantur,
1586 1406 1616 1434 et
1665 1404 1773 1434 multa
1813 1404 2071 1434 committuntur
2103 1403 2267 1439 enormia,
2306 1411 2371 1441 que

1328 1468 1329 1474 ι
1358 1457 1475 1487 limam
1495 1457 1720 1487 ordinationis
1737 1458 1769 1487 et
1784 1458 2004 1487 correctionis
2024 1458 2224 1496 exposcunt,
2244 1480 2251 1485 .
2270 1480 2276 1485 .
2301 1456 2371 1486 dio-

1358 1519 1491 1546 cesano,
1509 1512 1539 1540 et
1556 1535 1562 1541 .
1583 1535 1588 1540 .
1610 1511 1872 1549 metropolitano
1897 1511 1962 1541 loci
1989 1509 2240 1550 negligentibus
2257 1517 2371 1549 prose—

1327 1567 1329 1576 ¹
1358 1565 1415 1603 qni
1435 1573 1536 1603 super
1554 1564 1614 1594 hoc
1644 1574 1708 1604 que
1728 1565 1769 1595 ad
1787 1565 1937 1595 officium
1962 1565 2133 1604 pertinent
2159 1564 2368 1594 eorumdem.

1358 1620 1442 1648 Cum
1471 1619 1586 1657 igitur,
1608 1619 1795 1649 secundum
1827 1619 2031 1658 apostolum,
2062 1619 2227 1648 instantia
2255 1620 2371 1648 nostra

1326 1664 1328 1679 ³
1357 1672 1526 1702 cotidiana
1547 1672 1591 1701 sit
1622 1672 1773 1702 omnium
1800 1672 2022 1702 ecclesiarum
2043 1672 2238 1702 sollicitudo
2267 1671 2372 1702 conti-

1358 1734 1434 1761 nua,
1462 1734 1535 1762 nos,
1553 1725 1728 1764 cupientes
1758 1725 1835 1755 huic
1862 1725 1979 1756 morbo
2011 1725 2147 1756 salubre
2179 1723 2370 1755 antitodum

1357 1778 1424 1817 (sic)
1443 1778 1607 1814 adhiberi,
1628 1778 1832 1809 fraternitati
1851 1780 1919 1815 tue,
1937 1779 1977 1809 de
1999 1787 2066 1818 qua
2093 1778 2229 1816 plenam
2249 1777 2284 1808 in
2305 1777 2371 1808 Do-

1325 1860 1326 1874 3
1357 1832 1449 1862 mino
1469 1832 1627 1862 fiduciam
1646 1833 1807 1871 gerimus,
1827 1841 1887 1871 per
1905 1832 2091 1871 apostolica
2120 1832 2248 1871 scripta
2277 1840 2370 1862 man—

1325 1882 1326 1903 1
1357 1886 1476 1915 damus
1495 1885 1666 1924 quatinus,
1689 1886 1718 1915 si
1743 1888 1793 1916 est
1811 1886 1868 1922 ita,
1894 1886 1935 1916 ad
1962 1886 2129 1916 dictorum
2147 1885 2369 1916 monasterio-

1356 1947 1430 1968 rum
1450 1940 1480 1968 et
1505 1938 1725 1968 ecclesiarum
1750 1939 1997 1968 ordinationem
2028 1941 2058 1969 et
2090 1938 2366 1969 reformationem

1324 2031 1326 2036 ,
1357 1992 1544 2030 impendas.
1566 1992 1750 2022 secundum
1785 1992 1896 2022 datam
1918 1992 1979 2022 tibi
2000 2001 2018 2021 a
2043 1992 2113 2022 Deo
2138 1991 2365 2030 prudentiam,

1325 2069 1326 2073 ,
1357 2054 1493 2084 operam
1509 2048 1541 2075 et
1561 2045 1828 2075 sollicitudinem
1850 2045 2058 2084 diligentem,
2078 2045 2278 2081 ordinando,
2297 2053 2368 2075 cor-

1324 2097 1326 2122 ?
1358 2099 1496 2137 rigendo
1511 2101 1541 2129 et
1558 2098 1772 2129 reformando
1788 2099 1822 2128 in
1840 2099 1890 2128 eis
1904 2107 1968 2136 que
1984 2098 2221 2131 ordinationis.
2241 2107 2368 2129 correc-

1356 2152 1460 2181 tionis
1489 2154 1519 2182 et
1548 2151 1803 2182 reformationis
1835 2151 1946 2181 officio
1969 2151 2105 2181 noveris
2135 2150 2299 2190 indigere,
2331 2159 2368 2181 ac

1357 2205 1620 2235 contradictores
1642 2213 1702 2243 per
1720 2213 1897 2234 censuram
1926 2204 2204 2238 ecclesiasticam.
2220 2203 2368 2242 appella-

1356 2259 1447 2288 tione
1474 2258 1674 2297 postposita,
1705 2258 1959 2296 compescendo.
1979 2257 2013 2288 Si
2042 2266 2108 2296 qua
2130 2266 2210 2287 vero
2239 2257 2274 2287 in
2302 2257 2367 2288 loci

1356 2312 1536 2342 diocesano
1557 2311 1755 2350 corrigenda
1775 2311 1827 2341 vel
1847 2311 2062 2341 reformanda
2081 2311 2284 2350 reppereriS,
2307 2311 2368 2341 illa

1356 2364 1454 2395 nobis
1471 2373 1529 2404 per
1547 2368 1622 2395 tuas
1640 2364 1773 2394 clausas
1794 2364 1926 2395 litteras
1951 2365 2088 2395 studeas
2115 2364 2260 2395 fideliter
2288 2364 2366 2395 inti-

1356 2427 1460 2452 mare,
1472 2427 1537 2447 non
1551 2417 1766 2448 obstantibus
1778 2435 1827 2448 —.
1840 2418 2008 2448 Nolumus
2021 2420 2134 2448 autem
2147 2426 2206 2456 per
2219 2417 2280 2448 hoc
2291 2417 2365 2453 tibi,

1356 2480 1396 2501 ex
1420 2474 1535 2501 nostra
1566 2471 1807 2501 commissione
1830 2471 2048 2510 prosequenti
2074 2471 2254 2509 premissa,
2277 2471 2370 2510 quic.-

1325 2536 1326 2568 ᾗ
1357 2533 1456 2563 quam
1472 2524 1560 2562 juris
1589 2533 1779 2555 accrescere
1805 2534 1864 2555 seu
1881 2524 2022 2563 prefatis
2046 2524 2306 2563 metropolitano
2330 2532 2367 2555 ac

1357 2577 1536 2608 diocesano
1555 2577 1779 2616 prejudicium
1805 2578 1837 2607 in
1863 2580 2034 2616 posterum
2057 2578 2222 2616 generari.
2241 2578 2366 2608 Datum

1357 2630 1445 2669 apud
1463 2630 1751 2666 L'rbemveterem,
1767 2632 1864 2661 nonis
1885 2631 2058 2666 selu-uarii,
2074 2640 2160 2662 inmo
2176 2631 2247 2662 1110.
2273 2643 2286 2657 »ι
