2547 3289
1106 251 1348 289 DEUXIEME
1370 254 1537 289 ANNEE.
2321 261 2360 290 53

277 340 374 381 gerit,
391 339 537 370 Roberto
552 338 730 369 conferatis
745 339 863 369 eidem.
883 339 954 369 Nos
969 339 1059 369 enim
1077 339 1289 369 decernimus

278 393 413 424 irritum
422 393 560 423 etinane
577 392 608 422 si
620 400 716 422 secus
731 392 770 422 de
794 392 869 431 ipsa
882 392 936 422 vel
960 392 1027 422 alia
1044 392 1212 430 prebenda
1224 392 1290 431 ipsi

279 446 427 477 Roberto
454 446 654 476 conferenda
679 445 859 484 apostolica
886 445 939 476 vel
957 446 1076 484 quavis
1098 446 1290 475 auctoritate

280 499 455 537 contigerit
470 498 668 537 attemptari.
685 499 809 529 Datum
819 499 907 537 apud
922 498 1256 533 Montemssasconem,
1269 507 1290 527 11

280 552 358 582 idus
380 551 590 590 septembris,
609 560 695 582 anno
708 552 752 582 II.
770 563 785 579 υ

728 708 960 740 Montefiascone‚
977 709 992 734 6
1009 709 1122 735 octobre
1141 710 1217 735 1262.

350 713 422 744 144

316 797 490 823 Senensibus
512 795 633 822 mandat
652 797 794 829 quatenus
811 795 928 820 Petrum
950 794 1036 820 Scotti
1055 793 1173 828 ejusque
1190 792 1292 830 socios,

276 847 453 872 mercatores
472 846 626 876 Senenses,
638 846 741 878 cogant
758 846 787 870 ut
807 843 936 877 plenarie
953 849 1043 876 papae
1053 844 1081 868 et
1097 841 1232 868 ecclesiae
1243 841 1294 867 Ro-

279 901 383 920 manae
397 893 591 921 satisfaciant.
610 893 689 928 (Rae.
706 893 752 926 26,
768 891 816 918 fol.
834 891 882 923 493
898 891 966 917 anni
982 891 1016 924 ΙΙ,
1034 898 1068 916 no
1084 891 1122 922 6.)

320 998 362 1016 «..
378 985 550 1026 potestati..
574 984 744 1024 capitaneo,
770 983 916 1017 clusionis,
947 983 1070 1011 consilio
1097 987 1122 1011 cc
1142 982 1292 1011 communi

279 1038 464 1069 Senenszbus
484 1036 627 1077 spiritum
653 1035 772 1065 consilii
801 1035 940 1065 sanioris.
963 1035 1069 1065 Mater
1093 1036 1204 1065 vestra
1228 1043 1290 1073 que

279 1100 342 1122 vos
367 1090 524 1130 baptismi
542 1089 791 1128 regeneratione
805 1089 983 1128 parturivit
999 1089 1034 1118 in
1047 1088 1148 1123 filios,
1167 1097 1226 1126 per
1240 1088 1290 1118 in-

279 1144 468 1175 devotionis
486 1143 578 1173 invia
593 1142 849 1181 dampnabiliter
867 1143 897 1172 et
913 1142 1099 1181 periculose
1113 1142 1214 1172 nimis
1231 1151 1291 1172 vos

280 1197 435 1229 oberrare
458 1196 680 1235 conspiciens,
708 1195 832 1235 apertis
853 1195 939 1225 circa
966 1204 1026 1225 vos
1049 1195 1293 1234 compassionis

280 1252 430 1282 materne
446 1249 646 1287 visceribus,
664 1249 854 1287 frequenter
867 1248 908 1279 ad
924 1257 984 1279 vos
1001 1249 1120 1278 litteris
1137 1248 1294 1278 clamavit

281 1305 313 1335 et
327 1303 476 1339 monitis,
491 1304 529 1333 ut
539 1303 580 1333 ad
595 1302 684 1332 viam
700 1302 820 1332 salutis
833 1303 863 1332 et
878 1301 1088 1332 rectitudinis
1104 1302 1293 1338 redeuntes,

281 1357 396 1387 relicto
409 1356 480 1395 ejus
488 1356 712 1395 persecutore,
721 1354 1053 1390 converteremini‚ad
1063 1354 1177 1385 dulces
1187 1354 1294 1393 ipsius

280 1409 401 1440 matris
423 1409 597 1450 amplexus
619 1408 654 1438 in
674 1408 769 1438 illius
787 1408 925 1446 gremio,
944 1416 963 1437 a
984 1416 1049 1446 quo
1074 1416 1134 1437 vos
1152 1407 1292 1441 fecistis,

281 1462 403 1493 vestris
421 1462 529 1500 culpis
547 1461 771 1499 exigentibus,
792 1461 931 1497 alienos,
948 1469 1023 1490 cum
1038 1460 1113 1490 aliis
1130 1460 1292 1490 Christifi-

280 1515 414 1546 delibus
425 1514 681 1545 confovendLEt
692 1514 768 1544 licet
780 1522 839 1543 vos
849 1513 920 1552 ejus
929 1513 1146 1543 obaudientes
1154 1513 1290 1548 monita,

278 1568 334 1598 usi
350 1567 481 1598 fueritis
496 1567 658 1597 hactenus
673 1567 760 1596 circa
775 1566 884 1604 ipsam
893 1566 1073 1596 ctutamini
1085 1565 1209 1596 duritia
1225 1565 1290 1604 pri-

279 1621 470 1660 vignorum,
484 1629 546 1650 nos
556 1621 680 1655 tamen,
695 1619 751 1658 qui
766 1619 843 1649 licet
858 1619 1016 1648 immeriti
1031 1619 1180 1657 ejusdem
1190 1618 1291 1648 eccle-

280 1674 330 1705 sie
344 1673 501 1713 regimini
517 1674 740 1712 presidemus,
757 1673 907 1703 nolentes
919 1673 1052 1711 propter
1063 1672 1125 1702 hoc
1137 1680 1156 1702 a
1170 1673 1237 1702 tam
1245 1672 1293 1710 pii

279 1727 444 1766 propositi
461 1726 691 1766 prosecutione
714 1726 886 1760 desistere,
903 1726 1082 1764 postquam
1097 1725 1220 1755 summi
1242 1734 1292 1755 sa-

279 1779 419 1811 cerdotii
438 1779 627 1810 cathedram
645 1779 760 1809 divina
782 1778 1001 1817 dispositione
1026 1778 1292 1814 conscendimus,

281 1833 468 1873 excogitare
492 1833 641 1872 cepimus
667 1832 740 1862 vias
765 1832 797 1862 et
820 1832 938 1862 modos
969 1831 1091 1870 quibus
1116 1840 1293 1870 possemus
1323 1839 1324 1842 ’

280 1895 344 1917 vos
358 1887 399 1916 ad
417 1886 530 1916 sinum
547 1886 697 1925 ejusdem
713 1885 829 1915 matris
847 1884 985 1915 ecclesie
1009 1884 1186 1915 salubriter
1203 1893 1293 1915 revo-

280 1948 367 1975 care,
392 1947 430 1969 ac
458 1939 593 1969 demum
616 1938 695 1977 quia
720 1938 833 1968 visum
855 1938 905 1968 est
930 1937 1026 1967 nobis
1048 1937 1137 1976 quod
1160 1938 1294 1976 plenius

280 1992 370 2031 apud
384 2000 446 2022 nos
463 1992 494 2022 et
510 1999 686 2022 commune
705 1991 814 2021 vestre
828 1991 972 2021 civitatis
988 1999 1165 2029 possemus
1182 1991 1217 2020 in
1234 1990 1294 2020 hac

279 2046 373 2084 parte
398 2044 568 2084 proficere,
597 2044 627 2074 si
645 2044 834 2083 questiones
853 2045 884 2074 et
903 2052 1021 2073 causas
1038 2052 1120 2081 quas
1142 2043 1295 2073 Romana

279 2097 422 2128 ecclesia
443 2098 557 2128 contra
574 2096 762 2136 singulares
782 2105 942 2136 personas
965 2096 1110 2126 civitatis
1133 2096 1294 2134 ejusdem,

282 2159 384 2190 super
398 2151 599 2189 quibusdam
612 2150 752 2190 pecunie
771 2150 915 2180 summis
930 2149 1084 2184 habebat,
1117 2149 1232 2180 sedare
1257 2158 1293 2179 ac

281 2203 392 2243 sopire
409 2203 504 2242 prius
521 2203 647 2241 judicio
664 2203 718 2234 vel
737 2202 913 2233 concordia
931 2211 1136 2238 curaremus,
1155 2202 1295 2232 Petrum

281 2257 387 2288 Scotti
399 2257 537 2296 ejusque
546 2256 654 2287 socios
671 2257 701 2287 et
716 2256 878 2295 quosdam
890 2255 974 2286 alios
987 2255 1141 2285 concives
1151 2256 1293 2290 vestros,

282 2318 368 2348 quos
391 2311 515 2340 certam
536 2309 677 2348 pecunie
701 2309 918 2348 quantitatem
943 2308 1051 2338 eidem
1070 2308 1208 2338 ecclesie
1225 2316 1295 2338 mun

281 2363 407 2398 tuasse,
423 2371 460 2393 ac
482 2362 517 2392 in
535 2370 636 2402 regno
660 2361 780 2400 Anglie
802 2363 833 2391 et
855 2361 936 2391 alibi
958 2361 1058 2391 etiam
1075 2369 1214 2400 magnas
1234 2369 1294 2399 pro
1324 2373 1325 2377 =

1325 2418 1326 2421 ¹
1355 2408 1560 2448 proterviam
1577 2407 1640 2437 sibi
1657 2406 1726 2436 sore
1742 2404 1976 2443 cognoscerent
1999 2411 2067 2432 non
2091 2401 2200 2431 solum
2217 2399 2370 2430 inutilem

283 2416 399 2446 eadem
413 2415 554 2446 ecclesia
567 2415 785 2454 pecuniarum
805 2423 954 2445 summas
975 2414 1063 2444 ultra
1087 2423 1202 2444 eorum
1225 2422 1296 2444 mu-

281 2469 380 2499 tuum
394 2469 560 2507 recepisse
576 2468 811 2507 comperimus,
826 2468 867 2498 ad
887 2468 1036 2498 nostram
1058 2467 1199 2497 fecimus
1221 2475 1296 2505 pre-

282 2521 426 2552 sentiam
441 2521 585 2557 evocari,
602 2521 638 2551 ut
652 2529 728 2551 cum
742 2520 861 2551 dilecto
877 2520 947 2550 filio
965 2519 1075 2554 Petro.
1096 2520 1220 2550 decano
1240 2520 1296 2551 Se-

283 2574 437 2609 nonensi,
456 2574 637 2605 camerario
651 2574 775 2609 nostro,
792 2581 893 2611 super
908 2573 994 2603 datis
1015 2573 1047 2603 et
1061 2573 1203 2611 receptis
1218 2573 1295 2603 hinc

283 2628 362 2659 iude
378 2627 531 2666 pecuniis
548 2626 909 2666 diligentemponerent
926 2626 1101 2664 rationem,
1119 2627 1150 2656 et
1166 2625 1196 2656 si
1209 2625 1298 2656 dicta
1325 2639 1326 2667 j

284 2678 426 2709 ecclesia
437 2678 487 2708 eis
498 2678 533 2708 in
545 2678 658 2717 aliquo
672 2679 850 2713 teneretur,
860 2678 944 2708 illud
955 2678 1110 2717 protinus
1118 2677 1157 2707 de
1167 2686 1299 2707 camera

286 2732 401 2762 nostra
417 2731 601 2770 reciperent
612 2732 643 2761 et
657 2731 754 2761 nobis
769 2730 938 2761 solverent
948 2730 1109 2770 quicquid
1125 2738 1183 2761 eos
1200 2729 1299 2760 nobis

287 2786 320 2816 et
335 2784 401 2824 ipsi
426 2784 565 2815 ecclesie
583 2783 702 2814 debere
725 2784 901 2814 constaret.
926 2783 1063 2814 Eisdem
1078 2783 1182 2822 igitur
1198 2783 1297 2813 Petro

287 2838 391 2870 Scotti
406 2838 544 2877 eJusque
561 2837 663 2868 sociis
678 2840 710 2867 et
727 2837 803 2867 aliis
819 2836 1076 2876 quampluribus
1092 2835 1212 2866 vestris
1225 2844 1299 2866 con-

286 2891 419 2922 civibus
433 2891 567 2930 propter
578 2890 641 2920 hoc
650 2890 736 2929 apud
745 2889 858 2920 sedem
867 2889 1083 2928 apostolicam
1097 2888 1297 2926 constitutis,

286 2944 450 2984 nobisque
465 2942 678 2982 sperantibus
691 2942 784 2982 ipsos
794 2942 912 2972 debere
925 2940 1100 2972 nobiscum
1114 2949 1215 2980 super
1230 2940 1298 2971 hiis

1353 340 1388 370 in
1398 340 1646 371 ommiveritatc
1663 350 1698 371 ac
1713 342 1856 381 puritate
1873 342 2060 381 procedere.
2080 343 2214 373 tandem
2229 351 2360 382 compo·

1353 393 1474 423 sitione
1487 402 1561 423 cum
1580 394 1684 424 nobili
1698 394 1770 425 viro
1782 395 1880 425 Petro
1897 395 2070 425 Tholomei
2082 395 2198 431 milite,
2213 395 2269 434 qui
2285 403 2361 425 cum

1353 446 1468 477 eodem
1481 447 1662 477 camerario
1674 449 1740 477 tota
1756 448 1877 478 mentis
1892 448 2079 479 sinceritate
2093 449 2265 488 processit,
2278 449 2363 479 facta

1353 500 1393 530 de
1418 500 1530 538 plano,
1549 502 1615 530 tam
1640 510 1740 539 super
1756 501 1898 540 pecunia
1911 510 2011 540 quam
2037 502 2258 532 communiter
2286 510 2362 532 cum

1355 553 1480 583 eisdem
1497 553 1596 583 Petro
1616 554 1717 584 Scotti
1743 555 1774 584 et
1797 554 1910 590 sociis,
1926 564 2025 593 quam
2045 555 2144 585 ctiam
2161 564 2261 594 super
2275 555 2365 585 certa

1355 614 1497 640 summa,
1519 616 1618 645 quam
1634 607 1722 636 idem
1745 607 1959 646 singulariter
1982 617 2040 646 per
2065 617 2099 638 se
2128 608 2238 647 ipsum
2255 608 2362 638 eidem

1356 659 1492 689 ecclesie
1512 661 1688 696 nmtuarat,
1713 660 1792 690 dicti
1808 660 1927 691 Petrus
1942 661 2042 692 Scotti
2059 663 2087 691 ct
2103 661 2183 691 socii
2200 670 2218 691 a
2235 661 2288 691 via
2308 669 2363 692 ve-

1356 712 1462 742 ritatis
1479 713 1509 741 et
1521 713 1730 742 rectitudinis
1746 713 1948 748 recedentes,
1966 715 1997 744 et
2012 722 2070 753 per
2087 714 2319 752 dispendiosas
2335 715 2367 743 et

1356 765 1472 802 longas
1495 765 1684 795 incedentes
1702 766 1871 805 ambages,
1895 775 1928 796 se
1947 767 1988 796 ad
2004 767 2209 805 subterfugia
2224 769 2255 797 et
2273 775 2365 798 men-

1356 817 1450 846 dacia
1465 819 1709 852 converterunt,
1722 819 1761 848 ad
1778 819 2109 849 circumveniendum
2126 828 2186 850 nos
2195 821 2225 849 et
2242 820 2364 850 dictam

1357 870 1529 900 ecclesiam
1540 871 1666 900 cunctis
1675 871 1796 901 studiis
1805 871 2003 907 laborantes,
2013 873 2044 902 et
2052 873 2226 908 cu1n,facta
2238 873 2364 903 ratione

1356 930 1429 952 cum
1449 923 1564 952 eodem
1581 924 1774 958 camerario,
1793 926 1964 962 appareret
1980 925 2069 963 quod
2088 925 2153 963 ipsi
2169 925 2366 955 tenebantur

1356 975 1463 1005 eidem
1488 976 1624 1006 ecclesie
1642 976 1677 1006 in
1692 985 1812 1015 magna
1826 977 1965 1016 pecunie
1984 977 2176 1015 quantitate,
2199 986 2299 1016 quam
2315 986 2362 1009 re·

1355 1029 1508 1067 ceperant
1526 1029 1613 1059 ultra
1627 1030 1762 1066 sortem,
1780 1038 1907 1068 nosque
1919 1030 2083 1061 vellemus
2101 1031 2242 1069 quatuor
2256 1031 2365 1061 millia

1355 1081 1515 1112 librarum
1533 1083 1781 1112 Turonensium
1793 1083 1832 1113 de
1846 1083 2024 1122 apostolica
2041 1083 2089 1113 eis
2103 1083 2306 1122 benignitate
2318 1091 2364 1113 re-

1356 1134 1484 1164 mittere
1500 1135 1617 1165 adhoc
1632 1136 1668 1165 ut
1686 1135 1782 1165 nobis
1799 1136 1838 1166 de
1858 1136 1990 1166 residuo
2013 1136 2097 1166 dicte
2112 1136 2251 1174 pecunie
2269 1136 2363 1166 satis-

1355 1187 1532 1218 factionem
1545 1188 1689 1218 debitam
1708 1188 1914 1223 exhiberent,
1933 1188 2000 1226 ipsi
2015 1189 2206 1227 cupiditatis
2217 1190 2247 1218 et
2259 1188 2364 1218 avari-

1355 1241 1400 1272 tie
1415 1241 1563 1271 stimulis
1579 1241 1744 1276 concitati,
1761 1241 1888 1280 precise
1904 1241 2002 1271 nobis
2017 1243 2048 1271 et
2064 1241 2215 1280 improbe
2232 1249 2366 1280 respon-

1356 1294 1486 1330 derunt,
1505 1294 1594 1333 quod
1612 1294 1802 1324 satisfacere
1823 1293 1921 1324 nobis
1937 1295 1967 1324 et
1987 1294 2071 1324 dicte
2097 1294 2234 1324 ecclesie
2253 1294 2287 1324 in
2305 1293 2366 1325 ali-

1357 1356 1421 1386 quo
1434 1348 1473 1377 de
1490 1347 1556 1376 hiis·
1572 1356 1635 1386 que
1652 1347 1738 1377 ultra
1754 1348 1876 1377 sortem
1895 1348 2098 1386 receperant,
2110 1347 2301 1377 nullatenus
2319 1347 2366 1376 in-

1356 1400 1651 1436 tendebantAEt,ut
1665 1400 1997 1439 injuriasinjuriis‚et
2010 1400 2186 1430 violentias
2200 1399 2368 1429 violentiis

1356 1453 1745 1491 cumularent,quasdam
1753 1453 1880 1484 litteras
1890 1453 2088 1492 apostolicas
2099 1461 2158 1491 per
2169 1461 2250 1491 quas
2261 1451 2367 1482 felicis

1356 1506 1596 1536 recordationis
1615 1506 1806 1536 Alexander
1819 1514 1916 1545 papa,
1929 1506 2145 1544 predecessor
2157 1506 2279 1539 noster,
2292 1512 2369 1543 que-

1355 1559 1430 1588 dam
1440 1558 1589 1588 subsidia
1600 1559 1791 1597 pecuniaria
1798 1567 1857 1597 pro
1867 1558 2005 1588 ecclesia
2015 1558 2129 1588 eadem
2139 1565 2158 1587 a
2166 1557 2366 1595 quibusdam

1354 1611 1566 1641 monasteriis
1578 1611 1719 1650 aliisque
1736 1611 1818 1641 locis
1835 1611 2003 1649 religiosis·
2019 1610 2126 1649 ipsius
2140 1610 2234 1648 regni
2246 1609 2365 1648 Anglie

1323 1676 1325 1686 ι
1356 1664 1467 1702 colligi
1480 1665 1695 1694 mandaverat
1706 1665 1737 1694 et
1748 1664 1874 1694 eisdem
1887 1664 1986 1694 Petro
2003 1663 2105 1694 Scotti
2122 1664 2152 1693 et
2170 1662 2270 1693 sociis
2285 1662 2366 1692 assi-

1355 1718 1461 1756 gnari,
1469 1717 1545 1747 licet
1556 1717 1643 1747 idem
1652 1717 1864 1756 predecessor
1872 1716 2233 1754 nolueritpostmodum
2243 1723 2301 1753 per
2311 1723 2367 1745 eas

1356 1778 1488 1809 quoquo
1501 1770 1595 1800 modo
1606 1769 1851 1808 procecedifflsic)
1862 1770 1893 1799 et.
1901 1777 1984 1807 quas
1997 1769 2096 1799 etiam
2107 1776 2208 1807 penes
2220 1776 2255 1798 se
2267 1767 2367 1797 iidem

1355 1824 1476 1854 Petrus
1488 1823 1591 1855 Scotti
1602 1824 1632 1853 et
1641 1823 1723 1853 socii
1732 1823 1853 1853 habere
1869 1823 2062 1857 noscuntur,
2073 1821 2170 1852 nobis
2180 1821 2256 1851 illas
2271 1820 2311 1850 ab
2321 1822 2368 1850 eis

1356 1885 1431 1907 cum
1448 1876 1609 1907 instantia
1627 1875 1874 1915 requirentibus
1893 1875 2067 1905 restituere
2086 1874 2219 1913 penitus
2237 1881 2368 1904 recusa-

1355 1931 1445 1964 runt,
1458 1938 1518 1960 nec
1532 1929 1721 1968 aliquorum
1738 1928 1961 1959 mediatorum
1979 1927 2068 1965 apud
2084 1935 2142 1957 eos
2166 1934 2369 1965 proposuere

1355 1983 1482 2013 monita
1500 1991 1558 2013 nec
1577 1981 1805 2012 communium
1823 1981 2008 2011 amicorum
2027 1979 2168 2010 consilia
2183 1979 2301 2009 duram
2319 1986 2370 2008 eo-

1356 2044 1431 2065 rum
1442 2036 1477 2065 in
1488 2035 1548 2066 hac
1559 2035 1653 2074 parte
1664 2035 1841 2073 potuerunt
1851 2033 2069 2072 pertinaciam
2080 2031 2241 2062 emollire.
2251 2031 2370 2068 Quam-

1324 2102 1325 2112 *
1356 2097 1456 2127 quam
1464 2089 1504 2119 de
1513 2087 1798 2121 ambaxatoribus,
1807 2096 1890 2126 quos
1897 2087 1937 2117 ad
1948 2095 2009 2116 nos
2018 2094 2093 2116 cum
2103 2085 2151 2115 eis
2160 2083 2370 2123 providentia

1355 2142 1673 2179 vestratransmisit,
1692 2150 1757 2171 non
1775 2140 1940 2170 immerito
1957 2139 2066 2169 dicere
2084 2139 2268 2172 valeamus,
2282 2136 2371 2175 quod

1356 2205 1423 2226 non
1434 2195 1655 2226 mediatorum
1665 2195 1767 2224 immo
1779 2194 1892 2224 verius
1904 2193 2139 2223 advocatorum
2156 2200 2214 2229 pro
2225 2190 2273 2220 eis
2283 2190 2369 2228 apud

1356 2258 1417 2280 nos
1430 2249 1580 2280 officium
1590 2248 1855 2287 assumpserunt,
1865 2255 1926 2276 nos
1937 2245 2040 2285 igitur
2049 2244 2238 2275 evidentius
2253 2251 2368 2282 agnos-

1356 2304 1482 2338 centes,
1507 2302 1597 2342 quod
1622 2307 1833 2340 nequaquam
1850 2299 1938 2338 apud
1958 2306 2015 2328 eos
2031 2297 2164 2328 blandis
2181 2295 2370 2335 persuasio-

1357 2356 1457 2387 nibus
1482 2355 1643 2395 proficere
1673 2355 1876 2392 poteramus,
1905 2352 1941 2381 ut
1970 2349 2219 2390 dampnabilem
2254 2355 2369 2378 eorum

1357 2462 1416 2492 sed
1432 2461 1659 2500 dampnosam,
1680 2468 1699 2489 a
1713 2457 1883 2498 proposito
1900 2454 2090 2487 remittendi
2109 2454 2157 2484 eis
2178 2452 2371 2492 hujusmodi

1357 2515 1500 2553 quatuor
1514 2513 1608 2543 milia
1623 2512 1786 2542 librarum
1800 2508 2050 2541 Turonensium
2065 2515 2132 2537 non
2148 2506 2283 2544 indigne
2297 2505 2371 2535 des-

1356 2568 1498 2604 titimus,
1527 2566 1736 2596 intendentes
1761 2565 1894 2594 omnino
1916 2562 2022 2592 totum
2037 2560 2123 2590 illud
2141 2559 2177 2589 in
2197 2567 2261 2597 quo
2279 2559 2370 2597 ipsos

1358 2622 1455 2653 nobis
1471 2622 1502 2651 et
1518 2620 1602 2650 dicte
1615 2617 1753 2649 ecclesie
1773 2615 1879 2647 teneri
1889 2614 2094 2652 compertum
2110 2612 2171 2646 est,
2191 2611 2323 2650 exigere
2339 2611 2370 2641 et

1358 2671 1505 2713 recipere
1522 2671 1726 2711 integraliter
1740 2669 1780 2700 ab
1798 2668 1934 2698 eisdem.
1953 2666 2037 2697 Cum
2051 2665 2162 2704 itaque
2190 2664 2291 2694 iidem
2307 2663 2369 2694 Pe-

1357 2729 1430 2758 trus
1446 2726 1546 2758 Scotti
1563 2727 1593 2756 et
1611 2724 1692 2754 socii
1705 2732 1724 2753 a
1739 2721 1920 2752 memorata
1938 2717 2241 2752 seierecesserint,
2256 2716 2371 2747 nolen-

1358 2783 1408 2812 tes
1424 2781 1456 2811 et
1474 2779 1667 2810 recusantes
1682 2775 1872 2806 satisfacere
1893 2771 1990 2803 nobis
2006 2779 2042 2802 ac
2058 2770 2225 2810 predictas
2242 2770 2370 2808 aposto-

1327 2822 1328 2828 *
1359 2834 1441 2864 licas
1453 2832 1589 2863 reddere
1602 2827 1849 2867 litteras,'pr0ut
1863 2824 2017 2864 superius
2027 2824 2076 2854 est
2089 2830 2298 2862 expressum,
2309 2829 2370 2852 nos

1359 2885 1525 2925 premissa
1539 2882 1652 2913 omnia
1668 2881 1741 2911 ideo
1759 2879 1800 2910 ad
1821 2879 1968 2908 vestram
1987 2876 2140 2907 notitiam
2163 2874 2370 2915 presentium

1359 2942 1473 2971 tenore
1488 2934 1680 2968 deducenda
1693 2933 1762 2964 fore
1780 2931 2002 2972 providimus,
2018 2930 2056 2960 ut
2066 2936 2128 2960 vos
2144 2935 2243 2959 cause
2259 2927 2370 2959 nostre
