2547 3289
243 192 283 220 58

285 285 301 301 «
330 272 449 303 Eidem.
477 271 595 302 Oblata
620 269 715 300 nobis
736 277 777 299 ex
801 269 892 307 parte
917 266 1027 297 dilecti
1050 265 1110 296 filii
1128 265 1250 296 nobilis
1280 296 1281 309 χ

243 326 307 356 viri
323 324 474 358 Germ-di,
491 322 666 353 dominide
682 322 802 355 Bruco,
820 319 934 359 petitio
948 318 1138 349 continebat
1150 317 1250 357 quod,
1280 315 1281 330 ¹
1309 318 1450 348 censibus.
1485 318 1575 348 Cura
1603 318 1741 348 ecclesie
1776 319 1940 357 generalis
1967 336 2016 348 —.
2044 320 2131 350 Sane
2157 319 2318 350 adversus

242 387 317 409 cum
333 377 498 416 quondam
517 398 537 405 ..
556 375 623 405 dux
638 373 829 408 Brabanffie,
849 372 944 411 cujus
966 373 1044 402 tunc
1059 372 1128 401 erat
1144 371 1250 401 consi-
1279 354 1280 391 ¹
1308 370 1514 409 Philippum,
1543 372 1600 410 qui
1626 380 1660 402 se
1680 371 1763 409 gerit
1786 380 1845 410 pro
1871 371 2011 402 Metensi
2038 372 2204 410 episcopo,
2218 381 2319 411 super

241 430 369 464 liarius,
388 428 636 466 crucesignatus
659 427 746 456 esset
763 426 795 455 in
813 425 1002 455 subsidium
1024 426 1109 455 terre
1125 424 1248 458 sancte,
1278 417 1279 444 ἶ

240 491 278 513 eo
294 482 463 512 laborante
480 479 691 519 postmodum
714 479 747 508 in
770 478 941 514 extremm,
961 478 1048 508 idem
1071 477 1192 507 nobilis
1208 476 1249 506 ad

238 533 432 573 petitionem
454 533 549 563 ducis
565 532 715 571 ejusdem
745 531 853 562 erucis
878 531 1000 569 reecpit
1026 529 1247 569 signaculum,

237 595 297 626 pro
315 586 400 617 dicto
429 586 511 616 duce
538 585 578 615 ad
605 585 837 623 exequendum
864 585 977 615 votum
995 584 1103 613 crucis
1128 582 1246 621 ipsius,

236 640 469 670 Jerosolimam
493 639 713 678 profecturus.
732 638 870 673 Verum,
895 645 971 667 cum
998 636 1080 667 nulli
1106 636 1248 666 barones

236 692 275 722 ad
303 700 439 731 presens
463 700 521 722 seu
546 691 674 721 nobiles
700 691 758 720 alii
781 690 1001 728 crucesignati
1034 688 1246 719 transfretare

237 745 432 784 disponant,
464 745 605 774 necdum
640 744 684 774 sit
709 743 843 782 aliquod
873 744 999 773 certum
1029 743 1159 780 tempus
1188 750 1247 780 per

237 797 411 828 ecclesiam
433 797 472 828 ad
491 797 683 836 passagium
701 796 900 830 ordinatum,
920 795 1005 825 idem
1021 796 1172 825 metuens
1193 803 1245 828 ne,

235 849 354 889 siquid
366 850 558 880 humanitus
572 850 702 879 interim
716 848 754 878 de
770 858 806 878 eo
819 848 991 883 accideret,
1007 849 1125 877 terram
1141 847 1246 885 ipsam

236 903 371 933 servitio
396 902 436 933 ab
467 903 523 932 illu
542 902 607 931 sibi
632 901 741 931 debito
766 901 969 939 contingeret
995 900 1024 929 in
1051 900 1160 929 anime
1186 907 1245 929 sue

235 956 420 996 periculum
441 955 640 990 defrandari,
666 954 837 983 humiliter
862 953 958 992 petiit
982 961 1082 990 super
1097 952 1157 981 hoc
1180 951 1245 981 sibi

235 1010 265 1038 et
281 1009 391 1038 anime
408 1008 501 1037 ducis
517 1007 665 1046 ejusdem
681 1015 807 1036 necnon
823 1006 907 1035 terre
925 1005 1081 1043 jamdicte
1098 1004 1245 1042 indemp-

235 1061 395 1091 nitatibus
409 1069 467 1099 per
483 1059 660 1099 apostolice
678 1059 766 1089 sedis
782 1057 1043 1088 sollicitudinem
1062 1056 1242 1095 provideri.
1274 1072 1275 1084 ι

233 1113 303 1144 Nos
334 1114 443 1151 itaque
472 1113 511 1142 de
542 1112 739 1142 discretione
770 1112 825 1140 tua
850 1110 1013 1140 sinceram
1037 1109 1072 1139 in
1100 1109 1244 1139 Domino

234 1166 389 1196 fiduciam
416 1165 613 1200 obtinentes,
637 1164 841 1203 presentium
864 1163 922 1193 tibi
945 1162 1137 1192 auctoritate
1158 1170 1244 1191 com-

234 1219 396 1249 mittimus
411 1219 442 1249 et
454 1218 652 1248 mandamus
667 1218 842 1256 quatenus,
857 1215 995 1255 receptis
1014 1216 1155 1254 quatuor
1172 1215 1245 1244 mil-

233 1271 324 1301 libus
345 1271 506 1301 librarum
522 1270 795 1304 Levaniensium,
821 1278 903 1308 quas
920 1269 987 1298 dux
1002 1268 1170 1307 predictus
1186 1276 1244 1306 pro

234 1324 426 1355 executione
445 1323 634 1362 hujusmodi
653 1323 720 1353 voti
736 1323 843 1353 crucis
859 1322 981 1352 dicitur
998 1321 1030 1351 in
1048 1322 1244 1351 testamento

235 1377 376 1416 legasse,
394 1377 539 1407 defuncti
558 1377 704 1407 animam
725 1378 755 1406 et
773 1376 812 1406 G.
832 1375 1015 1414 predictum
1031 1384 1049 1404 a
1065 1375 1139 1404 voto
1159 1374 1242 1412 ipso,

237 1431 347 1460 nostra
363 1430 467 1460 fretus
481 1430 684 1464 auctoritate,
694 1429 861 1464 absolvas,
873 1428 964 1457 illam
978 1427 1026 1457 eis
1036 1428 1245 1466 peccatorum

236 1491 373 1513 suorum
397 1482 435 1512 de
458 1482 581 1521 quibus
608 1483 673 1511 tam
698 1482 766 1511 dux
787 1481 868 1519 ipse,
888 1481 967 1510 dum
987 1480 1124 1513 viveret,
1145 1488 1244 1518 quam

237 1536 278 1567 G.
300 1535 465 1574 predictus
483 1544 557 1565 vere
573 1535 734 1565 contritus
752 1534 850 1564 t‘uerit
869 1534 898 1563 et
913 1533 1096 1567 consessus,
1113 1533 1242 1562 veniam

236 1588 416 1627 largiturus
433 1596 496 1626 que
518 1587 809 1617 transfretantibus
825 1587 859 1616 in
875 1586 1019 1625 predicte
1036 1586 1119 1616 terre
1135 1585 1244 1615 subsi-

237 1641 328 1671 dium
346 1641 377 1670 in
393 1640 538 1679 generali
550 1640 690 1670 concilio
702 1641 749 1669 est
760 1647 928 1669 concessa.
942 1638 1123 1668 Pecuniam
1135 1639 1245 1669 autem

237 1694 343 1732 ipsam
373 1693 554 1724 venerabili
587 1693 678 1722 fratri
710 1693 822 1722 nostro
843 1715 863 1722 ..
894 1692 1048 1730 episcopo
1072 1691 1242 1728 Trecensi,

237 1746 406 1785 assignare
423 1754 592 1784 procures,
610 1745 697 1783 apud
714 1753 789 1776 eum
806 1754 864 1783 pro
882 1745 990 1783 ipsius
1004 1746 1087 1774 terre
1104 1745 1245 1774 necessi-

236 1799 360 1829 tatibus
388 1799 530 1828 fideliter
558 1798 857 1828 transmittendam.
884 1797 1123 1836 Resri·ipturus
1149 1797 1245 1826 nobis

237 1852 393 1891 quicquid
409 1852 483 1882 inde
496 1852 632 1881 duxeris
647 1851 846 1881 faciendum.
864 1851 988 1880 Datum
1004 1850 1091 1888 apud
1108 1850 1244 1880 Urbem-

237 1906 394 1940 veterem,
412 1905 487 1934 idus
504 1904 627 1938 martii,
643 1913 728 1934 anno
743 1903 899 1933 secundo.
917 1916 930 1930 »

830 2063 954 2094 Orvicto,
974 2064 1000 2090 11
1022 2063 1078 2089 mai
1098 2064 1173 2089 ¹263.

305 2066 377 2097 208

272 2140 406 2172 Johauni,
423 2139 636 2174 archiepiscopo
655 2139 782 2170 Barensi,
803 2140 922 2166 inundat
938 2140 1093 2174 compellat
1110 2139 1243 2166 abbatem

235 2191 263 2215 et
281 2191 454 2216 conventum
475 2188 643 2215 monasterii
662 2196 685 2214 s.
705 2187 849 2214 Benedicti
869 2189 903 2215 de
924 2189 1007 2221 Baro,
1025 2188 1135 2215 ordinis
1155 2196 1178 2215 s.
1197 2189 1245 2214 Be-

235 2238 350 2270 nedicti,
371 2239 400 2264 ut
419 2245 536 2263 censum
562 2246 611 2271 pro
629 2239 759 2271 tempore
782 2237 936 2271 praeterito
955 2237 1084 2264 debitum
1108 2236 1243 2263 ecelesiae

234 2286 388 2317 Romanae,
411 2286 520 2320 integre
541 2286 714 2320 persolvant.
737 2285 814 2317 lllec.
835 2286 878 2320 27,
898 2286 946 2313 sol.
969 2287 1001 2313 53
1015 2295 1055 2317 ve,
1073 2294 1105 2312 ne
1128 2286 1153 2318 l;
1172 2285 1241 2311 Por-

232 2342 318 2361 ‘rnasr
339 2335 445 2366 ¹8:531.)

273 2439 288 2454 «
306 2450 324 2458 ..
338 2426 561 2466 archiepiscopo
573 2426 711 2457 Bm'ensi.
727 2428 810 2457 Cum
820 2427 1061 2457 monasterium
1073 2427 1177 2457 sancti
1190 2445 1240 2458 —-.

231 2480 355 2511 Datum
380 2481 467 2519 apud
497 2480 781 2515 Urbemvcterem,
810 2489 828 2509 v
853 2480 929 2510 idus
954 2479 1045 2515 maii,
1074 2489 1160 2510 anno
1187 2489 1239 2510 se-

230 2533 349 2564 cundo.
369 2545 383 2560 »

816 2685 939 2718 0rvieto,
958 2686 990 2712 28
1008 2684 1066 2711 mai
1091 2685 1164 2711 1263.

296 2687 367 2718 207

264 2769 500 2802 S.‚decauo,etl‘.
511 2768 544 2795 de
558 2768 780 2800 Vireio‚cnntori
798 2768 971 2795 Metcnsibns
991 2768 1149 2794 mandatut
1168 2768 1236 2802 ipsis

226 2818 367 2852 assignari
384 2818 490 2844 saciant
506 2818 578 2843 bona
589 2817 732 2851 quondam
747 2817 873 2843 cantoris
888 2817 1032 2849 Mcteusis,
1050 2817 1086 2843 ab
1100 2816 1235 2843 intestato

227 2867 284 2893 vita
302 2866 401 2892 suncti.
420 2866 498 2899 (Rae.
517 2866 561 2897 27,
579 2865 626 2892 t‘ol.
645 2867 676 2891 5³
693 2873 734 2896 vo,
753 2873 786 2891 no
801 2865 840 2896 2.)

1038 181 1263 212 REGISTRE
1286 174 1499 212 CAMERAI,

1352 276 1367 293 (ι
1391 265 1517 295 Dileclis
1541 265 1616 305 filiis
1637 265 1685 301 S„
1704 266 1814 295 decano
1830 272 1858 296 et
1876 266 1911 297 P.
1931 266 1966 296 dc
1989 266 2097 302 Virez'o,
2118 267 2320 298 cauteriate-

1309 424 1501 461 symoniaca
1519 425 1678 462 pravitate
1695 425 1861 454 contracta
1875 432 1951 454 cum
1963 424 2132 462 quondam
2149 424 2226 458 Th..
2243 433 2316 454 ean-

1277 480 1278 489 *
1307 477 1376 506 tore
1389 476 1548 506 Metensis
1561 477 1710 511 ecclesie,
1722 477 1754 506 in
1767 477 1895 515 negotio
1911 477 2085 507 electionis
2101 477 2265 507 celebrate
2278 477 2317 507 de

1307 529 1462 568 episcopo
1480 530 1513 559 in
1530 530 1643 560 eadem
1656 530 1806 565 ecclesia,
1820 529 1898 560 olim
1911 538 1969 568 per
1980 531 2086 560 certos
2103 530 2318 568 inquisitores

1308 582 1430 620 inquiri
1449 583 1737 615 mandaviinus,et
1747 592 1805 622 per
1818 583 1908 621 ipsos
1926 582 2141 621 inquisitores
2160 583 2317 613 relatione

1306 643 1407 673 super
1427 635 1487 665 hoc
1512 636 1606 666 nobis
1627 636 1722 671 sacta,
1741 637 1820 674 quia
1836 638 1969 675 propter
1993 635 2236 665 connexitatem
2255 636 2316 665 cri-

1276 695 1277 698 *
1306 688 1418 723 minis,
1431 689 1538 719 eidem
1555 690 1692 723 cantori,
1706 689 1762 728 qui
1778 689 1941 727 particeps
1958 689 2149 727 hujusmodi
2167 688 2318 718 criminis

1276 733 1277 742 ¹
1305 740 1421 774 fuerat,
1446 750 1511 771 non
1536 743 1726 780 poteramus
1748 750 1893 780 parcere,
1911 750 1986 771 cum
2006 750 2105 780 super
2122 741 2185 771 hoc
2203 742 2316 770 contra

1306 792 1500 832 Philippum
1526 795 1780 833 procederemus
1821 795 1974 828 eundem,
2003 796 2170 824 cantorem
2196 794 2316 831 ipsum,

1305 845 1400 883 cujus
1418 846 1574 877 intererat
1588 847 1778 885 hujusmodi
1796 856 1893 877 cause
1910 848 2042 886 propter
2057 847 2238 876 imminens
2253 845 2316 875 sihi

1304 898 1489 935 peris-ulum
1510 899 1681 934 interesse,
1700 899 1799 929 citare
1816 899 2101 936 disposueramus,
2126 900 2160 928 ut
2184 899 2317 936 propter

1304 949 1364 980 hor*
1382 951 1601 989 personaliter
1619 952 1657 981 ad
1677 953 1823 981 nostram
1842 952 1969 981 veniret
1986 951 2199 990 presentiam,
2218 951 2316 981 bene·

1305 1002 1457 1032 ficiorum
1474 1012 1609 1033 suorum
1627 1004 1929 1034 ecclesiasticorum
1947 1006 1977 1033 et
1995 1004 2135 1034 aliorum
2152 1003 2315 1033 bonorum

1304 1063 1439 1085 suorum
1456 1056 1631 1085 mobilium
1643 1057 1841 1094 privationis
1858 1065 1974 1095 penam
1989 1065 2048 1095 pro
2061 1057 2131 1086 suis
2144 1056 2314 1086 demeritis

1304 1109 1506 1147 recepturus.
1525 1109 1650 1139 Verum
1661 1109 1747 1138 idem
1759 1110 1872 1139 cantor
1883 1111 1956 1139 ante
1969 1109 2150 1139 vindictam
2169 1111 2314 1139 nostram

1304 1161 1344 1191 ab
1367 1162 1520 1192 intestato
1543 1162 1697 1197 decessit,
1727 1162 1840 1200 sicque
1873 1162 2030 1193 universa
2052 1162 2139 1192 bona
2163 1162 2312 1197 mobilia,

1303 1222 1366 1252 que
1384 1214 1454 1253 ipse
1477 1216 1622 1253 tempore
1644 1214 1696 1244 sui
1711 1214 1821 1244 obitus
1837 1214 2014 1249 obtinebat,
2033 1215 2072 1245 de
2091 1215 2212 1253 quibus
2227 1215 2314 1245 idem

1304 1266 1483 1305 Philippus
1498 1267 1553 1298 vel
1564 1267 1675 1298 dilecti
1687 1267 1748 1297 filii
1759 1267 1941 1306 capitulum
1957 1266 2106 1297 Metense
2120 1268 2160 1298 ad
2177 1276 2315 1306 presens

1304 1328 1344 1349 ex
1361 1321 1459 1350 certis
1477 1320 1587 1350 causis
1610 1329 1673 1350 non
1692 1321 1831 1358 possunt
1849 1320 2025 1359 disponere
2042 1320 2095 1350 vel
2113 1321 2213 1350 etiam
2231 1320 2316 1351 ordi·

1305 1381 1395 1407 nare,
1415 1373 1449 1403 in
1467 1375 1578 1403 nostra
1594 1373 1812 1412 dispositione
1832 1382 1868 1403 ac
1889 1372 2097 1403 ordinatione
2116 1373 2311 1404 consistunt.

1304 1425 1374 1455 Nos
1393 1426 1503 1465 itaque
1526 1426 1675 1456 volentes
1691 1428 1725 1456 ut
1743 1426 1918 1464 diligenter
1932 1426 2020 1455 bona
2035 1425 2228 1464 hujusmodi
2242 1434 2315 1456 con-

1305 1480 1496 1514 serventur,
1520 1479 1717 1509 mandamus
1743 1480 1906 1517 quatenus
1928 1478 2076 1517 predicta
2098 1478 2201 1512 hona,
2228 1478 2317 1517 apud

1304 1539 1532 1570 quoscumque
1555 1533 1585 1562 et
1607 1532 1641 1561 in
1660 1532 1926 1570 quibuscumque
1946 1531 2029 1561 locis
2047 1531 2182 1566 fuerint,
2203 1532 2316 1561 nostro

1305 1584 1335 1613 et
1352 1584 1489 1614 ecclesie
1505 1584 1655 1614 Romane
1673 1584 1805 1614 nomine
1821 1586 1940 1622 petere.
1958 1583 2104 1622 recipere
2119 1592 2156 1613 ac
2174 1583 2318 1614 fideliter

1304 1645 1364 1666 vos
1382 1636 1435 1666 vel
1452 1637 1534 1667 alter
1549 1639 1699 1667 vestrum
1717 1646 1774 1676 per
1792 1646 1863 1671 vos,
1881 1637 1934 1667 vel
1949 1645 2008 1675 per
2023 1636 2139 1670 alium,
2156 1644 2214 1666 seu
2233 1635 2318 1666 alios

1305 1697 1502 1720 conservare
1526 1690 1659 1724 curetis,
1686 1690 1790 1720 donec
1813 1690 1852 1720 de
1879 1689 1963 1728 ipsis
1983 1689 2179 1720 duxerimus
2203 1689 2316 1728 dispo·

1305 1742 1464 1778 nendum,
1490 1743 1675 1773 detentores
1690 1743 1853 1773 bonorum
1872 1743 2021 1781 ipsorum
2038 1742 2078 1772 ad
2095 1750 2133 1772 ea
2149 1742 2246 1772 vobis
2264 1741 2318 1771 vel

1305 1796 1450 1824 vestrum
1482 1795 1577 1825 alteri
1610 1795 1808 1826 exhibenda.
1840 1795 2022 1825 monitione
2052 1795 2229 1834 premissa,
2259 1803 2318 1833 per

1305 1855 1478 1878 censuram
1498 1848 1756 1878 ecelesiasticam
1775 1848 2004 1887 compellendo
2025 1850 2055 1878 et
2077 1847 2316 1886 compescendo

1305 1900 1544 1930 nichilominus
1560 1909 1701 1931 censura
1718 1901 1832 1935 simili,
1851 1901 2072 1939 appellatione
2088 1902 2224 1934 remota,
2241 1909 2316 1930 con-

1304 1953 1496 1983 tradictores
1519 1953 1547 1983 si
1573 1953 1628 1991 qui
1655 1953 1777 1983 fuerint
1805 1953 1858 1983 vel
1885 1953 2037 1983 rebelles.
2064 1953 2138 1982 Non
2165 1953 2316 1983 obstante

1304 2007 1333 2036 si
1350 2023 1398 2035 —.
1426 2006 1548 2036 Datum
1575 2006 1662 2045 apud
1690 2006 1976 2041 Urbemveterem,
2001 2015 2023 2034 v
2040 2005 2201 2036 kalendas
2215 2005 2314 2044 junii,

1303 2068 1391 2090 anno
1409 2059 1564 2089 secundo.
1583 2072 1596 2086 »

1887 2263 2013 2293 Orvieto,
2031 2263 2064 2288 20
2083 2262 2141 2288 mai
2164 2263 2244 2289 1263.

1369 2264 1442 2295 208

1338 2346 1438 2373 Abbati
1457 2346 1571 2381 Majoris
1585 2346 1749 2373 Monasterii
1761 2346 1934 2373 Turonensis
1948 2346 2064 2372 maudut
2081 2348 2109 2372 ut
2127 2354 2174 2372 vus
2192 2353 2314 2372 aureum

1300 2396 1416 2422 nomine
1445 2403 1532 2430 pupae
1559 2394 1642 2422 fratri
1668 2395 1813 2430 Rayualdo
1841 2395 1966 2421 Bleseusi
1994 2395 2132 2429 assignet.
2164 2395 2244 2429 Kline.
2270 2396 2315 2426 27,

1299 2444 1347 2471 sol.
1364 2445 1395 2470 53
1415 2452 1456 2475 vn,
1474 2452 1506 2470 uo
1522 2444 1561 2478 3.)

1340 2556 1354 2571 ι(
1374 2567 1394 2574 ..
1413 2544 1516 2573 abbati
1530 2543 1659 2583 Major-is
1677 2543 1855 2573 Monaslerii
1875 2543 2066 2579 Turonensis,
2082 2544 2199 2574 ordinis
2210 2554 2234 2575 s.
2254 2544 2313 2574 Be-

1299 2597 1419 2627 nedicti.
1436 2598 1646 2628 Presentium
1662 2597 1720 2628 tibi
1736 2598 1927 2628 auctoritate
1939 2598 2137 2628 mandamus
2147 2600 2312 2637 quatenus

1298 2659 1357 2681 vas
1381 2659 1532 2686 aureum,
1563 2652 1710 2689 tempore
1744 2651 1895 2689 proximo
1922 2651 2167 2690 predecessoris
2195 2650 2243 2681 tui
2269 2651 2311 2681 ad

1297 2712 1380 2745 opus
1395 2703 1480 2733 bone
1496 2703 1653 2733 memorie
1668 2703 1833 2742 Hugonis.
1850 2704 1937 2734 tituli
1954 2712 1980 2734 s.
1996 2704 2118 2735 Sabine
2132 2703 2309 2742 presbiteri

1297 2755 1488 2787 cardinalis.
1510 2764 1568 2794 pro
1589 2756 1741 2794 reliquiis
1757 2758 1787 2786 et
1804 2757 2005 2787 sanctuariis
2027 2756 2240 2795 reponendis,
2260 2755 2309 2786 in-

1297 2810 1438 2847 ceptum,
1465 2809 1553 2847 quod
1578 2809 1664 2848 apud
1691 2810 1719 2839 te
1747 2809 1861 2840 haberi
1884 2809 2085 2848 completum
2108 2808 2310 2847 accepimus,

1296 2861 1416 2892 dilecto
1435 2861 1506 2892 tilio
1523 2861 1616 2892 fratri
1632 2862 1807 2900 Raynaldo
1823 2862 1987 2898 Blesensi,
2005 2861 2044 2892 de
2061 2861 2176 2892 ordine
2193 2861 2309 2891 Predi-
