2547 3289
248 200 305 228 214

246 290 377 320 quoque
402 279 611 317 completorii
631 287 738 316 11311110
757 278 795 307 011
814 277 962 314 tertiam,
980 278 1130 316 exceptis
1149 278 1251 307 servi-

244 334 395 369 tialibus,
422 334 513 361 extra
535 331 789 361 monasterium,
815 330 987 360 abbatissa
1007 331 1133 369 absque
1152 340 1251 361 causa

245 385 437 416 rationabili
469 384 623 422 loquendi
656 383 827 413 licentiam
845 392 910 413 uon
930 383 1100 413 concedat.
1118 384 1151 413 ln
1175 384 1252 413 aliis

247 449 322 468 vero
339 437 547 476 temporibus
572 440 670 475 atque
688 437 783 472 locis,
806 437 853 466 sic
871 437 1019 466 attendat
1037 436 1181 466 sollicite
1199 436 1253 466 ab·

245 492 373 521 batissa
389 500 454 529 qua
475 491 513 519 de
532 499 644 525 causa,
665 489 719 519 ubi
745 492 776 519 et
796 489 929 528 quando
946 491 978 519 et
998 490 1143 528 qualiter
1162 499 1253 519 soro-

245 555 298 575 res
317 544 464 574 licentiot
481 544 519 573 ad
544 543 761 581 loquendum,
784 543 873 581 quod
889 543 1054 581 regularis
1073 543 1252 573 observan-

244 599 302 633 tia,
331 606 394 636 que
419 606 482 626 non
510 596 724 626 mediocriter
748 605 766 625 a
783 596 932 630 silentio,
949 596 1038 634 quod
1066 598 1116 626 est
1142 596 1252 626 cultus

240 651 384 690 justItie,
408 650 596 688 dependere
614 649 834 687 dignoscitur,
855 649 1050 679 nullatenus
1070 649 1250 680 relaxetur.

283 714 299 733 «
315 705 441 735 Omnes
455 704 564 732 autem
584 703 631 731 uti
647 702 803 732 studeant
821 702 927 741 signis
943 702 1113 741 religiosis
1129 702 1253 740 pariter

243 759 276 787 et
297 757 457 786 honestis.
474 756 559 784 Sane
579 755 712 793 quando
727 755 841 793 aliqua
859 764 1000 793 persona
1022 755 1180 793 religiosa
1194 764 1253 785 seu

244 809 408 840 secularis
428 809 479 838 vel
508 807 689 845 cujuslibet
705 808 880 845 dignitatis
899 808 999 837 alicui
1019 808 1059 837 de
1079 808 1253 838 sororibus

244 863 335 901 loqui
362 862 506 901 petierit,
536 861 713 891 nuncietur
742 861 901 900 primitus
935 861 1116 895 abbatisse,
1150 863 1192 895 et,
1225 862 1253 892 31

244 916 315 955 ipsa
347 915 561 950 00000330111,
584 914 744 944 accedens
762 915 803 944 ad
826 915 1040 951 locutorium,
1063 915 1147 944 duas
1168 915 1254 945 alias

245 970 282 998 ad
298 969 409 999 minus
426 967 545 997 babeat
564 976 676 997 secum
695 976 840 1006 semper,
860 967 983 1006 quibus
997 967 1139 1006 jusserit
1156 967 1253 997 abba-

244 1022 338 1057 tissa,
368 1030 431 1060 que
459 1021 651 1059 loquentem
681 1021 816 1050 videant
842 1023 873 1051 et
899 1021 1014 1051 audire
1038 1021 1171 1051 valeant
1190 1030 1253 1060 que

244 1075 411 1105 dicuntur.
445 1074 494 1103 Ad
512 1075 634 1104 cratem
655 1082 732 1104 vero
751 1074 843 1112 loqui
862 1074 1077 1112 aliquatenus
1094 1083 1159 1104 non
1180 1084 1253 1113 pre-

244 1130 379 1159 sumant
398 1128 462 1157 nisi
479 1127 693 1166 presentibus
715 1127 845 1157 duabus
862 1127 901 1157 ad
912 1128 1023 1157 minus
1039 1137 1099 1167 per
1109 1127 1253 1158 abbatis-

245 1191 316 1212 sam
335 1181 450 1211 adhoc
476 1181 669 1219 specialiter
687 1180 866 1219 deputatis.
887 1180 1033 1211 Cave-ant
1058 1183 1169 1211 tamen
1188 1181 1253 1211 sibi

245 1243 390 1269 sorores,
411 1243 474 1272 que
503 1242 577 1263 cum
602 1233 716 1272 aliquo
734 1233 823 1272 loqui
848 1233 979 1268 babent,
1004 1243 1043 1263 ne
1069 1243 1128 1272 per
1154 1233 1254 1264 verba

244 1287 377 1317 inutilia
403 1287 546 1316 inaniter
568 1296 602 1315 se
628 1286 816 1316 diti'undant
845 1295 903 1316 nec
932 1288 1030 1316 etiam
1058 1287 1192 1317 trahant
1220 1287 1252 1316 in

244 1339 473 1370 locutionibus
501 1348 628 1369 moram
659 1339 803 1377 longam.
837 1340 907 1369 Hoc
942 1348 1087 1378 namque
1111 1340 1253 1370 tirmiter

245 1393 444 1423 observetur
473 1392 513 1422 ab
543 1393 711 1428 omnibus,
740 1394 786 1427 ut,
814 1393 947 1431 quando
975 1393 1014 1423 de
1041 1394 1253 1423 confessione

246 1447 409 1477 3000111011
435 1446 577 1476 interius
603 1446 736 1475 intirma
752 1446 852 1475 suerit
873 1446 986 1484 ailqua
1006 1446 1168 1481 locutura,
1188 1456 1253 1477 non

245 1501 413 1539 loquatur,
444 1499 508 1529 nisi
537 1499 576 1528 ad
605 1499 718 1528 minus
736 1508 810 1528 cum
841 1498 971 1529 duabus
997 1508 1062 1529 non
1090 1500 1186 1539 longe
1204 1509 1254 1530 se-

245 1553 414 1587 dentibus,
464 1562 527 1590 que
564 1552 776 1582 confitentem
810 1553 842 1582 et
880 1553 1108 1583 confessorem
1140 1553 1254 1584 videre

245 1607 378 1645 possint
395 1605 435 1635 ab
463 1606 590 1635 eisdem
617 1606 744 1643 pariter
761 1606 793 1635 et
816 1605 932 1636 videri.
962 1606 1056 1635 Hanc
1079 1608 1190 1636 autem
1210 1607 1255 1637 lo-

246 1660 368 1698 quendi
386 1659 491 1698 legem
522 1661 553 1689 et
579 1659 650 1697 ipsa
672 1658 844 1688 abbatissa
866 1659 1045 1694 eustodiat,
1064 1662 1097 1689 ut
1118 1661 1255 1690 omnino

246 1713 387 1743 materia
403 1712 622 1742 detractionis
633 1711 790 1741 omnibus
807 1712 990 1748 auferatur,
1008 1714 1146 1751 excepto
1167 1713 1255 1751 quod

245 1775 320 1795 cum
338 1764 512 1795 sororibus
539 1765 623 1799 suis,
645 1765 738 1794 boris
753 1766 785 1795 et
800 1765 884 1795 locis
908 1766 1189 1804 competentibus,
1212 1766 1257 1796 lo-

246 1819 302 1857 qui
321 1820 439 1857 potest,
465 1818 552 1848 sicut
570 1818 599 1848 ei
619 1818 803 1848 secundum
821 1818 929 1848 Deum
949 1819 1060 1848 visum
1080 1819 1181 1849 fuerit
1201 1828 1257 1849 ex—

248 1872 373 1910 pedire.

287 1935 301 1954 «
312 1926 451 1954 Sorores
464 1925 573 1953 autem
590 1932 706 1953 omnes
720 1925 751 1953 et
766 1924 969 1960 servitiales,
982 1925 1127 1954 1011111113
1140 1934 1257 1964 exeep-

246 1979 302 2014 tis,
323 1987 341 2007 a
363 1978 446 2007 sesto
464 1977 659 2007 Nativitatis
676 1977 822 2013 gloriose
841 1977 995 2015 Virginis
1014 1987 1120 2016 usque
1134 1979 1174 2008 ad
1196 1979 1258 2008 tes-

246 2033 318 2061 tum
345 2030 616 2061 Resurrectionis
646 2030 833 2065 1)(10110100,
856 2030 919 2059 11131
937 2031 1057 2060 dicbus
1079 2031 1258 2061 dominicis

247 2084 342 2114 etdie
357 2083 553 2113 Nativitatis
565 2083 712 2115 Domini,
726 2083 921 2113 continuum
933 2084 1256 2122 serventjejunium3
1287 2087 1288 2094 ¹

247 2147 265 2166 a
287 2136 544 2167 Resurrectione
572 2145 650 2165 vero
668 2135 846 2165 Dominica
865 2145 970 2175 11311110
992 2137 1029 2172 ad
1051 2138 1174 2167 festum
1196 2138 1259 2167 Na·

247 2190 389 2219 tiv1tatis
410 2189 502 2219 beate
519 2189 668 2227 Virginis
685 2190 863 2219 teneantur
881 2191 976 2220 sexta
992 2190 1075 2219 feria
1092 2190 1255 2229 jejunare.

247 2243 345 2273 Omni
371 2252 503 2281 quoque
534 2244 696 2280 tempore,
724 2244 835 2281 proter
866 2243 1029 2279 intirmas,
1049 2244 1258 2274 infirmitatis

247 2304 306 2326 sue
335 2297 498 2334 tempore,
515 2295 556 2325 ab
583 2304 642 2325 esu
662 2295 814 2325 carnium
835 2295 1036 2326 abstineant.
1061 2298 1144 2327 Cum
1166 2296 1258 2327 debi-

247 2348 338 2379 libus
356 2350 467 2378 autem
486 2349 682 2387 dispensare
703 2349 812 2379 valcat
827 2348 1011 2385 abbatissa,
1026 2352 1125 2388 prout
1141 2359 1257 2380 eorum
1285 2358 1288 2363 ·

247 2401 412 2432 debilitati
444 2401 565 2431 videi-lt
578 2402 746 2440 expedire.
769 2402 850 2431 Ovis
870 2412 959 2439 vero,
976 2412 1073 2433 caseo
1091 2404 1122 2433 et
1137 2403 1257 2433 lactici-

248 2454 420 2484 0113110110
446 2454 577 2492 possint
600 2455 660 2491 uti,
691 2457 905 2494 preterquam
923 2455 963 2485 ab
981 2456 1135 2486 Adventu
1151 2466 1257 2495 usque

249 2508 290 2537 ad
316 2507 535 2538 Nativitatem
565 2508 714 2545 Domini,
741 2510 772 2539 et
797 2517 815 2538 a
843 2509 1020 2539 Dominica
1047 2509 1258 2549 Quinquage-

250 2562 332 2589 sime
351 2569 457 2599 11311110
486 2561 524 2590 ad
552 2560 691 2595 Pascha,
715 2569 844 2591 necnon
861 2563 893 2591 et
910 2563 1006 2592 sexta
1022 2563 1105 2593 seria
1122 2564 1154 2593 et
1176 2563 1259 2603 Jeju-

250 2613 316 2642 niis
333 2613 373 2642 ab
397 2613 543 2643 Ecclesia
569 2614 964 2652 generaliterinstitutis.
989 2616 1074 2646 Cum
1104 2616 1258 2647 servitia-

250 2665 339 2695 Iibus
355 2668 466 2695 tamen
495 2666 671 2696 sororibus
686 2667 774 2696 circa
788 2667 973 2705 predictum
989 2668 1169 2707 jejunium,
1186 2678 1259 2708 pre-

249 2720 400 2757 terquam
431 2719 461 2748 in
483 2720 635 2750 Mlventu
654 2721 685 2750 et
713 2722 810 2750 sexta
831 2720 926 2755 feria,
955 2722 1063 2759 possit
1086 2721 1259 2752 abbatissa

249 2772 514 2801 misericorditer
539 2773 747 2811 dispensare.
780 2773 987 2811 Dispensare
1019 2775 1120 2805 etiam
1152 2777 1258 2813 possit

249 2825 337 2855 circa
347 2825 511 2863 jejunium
529 2826 762 2864 supradictum
781 2835 855 2856 cum
871 2827 1143 2858 adolescentibus
1157 2830 1187 2859 et
1203 2829 1258 2859 de-

250 2877 376 2908 bilibus
391 2887 427 2907 ae
447 2878 546 2908 senili
567 2880 653 2909 etate
668 2879 841 2915 consectis,
856 2882 954 2918 prout
964 2889 1079 2911 earum
1090 2881 1257 2912 debilitati

1002 195 1070 224 RE(
1080 195 1245 225 21ssssssss
1268 195 1481 225 D‘URssAlN
1508 195 1562 224 lv.

1314 279 1366 308 vel
1388 278 1614 309 imbecillitati
1642 279 1765 309 viderit
1781 279 1951 317 expedire.
1970 281 2054 310 Sane
2077 290 2210 320 quoque
2230 290 2321 311 soro-

1314 340 1367 361 res
1386 332 1539 370 Jejunare
1561 341 1626 362 non
1654 334 1831 362 teneantur
1858 333 2058 362 minutionis
2084 342 2143 363 sue
2159 336 2322 373 tempore,

1314 385 1402 423 quod
1420 385 1453 414 in
1479 385 1589 415 triduo
1608 386 1821 421 terminetur,
1843 387 1938 415 extra
1956 385 2117 423 majorem
2141 387 2324 426 quadrage-

1314 438 1436 467 simam
1454 439 1486 468 et.
1514 440 1642 468 sextam
1665 438 1795 471 feriam,
1814 438 2006 468 Adventum
2023 439 2160 468 Domini
2187 442 2217 470 et
2241 440 2325 479 ,10111-

1314 491 1371 520 nia
1397 490 1437 520 ab
1467 491 1607 521 ecclesia
1632 491 1835 529 generaliter
1861 491 2028 521 instituta.
2061 491 2185 522 Caveat
2213 495 2325 523 tamen

1315 543 1489 573 abbatissa
1508 553 1548 574 ne
1578 544 1667 574 ultra
1687 545 1806 583 quater
1834 544 1867 574 in
1895 553 1981 574 anno
2009 544 2233 575 minutionem
2255 554 2328 584 per-

1315 597 1425 627 mittat
1453 597 1678 627 con‘nnuniter
1705 597 1880 632 celebrari,
1914 598 1979 627 nisi
2013 599 2104 627 certa
2139 599 2324 628 nes-essitas

1314 650 1391 688 plus
1410 651 1572 689 requirat,
1600 659 1660 680 nec
1679 660 1697 679 a
1716 659 1861 689 persona
1880 653 2053 687 extranea,
2075 651 2221 681 maxime
2240 651 2325 685 viro,

1316 703 1536 733 minutionem
1559 704 1711 742 recipiat,
1731 703 1787 733 ubi
1805 704 1979 734 commode
1997 704 2121 742 poterit
2136 705 2275 734 evitare.

1355 766 1369 784 «
1390 757 1437 786 l)e
1457 757 1598 786 infirmis
1612 766 1690 787 vero
1707 766 1786 786 cura
1803 759 1835 786 et
1853 757 2029 796 diligentia
2046 757 2194 787 maxima
2211 757 2329 787 habea-

1316 811 1369 839 tur
1381 811 1423 846 et,
1438 810 1621 839 secundum
1640 810 1728 848 quod
1743 810 1906 848 possibile
1922 810 2023 840 suerit
2040 811 2069 840 et
2085 810 2246 847 decuerit,
2259 812 2328 840 tam

1316 863 1349 892 in
1376 862 1525 900 cibariis,
1549 872 1613 902 que
1641 872 1755 893 earum
1782 863 1923 902 requirit
1951 864 2143 900 intirmitas,
2174 873 2274 902 quam
2296 866 2328 893 in

1315 916 1393 946 aliis
1418 917 1633 952 necessariis,
1657 917 1689 946 in
1709 917 1840 946 fervore
1859 916 2035 947 charitatis
2052 916 2194 955 benigne
2212 926 2248 946 ac
2265 916 2330 946 sol-

1315 969 1407 999 licite
1424 969 1473 999 eis
1501 978 1560 1008 per
1585 970 1699 1000 omnia
1715 970 1894 1000 serviatur.
1913 972 1984 1005 Que
2002 970 2135 999 infirme
2152 969 2329 1008 proprium

1314 1022 1458 1052 habeant
1478 1023 1600 1056 locum,
1627 1023 1654 1052 si
1678 1032 1839 1061 umquam
1868 1023 1940 1053 lieri
1962 1025 2084 1061 potest,
2105 1022 2161 1052 ubi
2190 1032 2207 1052 a
2235 1022 2330 1052 sanis

1315 1078 1473 1106 maneant
1486 1079 1651 1114 separate,
1672 1085 1711 1105 ne
1729 1076 1864 1106 illarum
1882 1076 2033 1106 ordinem
2047 1078 2077 1106 et
2091 1076 2240 1115 quietem
2253 1085 2330 1106 con-

1315 1128 1452 1158 fundere
1471 1129 1602 1159 valeant
1623 1129 1832 1159 velturbare.

1354 1191 1371 1212 «
1386 1182 1422 1211 In
1439 1181 1590 1220 quolibet
1609 1182 1814 1212 monasterio
1832 1190 1936 1211 unum
1955 1184 2085 1212 tantum
2105 1181 2255 1212 hostium
2270 1181 2326 1212 ha—

1314 1235 1432 1265 beatur
1461 1235 1501 1264 ad
1527 1235 1719 1264 intrandum
1750 1235 1936 1264 claustrum
1966 1237 1997 1265 et
2019 1235 2225 1271 exeundum,
2253 1243 2329 1264 cum

1315 1289 1518 1326 oportunum
1544 1288 1656 1323 suerit,
1673 1287 1770 1326 juxta
1786 1288 1895 1326 legem
1913 1288 1953 1318 de
1970 1288 2125 1327 ingressu
2140 1290 2172 1318 et
2190 1296 2329 1327 egressu

1314 1341 1461 1380 positam
1479 1341 1513 1370 in
1539 1340 1600 1370 bac
1624 1341 1741 1371 forma.
1766 1341 1803 1370 In
1822 1350 1886 1379 quo
1909 1341 2020 1371 hostio
2040 1340 2173 1370 nullum
2191 1341 2235 1370 sit
2253 1340 2328 1370 hos-

1313 1394 1436 1424 tiolum
1455 1394 1507 1423 vel
1532 1394 1696 1429 1000311·ος
1721 1395 1752 1424 01
1774 1394 1865 1424 istud
1879 1393 2027 1424 hostiurn
2045 1394 2101 1424 fiat
2122 1394 2155 1423 in
2174 1393 2327 1430 sublimi,

1315 1449 1441 1486 quanto
1469 1447 1576 1486 magis
1607 1447 1679 1477 sieri
1707 1447 1830 1485 poterit
1859 1448 2092 1486 congruenter,
2117 1447 2163 1476 ita
2181 1446 2271 1485 quod
2288 1446 2330 1476 ad

1316 1501 1428 1540 ipsum
1455 1509 1514 1538 per
1538 1500 1664 1530 scalam
1699 1500 1898 1530 levatoriam
1933 1500 2085 1530 exterius
2117 1499 2330 1530 ascendatur.

1315 1554 1386 1590 Que
1413 1554 1513 1590 scala,
1543 1562 1601 1592 per
1620 1553 1796 1583 cathenam
1816 1554 1960 1584 ferream
1989 1562 2032 1583 ex
2054 1555 2148 1592 parte
2175 1561 2331 1583 sororum

1316 1608 1468 1638 studiose
1486 1607 1600 1645 ligata,
1623 1616 1640 1637 a
1654 1607 1875 1646 completorio
1894 1607 1983 1637 dicto
2000 1615 2108 1646 usque
2128 1607 2168 1637 ad
2186 1606 2332 1645 primam

1317 1661 1383 1691 diei
1427 1661 1601 1699 sequentis
1647 1661 1804 1691 continue
1824 1661 1869 1690 sit
1901 1669 2080 1699 suspensa,
2114 1661 2146 1690 et
2180 1661 2332 1698 tempore

1317 1714 1436 1744 diurne
1447 1713 1662 1743 dormitionis
1676 1716 1707 1744 et
1726 1714 1945 1749 visitationis,
1964 1713 2028 1743 nisi
2048 1713 2141 1743 aliud
2161 1713 2332 1743 interdum

1318 1767 1456 1797 evidens
1472 1767 1622 1805 requirat
1642 1767 1828 1797 necessitas
1847 1767 1899 1796 vel
1920 1766 2052 1797 utilitas
2069 1766 2260 1796 manifesta.
2279 1766 2332 1796 Ad

1318 1820 1507 1859 predictum
1532 1822 1643 1850 autem
1667 1820 1815 1850 hostium
1840 1820 2098 1850 custodiendum
2119 1819 2234 1858 aliqua
2254 1819 2333 1850 talis

1319 1882 1359 1903 ex
1378 1873 1553 1903 sororibus
1569 1874 1760 1912 deputetur,
1781 1882 1845 1912 que
1865 1873 1971 1903 Deum
1990 1873 2121 1908 timeat,
2139 1872 2182 1902 sit
2201 1874 2334 1902 matura

1318 1926 1484 1963 moribus,
1514 1927 1559 1956 sit
1580 1926 1725 1963 diligens
1758 1928 1788 1956 et
1807 1926 1953 1956 (11311010
1969 1926 2080 1965 sitque
2101 1925 2334 1956 convenientis

1287 1988 1288 2021 j
1319 1980 1430 2010 etatis.
1455 1982 1526 2015 Que
1553 1988 1654 2009 unani
1684 1980 1792 2018 ipsius
1810 1979 1911 2009 hostii
1934 1979 2063 2009 clavem
2086 1979 2133 2009 sic
2154 1979 2334 2017 diligenter

1319 2033 1499 2069 custodiat,
1522 2034 1557 2062 ut
1584 2041 1779 2071 numquam,
1799 2042 1837 2062 ea
1860 2032 1911 2062 vel
1939 2032 2012 2071 ejus
2036 2032 2125 2062 sot-ia
2146 2032 2333 2071 ignorante,

1319 2086 1467 2115 bostium
1490 2085 1672 2124 aliquando
1690 2085 1798 2115 valeat
1820 2085 1956 2123 aperiri.
1977 2085 2156 2123 Reliquam
2175 2094 2253 2115 1010
2272 2084 2336 2114 cla-

1318 2147 1406 2174 vem,
1422 2139 1592 2169 diversam
1613 2138 1653 2167 ab
1672 2138 1742 2171 illa,
1757 2138 1923 2168 custodiat
1944 2138 2128 2168 abbatissa.
2147 2138 2196 2168 sit
2217 2141 2247 2168 et
2267 2137 2335 2168 alia

1319 2201 1402 2231 eque
1423 2192 1552 2230 ydonea
1571 2192 1599 2221 01
1618 2193 1709 2221 socia
1725 2192 1895 2230 deputata,
1915 2201 1978 2230 que
1998 2192 2071 2230 ejus
2090 2192 2196 2221 vicem
2215 2192 2248 2221 in
2265 2200 2337 2221 001-

1320 2245 1420 2275 nibus
1447 2248 1644 2284 exequatur,
1675 2254 1750 2275 cum
1782 2245 1853 2284 ipsa
1881 2245 1995 2284 aliqua
2021 2245 2214 2275 rationabili
2233 2253 2336 2275 causa

1318 2298 1371 2328 vel
1387 2298 1604 2336 occupatione
1616 2299 1806 2328 necessaria
1822 2301 1983 2337 occupata
1999 2298 2098 2328 tuerit
2115 2298 2168 2327 vel
2186 2298 2332 2328 detenta.

1319 2352 1463 2381 Cavoant
1482 2353 1594 2381 autem
1614 2351 1867 2381 studiosissime
1882 2354 1910 2381 et
1933 2353 2111 2389 procurent
2123 2359 2163 2381 ne
2173 2360 2334 2390 umquam

1318 2404 1467 2434 hostium
1494 2405 1559 2434 stet
1584 2406 1750 2443 apertum,
1779 2404 1846 2434 nisi
1875 2404 2337 2444 11111101111001100311011Ρο-

1318 2458 1397 2488 terit
1416 2459 1650 2496 congruenter.
1678 2458 1727 2487 Sit
1749 2459 1861 2487 autem
1890 2457 2039 2487 bostium
2058 2457 2146 2487 seris
2169 2457 2289 2488 ferreis
2304 2459 2338 2488 et

1319 2510 1472 2541 vectibus
1493 2511 1620 2550 optime
1639 2511 1897 2547 communitum,
1918 2513 1949 2541 et
1968 2511 2041 2541 sine
2057 2511 2223 2547 custodia,
2240 2519 2336 2550 aper-

1318 2566 1390 2594 tum
1419 2564 1470 2593 vel
1498 2564 1664 2599 clausum,
1689 2564 1829 2594 minime
1859 2564 2062 2598 dimittatur,
2090 2572 2148 2594 000
2165 2564 2268 2594 etiam
2294 2563 2337 2594 ad

1319 2619 1540 2654 momentum,
1567 2617 1633 2647 nisi
1650 2626 1716 2647 una
1735 2617 1828 2647 clave
1853 2617 1884 2647 111
1908 2617 1974 2651 1110,
1991 2619 2021 2647 01
2042 2618 2074 2647 111
2091 2619 2187 2648 nocte
2205 2617 2337 2648 duabus

1320 2670 1363 2700 sit
1392 2670 1534 2700 firmiter
1560 2669 1767 2701 obseratum.
1795 2671 1864 2701 Nec
1893 2670 2147 2709 omnipulsanti
2166 2671 2337 2710 aperiatur

1320 2723 1447 2759 statim,
1469 2723 1536 2753 nisi
1555 2723 1651 2762 prius
1668 2723 1900 2754 indubitanter
1916 2724 2137 2763 cognoverint
2153 2724 2242 2763 quod
2258 2724 2338 2755 talis

1319 2777 1364 2806 sit
1382 2777 1434 2806 cui
1453 2777 1525 2806 sine
1554 2776 1906 2816 dubitationealiqua,
1929 2777 2113 2808 secundum
2140 2777 2336 2808 mandatum

1289 2847 1290 2863 1
1319 2830 1407 2869 quod
1429 2830 1469 2860 de
1496 2829 1702 2869 ingressuris
1726 2830 1759 2860 in
1780 2830 1840 2860 hac
1860 2830 1976 2869 regula
1991 2830 2194 2865 continetur,
2217 2829 2338 2871 debeat

1321 2883 1458 2922 aperiri.
1478 2883 1518 2914 Et
1550 2883 1636 2913 nulli
1654 2883 1753 2914 liceat
1780 2883 1826 2914 ibi
1846 2883 1951 2923 loqui,
1982 2883 2049 2914 nisi
2073 2884 2137 2914 soli
2160 2883 2336 2920 1103110110,
