2547 3289
193 153 251 182 102

193 235 308 265 bertus
325 236 354 264 et
371 234 564 272 capellanus
578 233 717 271 predicti
735 235 846 262 essent
863 241 922 270 pro
936 233 1050 262 eodem
1069 233 1194 262 archie—

192 288 329 326 piscopo
348 286 497 323 obligati,
522 286 694 315 residuum
716 294 793 314 vero
813 285 1020 323 expedirent,
1044 287 1142 323 prout
1161 285 1193 319 in

190 340 389 370 testamento
416 338 605 376 liujusmmti
625 337 823 367 continetur.
854 337 979 367 Eodem
1004 339 1117 376 itaque
1144 347 1193 368 ar-

191 392 399 429 chiepiscopo
423 391 507 419 viam
533 390 687 419 universe
720 391 830 419 carnis
857 390 1021 428 ingresso,
1048 391 1190 429 judices,

191 444 328 477 scabini,
351 443 515 481 magistri,
536 442 721 471 consiliarii
738 443 769 472 et
787 443 877 472 cives
894 443 1035 482 predicti
1052 444 1192 482 prefatis

189 496 424 526 ex‹2‹·iit‹n·il›us
452 495 558 525 dictas
577 504 706 525 marcas
724 504 783 533 per
807 495 891 525 duas
913 496 1122 534 septimanas
1145 497 1193 526 111-

188 548 296 578 debite
328 548 457 577 solvere
486 548 727 584 contradicunt,
749 548 863 586 sicque
888 549 968 578 dicti
995 551 1192 580 executores

188 601 376 638 hujusumdi
394 601 506 630 debita
522 610 587 631 non
601 603 744 640 possunt
761 601 903 637 solvere,
924 610 983 631 nec
1005 604 1192 633 extremam

188 654 393 683 voluntatem
415 654 523 692 ipsius
538 655 709 684 testatoris
727 655 917 685 executioni
930 654 1040 685 debite
1060 656 1193 686 deman-

185 707 274 736 dare.

224 760 338 793 Porro,
356 759 441 789 idem
466 760 671 797 capellanus,
686 762 763 789 tunc
791 762 988 798 procurator
1012 760 1121 799 ipsius
1142 770 1191 790 ar-

184 812 388 851 chiepiscopi
415 814 446 842 et
473 813 560 851 apud
588 813 701 842 sedem
725 813 946 851 apostolicam
974 814 1190 848 consiltutus,
1221 831 1223 839 2

185 866 319 895 1101111110
336 865 476 904 predicti
495 865 749 904 archiepiscopi⁷
775 875 792 895 a
813 875 878 904 quo
901 866 1044 896 habebat
1071 867 1112 896 ad
1130 866 1191 896 hoc

185 919 330 958 speciale
351 919 556 953 mandatum,
571 928 589 949 a
603 919 737 949 dilectis
761 919 842 949 tiliis
862 920 1099 950 Bonaventura
1113 921 1191 950 Ber-

184 971 328 1007 nardini,
357 971 591 1001 Bai-tholomeo
615 972 716 1001 Guidi
735 973 766 1002 et
790 981 905 1002 eorum
924 973 1037 1007 sociis,
1059 973 1191 1003 civibus

185 1025 216 1054 et
242 1023 485 1053 mercatoribus
501 1024 719 1060 Senensibus,
739 1026 856 1055 mutuo
875 1026 970 1055 mille
990 1027 1192 1065 quingentas

183 1085 314 1106 marcas
350 1077 589 1115 sterlingorum
623 1078 763 1116 recepit,
797 1087 857 1117 pro
893 1078 1016 1117 quibus
1048 1079 1191 1109 eundem

184 1129 473 1168 arehiepiscopum
495 1139 531 1160 ac
548 1131 732 1168 predictam
755 1131 992 1161 Coloniensem
1015 1132 1192 1162 ecclesiam

187 1183 217 1212 et
235 1191 349 1212 eorum
365 1182 451 1213 bona
468 1183 629 1221 predictis
646 1184 891 1214 mercatoribus
907 1184 1081 1223 obligavit,
1097 1185 1192 1215 dicti-

185 1244 247 1273 que
281 1237 497 1269 mercatores,
520 1237 699 1275 postquam
734 1237 818 1267 foret
846 1238 897 1267 eis
928 1238 967 1268 de
999 1238 1192 1277 hujusmodi

184 1288 324 1326 pecunia
361 1289 590 1325 satisfactum,
632 1298 762 1320 camere
800 1290 910 1320 felicis
950 1291 1191 1322 recordationis

185 1341 369 1371 Alexandri
405 1350 501 1380 pape,
520 1342 771 1380 predecessoris
800 1344 919 1380 nostri,
936 1344 1031 1374 mille
1061 1353 1191 1374 marcas

185 1394 424 1433 sterlingorum
454 1395 584 1425 solvere
599 1396 838 1434 promiserunt.
863 1397 1002 1433 Verum,
1023 1397 1102 1435 quia
1118 1406 1191 1436 pre-

184 1447 269 1476 dicte.
287 1456 416 1477 camere
438 1458 473 1477 ac
494 1448 654 1486 predictis
678 1449 920 1479 mercatoribus
936 1450 976 1479 de
997 1450 1190 1488 hujusmodi

184 1500 324 1538 pecunie
352 1501 494 1530 summis
521 1502 707 1531 satisfactio
741 1502 854 1540 aliqua
882 1511 949 1532 non
974 1503 1127 1541 pervenit
1154 1512 1191 1533 ac

183 1552 321 1591 dignum
345 1553 460 1583 existit
496 1555 527 1583 et
554 1556 815 1584 consentaneum
844 1555 967 1585 rationi
999 1558 1033 1586 ut
1059 1564 1189 1586 camere

183 1607 295 1635 nostre
312 1615 348 1635 ae
366 1605 609 1636 mercatoriluis
625 1607 786 1645 predictis
811 1608 849 1637 de
876 1608 963 1638 dicta
979 1609 1132 1646 pecunia,
1158 1610 1190 1638 in

182 1668 246 1698 qua
263 1660 433 1697 predictus
451 1660 656 1698 capellanus,
679 1663 849 1699 tamquam
873 1663 1071 1700 procurator
1093 1671 1187 1699 suus,

183 1712 215 1741 in
236 1712 295 1741 hoc
314 1713 457 1742 eundem
474 1713 635 1751 obligavit
652 1713 954 1753 archiepiscopum,
973 1715 1128 1749 satisfiat,
1149 1716 1190 1745 ad
1220 1727 1221 1734 ¹

182 1765 276 1803 cujus
296 1766 395 1795 etiam
416 1765 618 1796 solutionem
637 1769 685 1797 est
704 1767 854 1805 predicta
870 1768 1012 1798 ecclesia
1029 1768 1187 1807 obligata,

182 1818 386 1849 fraternitati
406 1820 458 1848 tue
476 1828 535 1857 per
554 1820 738 1857 apostolica
753 1820 878 1859 scripta
892 1821 1093 1851 mandamus
1111 1831 1190 1860 qua-

185 1873 280 1901 tenus
305 1872 473 1909 predictas
503 1872 616 1901 decem
637 1874 668 1902 et
696 1874 768 1902 octo
796 1882 927 1903 marcas
955 1874 1187 1911 Gemmeus-es,

183 1924 223 1954 ab
245 1925 370 1954 eisdem
388 1924 571 1963 judivibus,
596 1925 755 1959 scabinis,
776 1927 959 1964 magistris,
982 1927 1189 1957 consiliariis

183 2030 235 2059 die
257 2030 435 2066 dominica,
455 2039 561 2068 usque
578 2031 617 2060 ad
639 2031 818 2060 terminum
838 2032 871 2061 iu
889 2033 1040 2070 predicta
1057 2033 1189 2063 ordina-

184 2083 274 2113 tione
292 2084 467 2116 statutum,
479 2082 538 2112 tibi
560 2083 685 2113 faciens
699 2084 862 2120 exhiberi,
874 2093 997 2123 easque
1013 2094 1072 2124 per
1088 2087 1119 2116 te
1137 2087 1189 2117 vel

184 2144 242 2174 per
263 2136 365 2165 alium
385 2137 439 2165 aut
471 2136 555 2165 alios
584 2136 729 2166 fideliter
758 2137 931 2176 colligens,
953 2146 993 2167 ex
1019 2138 1090 2168 illis
1113 2141 1189 2169 ante

185 2190 293 2218 omnia
311 2188 443 2218 Andree
463 2189 590 2223 Jacobi‚
617 2190 819 2228 ltonsignori
836 2191 998 2229 ltaynerii
1018 2193 1049 2221 et
1069 2191 1189 2222 Tholo-

183 2250 256 2270 meu
270 2242 447 2277 Mauontis,
463 2242 593 2271 civibus
603 2243 634 2272 et
651 2243 895 2273 mercatoribus
904 2244 1123 2281 Senenstbus,
1136 2245 1189 2275 vel

184 2302 296 2323 eorum
316 2294 428 2329 alicui,
449 2295 552 2325 sociis
566 2296 810 2330 Brmaventure,
824 2296 1053 2327 Bartholomei
1074 2297 1187 2334 Guidi,

184 2347 419 2385 sociorumque
450 2347 612 2386 ipsorum,
651 2348 819 2386 predictas
853 2349 947 2379 mille
987 2351 1190 2388 quingentas

183 2407 311 2429 marcas
324 2400 562 2437 sterlingorum
578 2401 708 2431 solvere
719 2410 782 2431 non
798 2403 998 2440 postponam
1014 2403 1189 2433 residuum

185 2452 297 2481 autem
329 2453 482 2491 assignes
514 2453 641 2483 eisdem
668 2454 918 2491 executoribus,
934 2456 1190 2494 expendendum

184 2512 243 2543 per
260 2514 316 2533 eos
334 2505 431 2542 juxta,
449 2506 707 2544 dispositionem
726 2508 898 2538 testatoris
921 2507 1084 2546 ejusdem.
1109 2510 1191 2539 Con-

183 2557 384 2587 tradictores
408 2567 467 2596 per
490 2567 678 2594 censuram,
702 2560 765 2590 etc.
803 2568 908 2599 usque
936 2562 1189 2600 compescendo.

185 2609 340 2641 Invocato
365 2611 404 2640 ad
424 2611 496 2645 hoc,
518 2612 546 2641 si
565 2621 648 2650 opus
668 2612 779 2649 suerit,
800 2613 928 2643 auxilio
950 2613 1079 2644 brachii
1103 2623 1192 2645 sccu-

184 2662 278 2698 laris,
294 2672 358 2692 11011
373 2663 524 2693 obstante
537 2665 775 2695 constitutione
790 2665 830 2696 de
845 2665 975 2696 duabus
988 2667 1087 2696 dietis
1103 2668 1192 2698 edita

186 2768 275 2796 circs
291 2771 455 2799 Senensis
471 2778 510 2799 ex
530 2772 619 2800 certa
633 2779 733 2801 causa
747 2772 950 2809 generaliter
965 2773 1189 2811 promulgata,

188 2821 334 2850 maxime
353 2830 426 2851 cum
455 2823 623 2860 predictos
641 2826 843 2854 mercatores
860 2833 878 2855 a
895 2825 1062 2855 sententia
1078 2825 1191 2865 hujus-

991 149 1216 180 REGISTRE
1240 142 1454 180 GAMERAL

1255 233 1346 262 modi
1363 241 1422 271 per
1441 235 1573 262 nostras
1589 232 1719 262 litteras
1733 233 1933 263 duxerimus
1947 235 2186 273 excludendos,
2206 245 2266 267 seu

1254 285 1284 315 si
1303 287 1354 315 est
1372 284 1544 323 aliquibus
1565 284 1605 314 ab
1624 285 1741 315 cadem
1759 286 1837 316 sede
1853 287 2033 324 indultum,
2053 289 2142 327 quod
2166 290 2266 320 inter-

1254 338 1333 373 dici,
1353 338 1514 377 suspendi
1535 338 1588 367 vel
1605 338 1855 369 excomunicari
1872 348 1937 369 non
1954 341 2085 378 possint
2104 350 2164 380 per
2180 341 2266 372 litte-

1254 400 1309 421 ras
1330 391 1545 430 apostolicas,
1572 400 1635 430 quc
1655 391 1694 420 (le
1715 391 1845 421 indulto
1863 392 2057 431 hujusmodi
2078 394 2214 432 plenam
2234 397 2266 426 et

1254 453 1453 483 expressam
1470 454 1535 474 non
1555 444 1693 475 fecerint
1712 445 1930 481 mentionem,
1945 446 2016 476 sive
2034 447 2185 485 qualibet
2199 447 2265 477 alia

1253 497 1464 536 indulgentia
1478 497 1569 527 sedis
1584 497 1746 535 ejusdem,
1758 497 1798 527 de
1812 506 1878 536 qua
1890 498 2054 537 cujusque
2067 501 2136 529 toto
2150 502 2265 530 tenore

1253 550 1292 580 de
1308 550 1409 580 verbo
1425 551 1465 580 ad
1482 550 1622 580 verbum
1637 552 1787 588 oporteat
1802 551 1836 579 in
1850 551 1977 581 nostris
1992 551 2117 581 litteris
2130 552 2265 590 plenam

1253 604 1285 633 et
1302 612 1499 642 expressam
1516 603 1722 633 mentionem
1738 603 1810 633 fieri
1826 606 1855 634 et
1868 613 1928 642 per
1942 613 2043 642 quam
2058 605 2092 634 id
2107 605 2265 644 impediri

1253 656 1362 686 valeat
1382 656 1433 685 vel
1451 656 1590 689 differri,
1610 657 1746 694 proviso
1762 656 1851 694 quod
1869 656 1950 686 dicti
1968 659 2175 687 mercatores
2197 658 2265 688 ins-

1252 709 1473 744 trumentum,
1492 717 1551 747 per
1569 709 1657 747 quod
1685 709 1773 738 idem
1801 709 1997 747 capellanus
2023 710 2073 739 eis
2097 711 2131 739 111
2150 709 2263 748 hujUs-

1253 762 1342 791 modi
1364 762 1504 799 pecunie
1524 770 1657 791 summa
1679 762 1862 800 predictam
1886 762 2064 792 ecclesiam
2089 762 2263 802 obligavit,

1253 814 1393 844 ecclesie
1418 815 1598 844 restituant
1616 815 1819 852 supradicte.
1839 815 2007 854 Quicquid
2030 818 2142 846 autem
2163 825 2265 854 super

1251 867 1432 905 premissis
1456 867 1594 897 duxeris
1618 867 1820 903 faciendum,
1840 868 1938 898 nobis
1956 877 2016 907 per
2036 870 2112 898 tuas
2133 869 2265 899 litteras

1251 921 1418 958 patentes,
1439 919 1558 949 harum
1582 920 1705 950 seriem
1725 921 1946 958 continentes,
1965 922 2102 952 studeas
2120 922 2265 952 fideliter

1252 973 1422 1003 intimare.
1451 973 1575 1003 Datum
1602 974 1689 1011 apud
1716 973 2004 1009 Urbemveterem,
2033 985 2075 1004 xv
2102 975 2264 1005 kalendas

1249 1026 1340 1065 julii,
1358 1035 1444 1056 anno
1464 1026 1620 1056 secundo.
1642 1038 1655 1052 »

1342 1182 1412 1212 371
1829 1180 1953 1214 Orvieto,
1975 1182 2008 1208 29
2023 1180 2095 1208 avril
2115 1182 2192 1208 1263.

1291 1259 1512 1294 Archiepiscopo
1533 1259 1688 1286 Senoncnsi
1709 1260 1825 1286 mandat
1840 1262 1980 1294 quatenus
1996 1260 2201 1291 Theobaldunb
2219 1269 2265 1288 ne-

1252 1310 1349 1342 potem
1366 1308 1580 1335 Aurelianensis
1599 1308 1735 1342 episcopi,
1750 1308 1779 1334 in
1794 1308 1948 1335 §emonensi
1968 1309 2089 1336 ccclesia
2103 1309 2133 1335 in
2149 1309 2264 1336 canoni-

1252 1364 1319 1383 cum
1336 1357 1423 1392 recipi
1439 1357 1533 1384 saciat.
1547 1357 1625 1391 (lico.
1641 1358 1684 1388 27,
1705 1357 1752 1383 t'ol.
1773 1358 1819 1384 103
1836 1363 1872 1388 νῦ,
1888 1363 1918 1383 11⁰
1937 1358 1972 1392 ¹.)

1292 1461 1306 1476 «
1338 1474 1343 1479 ,
1377 1473 1382 1478 ,
1409 1448 1639 1487 archiepiscopo
1673 1448 1851 1477 Senonensc'.
1883 1448 1967 1478 Cum
2002 1448 2144 1478 ecclesia
2176 1448 2264 1478 viros

1251 1501 1383 1531 nobiles
1413 1501 1607 1531 honorando
1633 1501 1819 1539 plurimum
1845 1501 2039 1536 honoretur,
2058 1501 2178 1531 honori
2203 1510 2264 1531 suo

1250 1554 1389 1593 provide
1418 1554 1565 1584 consulit
1585 1562 1660 1583 cum
1689 1554 1768 1584 illos
1795 1554 1943 1584 admittit
1971 1554 2012 1583 ad
2036 1554 2179 1592 gratiam
2206 1554 2264 1593 qui

1250 1607 1454 1646 gratiticanti
1479 1608 1573 1645 grata
1599 1608 1743 1645 possunt
1772 1606 1935 1645 obsequia
1965 1607 2135 1637 exhibere.
2164 1607 2262 1644 Sane,

1220 1673 1221 1679 1
1252 1661 1339 1690 sicut
1356 1661 1389 1690 in
1408 1660 1534 1690 litteris
1557 1661 1613 1689 tuo
1627 1660 1740 1698 sigillo
1757 1660 1902 1690 munitis
1920 1659 2069 1690 vidimus
2086 1660 2262 1697 contineri,

1251 1714 1290 1743 dc
1323 1717 1379 1743 tuo
1414 1713 1626 1752 beneplacito
1658 1712 1860 1751 procedebat
1892 1715 1927 1744 ut
1964 1713 2125 1743 dilectum
2156 1713 2266 1743 filium

1251 1766 1494 1800 Theobaldum‚
1509 1768 1624 1796 natum
1641 1765 1845 1806 nobilislviri
1858 1791 1864 1796 .
1879 1791 1885 1796 .
1906 1767 2040 1796 comitis
2057 1766 2269 1797 Sacri-Cesa-

1250 1821 1309 1857 ris,
1329 1823 1485 1857 nepotem
1503 1820 1707 1851 veneral.>ilis
1726 1820 1841 1850 fratris
1858 1821 1966 1851 nostri
1988 1845 1995 1852 .
2017 1845 2022 1851 .
2042 1821 2264 1851 Aurelianen-

1252 1876 1298 1903 sis
1314 1874 1475 1912 episcopi,
1490 1874 1523 1903 in
1542 1874 1685 1904 ecclesia
1698 1874 1886 1904 senonensi
1902 1874 2006 1912 recipi
2026 1874 2212 1904 faceremus
2229 1874 2263 1903 in

1220 1951 1221 1954 ,
1250 1927 1447 1956 canonicum
1462 1930 1488 1957 et
1508 1927 1541 1956 in
1557 1926 1743 1956 sratremae
1762 1926 1826 1956 sibi
1837 1926 2010 1964 provideri
2025 1926 2065 1956 de
2080 1926 2262 1964 prebenda,

183 1979 213 2007 ct
231 1977 374 2012 civitam,
388 1986 448 2015 pro
466 1979 615 2015 tempore
636 1979 796 2016 preterito
813 1981 845 2008 et
862 1979 1020 2017 deinceps
1040 1980 1190 2018 qualibet
1220 1993 1221 1996 ¹

1251 1979 1419 2018 quamcito
1438 1979 1479 2009 ad
1500 1979 1533 2009 id
1552 1979 1764 2017 oportunitas
1789 1987 1824 2009 se
1850 1980 1995 2009 offerret.
2022 1979 2185 2010 Volentes
2204 1979 2267 2018 igi-

1250 2034 1305 2063 tur
1322 2034 1532 2062 executorem
1549 2031 1742 2070 hujusmodi
1764 2032 1812 2061 tui
1833 2031 2038 2070 beneplaciti
2057 2032 2217 2070 deputare
2234 2034 2265 2062 te

1251 2085 1376 2123 ipsum,
1403 2085 1605 2115 fraternitati
1634 2086 1690 2114 tue
1719 2085 1930 2123 presentium
1960 2086 2157 2115 auctoritate
2177 2093 2265 2114 com·

1220 2148 1221 2151 ¹
1250 2138 1418 2168 mittimus
1429 2139 1458 2167 et
1476 2137 1688 2174 mandamus,
1707 2139 1874 2176 quatenus
1889 2137 2015 2167 dictum
2031 2137 2264 2167 Theobaldum

1250 2191 1303 2221 vel
1318 2191 1570 2228 procuratorem
1586 2199 1699 2225 suum,
1712 2190 1785 2228 ejus
1798 2190 1946 2226 nomine,
1962 2189 2093 2220 indicta
2109 2190 2263 2227 ecclesia,

1220 2267 1221 2272 ,
1251 2243 1284 2272 111
1300 2252 1365 2282 qua
1380 2243 1419 2273 ad
1435 2245 1463 2273 te
1479 2244 1607 2281 spectat
1622 2243 1757 2273 collatio
1769 2242 2031 2282 prebendarum,
2046 2243 2150 2281 recipi
2162 2242 2266 2273 facias

1220 2308 1221 2315 ¹
1251 2296 1285 2326 in
1310 2297 1507 2325 canonicum
1532 2298 1565 2325 et
1594 2296 1626 2325 in
1658 2296 1795 2326 fratrem
1825 2286 1924 2334 eique
1949 2304 2009 2335 per
2027 2297 2058 2325 te
2078 2295 2129 2325 vel
2160 2295 2265 2325 alium

1250 2349 1431 2388 provideas
1446 2349 1485 2379 de
1503 2348 1684 2387 prebenda,
1699 2349 1729 2378 si
1742 2358 1803 2387 qua
1817 2348 1943 2378 ibidem
1958 2350 2052 2378 vacat
2068 2349 2109 2378 ad
2126 2356 2267 2387 presens

1251 2402 1304 2432 vel
1321 2403 1573 2441 quamprimum
1593 2402 1634 2432 ad
1664 2402 1697 2432 id
1720 2401 1880 2432 obtulerit
1898 2410 1933 2432 se
1954 2401 2108 2432 facultas.
2128 2401 2266 2432 Contra-

1221 2466 1222 2469 *
1251 2455 1397 2485 dictores
1411 2464 1470 2494 per
1489 2464 1667 2485 censuram
1691 2456 1767 2491 ete„
1793 2463 1899 2494 usque
1923 2454 2179 2493 compescendo,
2198 2463 2265 2485 uon

1252 2508 1406 2539 obstante
1435 2509 1559 2539 statuto
1584 2527 1634 2545 -‚
1654 2508 1707 2538 vel
1731 2507 1820 2546 quod
1849 2516 1990 2546 presens
2017 2516 2082 2538 non
2102 2507 2204 2538 suerit
2223 2506 2266 2537 ad

1251 2561 1472 2600 prestandum
1494 2561 1533 2591 de
1557 2561 1777 2592 observandis
1798 2561 1906 2600 ipsius
1931 2561 2068 2591 statutis
2086 2561 2198 2599 ipsius
2215 2568 2266 2591 ec-

1252 2615 1353 2645 clesie
1366 2616 1398 2645 et
1413 2614 1716 2645 consuctudinibus
1727 2614 1970 2653 juramentum,
1987 2614 2169 2644 dummodo
2182 2612 2266 2643 illud

1221 2702 1223 2709 y
1252 2669 1379 2707 prestet
1396 2677 1454 2707 per
1468 2670 1721 2706 procuratorem
1746 2668 1786 2698 ad
1807 2667 1867 2698 hoc
1890 2667 2084 2706 specialiter
2106 2666 2265 2697 constitu-

186 2715 219 2743 111
237 2716 377 2745 com-ilio
391 2717 539 2755 generali
559 2717 609 2747 vel
628 2719 951 2750 excomunicationis
969 2721 1136 2750 sententia
1158 2721 1191 2750 in
1221 2710 1223 2721 ⁵

1253 2723 1335 2756 tum,
1354 2721 1481 2751 eisdem
1501 2722 1626 2751 statuto
1641 2722 1671 2751 et
1688 2720 1909 2759 indulgentiis
1927 2719 2144 2759 postmodum
2162 2718 2267 2749 nichi-

1221 2808 1222 2815 Ὶ
1252 2773 1401 2804 lominus
1420 2774 1453 2804 111
1470 2783 1531 2804 suo
1546 2773 1665 2804 robore
1680 2774 1864 2804 duraturis.
1882 2774 2005 2804 Datum
2021 2772 2109 2812 apud
2124 2771 2263 2803 [rbem-

1253 2828 1413 2864 veterem,
1436 2836 1483 2856 1111
1501 2827 1662 2857 kalendas
1681 2826 1896 2866 septembris,
1917 2834 2002 2856 auno
2021 2825 2179 2856 secundo.
2200 2835 2214 2853 »
