2547 3289
291 178 349 206 5260

331 259 367 288 In
393 258 546 288 eumdem
564 256 696 286 modum
723 279 729 285 .
750 279 756 285 .
779 255 1045 290 l‹'(·1·1·:u·iensi‚et
1066 278 1070 282 .
1091 278 1096 282 .
1118 253 1295 283 'servisino

292 310 476 349 episcopis,
508 318 566 348 pro
601 308 766 343 llenaldo,
801 307 1025 342 Bernardino,
1060 307 1234 336 (manerio
1266 308 1293 335 ct

290 363 505 394 Robbaconte
524 361 713 396 llcnaldini,
729 361 897 398 ltaynerio
910 362 941 390 ct
957 359 1112 389 Gabriele
1129 359 1296 389 ltusticini

291 417 324 446 et
345 415 446 453 Arigo
470 413 643 453 Itayimrii,
665 413 796 442 civibus
819 414 851 442 et
873 411 1117 441 mercatoribus
1143 411 1298 442 Senensi·
1328 427 1330 435 ›

291 468 363 503 bus,
383 469 496 497 contra
522 489 526 494 .
548 491 554 496 .
576 465 797 504 patriarcham
816 464 1092 503 Aquilegenscm,
1107 466 1137 494 et
1158 464 1297 494 nonnul-

289 521 340 550 los
362 521 588 557 sull'rziganeos
608 519 727 556 ipsius,
751 520 825 553 otc„
848 520 882 547 ut
901 518 934 547 in
953 517 1121 555 superiori
1140 517 1298 556 proxima

290 582 348 612 pcr
365 574 482 602 totum.

858 753 982 785 Orvicto,
1007 754 1038 781 13
1054 762 1132 779 murs
1149 753 1224 780 1264.

377 755 451 786 522

324 839 500 865 ,tuximanae
518 838 657 865 ccclesiae
674 838 868 873 episcopalem
880 839 1052 873 dignitatem
1067 839 1203 865 restituit.
1215 838 1295 874 (Rae.

287 889 330 919 28,
354 888 403 915 sol.
419 888 464 920 38,
480 896 546 914 ann.
567 887 612 915 ΙΙΙ,
631 893 660 913 n⁰
676 887 750 921 125.)

327 1003 341 1021 «
360 992 410 1022 Ad
425 991 610 1032 presentium
627 991 767 1021 noticiam
791 996 818 1020 et
837 996 969 1021 eternam
990 992 1163 1021 memoriam
1178 993 1300 1031 futuro—

286 1055 364 1075 rum.
390 1045 485 1076 Recti
506 1046 631 1075 statera
652 1044 772 1083 judieii
796 1053 882 1083 equo
899 1046 979 1075 tunc
1000 1045 1156 1075 examine
1175 1047 1300 1084 tempe-

285 1099 390 1135 ratur,
413 1107 488 1128 cum
505 1098 606 1137 digna
623 1096 807 1128 virtutibus
829 1097 959 1136 premia
984 1100 1016 1128 et
1041 1106 1187 1137 congrua
1205 1099 1298 1128 vitiis

287 1151 457 1190 stipendia
469 1152 714 1189 recompensat.
728 1150 781 1180 Sic
793 1151 883 1181 enim
896 1150 1087 1190 quibusque
1098 1152 1186 1190 quod
1199 1160 1298 1182 suum

286 1206 347 1241 est,
367 1213 408 1234 ex
440 1204 557 1234 ordine
584 1204 742 1233 reddente
765 1203 911 1241 justitia,
942 1203 1116 1243 obsequiis
1142 1205 1299 1235 videlicet

285 1257 427 1296 gratiam
442 1258 473 1287 ct
493 1257 627 1294 injuriis
644 1257 817 1291 talionem,
834 1257 874 1287 ad
890 1257 1174 1287 benemerendum
1188 1258 1298 1288 lentos

285 1311 483 1348 promovent
511 1309 666 1347 exempla
693 1310 898 1345 mercedum,
919 1311 950 1339 et
977 1310 1009 1339 in
1031 1310 1153 1340 delicta
1173 1319 1298 1349 pronos

285 1363 454 1393 interdum
475 1362 516 1393 ab
542 1363 710 1392 incentivo
729 1371 830 1401 prave
851 1362 1089 1393 similitudinis
1114 1365 1224 1393 metus
1246 1372 1297 1394 co-

283 1415 376 1445 hibet
393 1416 544 1445 ultionis.
571 1415 659 1445 Olim
685 1415 853 1454 siquidem
876 1423 955 1454 erga
974 1415 1065 1445 cives
1086 1416 1297 1446 Auximanos

284 1470 316 1499 et
329 1468 456 1498 incolas
472 1468 572 1498 castri
588 1467 843 1503 Recanatcnsis,
856 1469 1122 1498 Humanatcnsis
1138 1469 1295 1506 diocesis,

284 1521 469 1560 apostolica
497 1521 606 1554 sedes,
627 1529 743 1551 eorum
773 1523 881 1551 mater
906 1522 936 1551 et
961 1521 1097 1551 domina
1123 1522 1293 1560 specialis,

282 1574 476 1612 hujiismodi
504 1575 602 1604 utens
629 1574 749 1611 judicii
777 1574 936 1612 equitate,
965 1575 1043 1613 qnia
1071 1575 1174 1604 iidem
1206 1576 1296 1605 cives

284 1627 509 1657 indevotionis
545 1628 576 1657 et
611 1626 809 1657 rebellionis
843 1629 1100 1665 assumpserant
1135 1629 1294 1667 spiritum

282 1681 397 1710 contra
427 1680 532 1716 illam,
563 1680 735 1709 civitatem
765 1688 881 1710 eorum
912 1680 1098 1719 episcopali
1131 1681 1294 1720 dignitate

281 1733 427 1772 privavit
446 1742 483 1763 ac
501 1742 574 1763 eam
591 1742 664 1763 cum
683 1734 751 1763 tota
768 1733 895 1763 diocesi
915 1742 977 1763 sua
994 1734 1034 1763 ad
1054 1735 1201 1764 castrum
1221 1744 1294 1773 pre-

282 1787 420 1822 dictum,
453 1786 549 1825 cujus
578 1787 657 1816 tunc
679 1786 786 1816 incole
811 1786 898 1816 dicte
926 1787 1018 1816 sedis
1047 1789 1142 1818 erant
1166 1788 1291 1822 devoti,

281 1839 466 1873 transtulit,
491 1839 661 1869 civitatem
687 1839 795 1878 ipsam
820 1841 851 1869 et
869 1839 1045 1869 ecclesiam
1064 1841 1291 1871 Auximanam

282 1892 467 1923 vonerabili
486 1892 581 1923 fratri
597 1895 711 1922 nostro
735 1917 740 1922 .
759 1916 763 1920 .
784 1892 942 1931 episcopo
959 1894 991 1922 et
1008 1893 1149 1922 ecclesie
1168 1894 1292 1923 Huma-

280 1945 490 1981 natensibus,
507 1945 538 1975 in
551 1946 897 1984 recompensationem
908 1945 988 1975 dicti
1000 1946 1113 1981 castri,
1127 1947 1216 1984 quod
1226 1947 1293 1977 Hu-

280 1999 488 2028 manatensis
510 1999 656 2028 diocesis
678 2000 756 2028 tunc
777 2000 859 2034 erat,
886 1998 919 2027 in
944 1999 1183 2036 spiritualibus
1204 2008 1291 2029 sum-

279 2051 455 2081 mittendo.
471 2051 575 2081 Porro
591 2051 730 2089 predicti
746 2051 835 2081 cives
850 2051 1077 2081 indevotionis
1094 2053 1125 2082 et
1139 2052 1292 2082 rebellio-

279 2104 333 2134 nis
368 2104 561 2143 hujusmodi
593 2105 704 2134 notam
737 2113 794 2142 per
823 2104 1003 2140 humilem,
1035 2107 1225 2143 promptam
1262 2108 1293 2136 et

279 2157 432 2187 devotam
462 2157 685 2187 obedientiam
726 2159 756 2187 et
793 2157 897 2187 multa
938 2159 1099 2196 grataque
1131 2158 1293 2197 obsequia

278 2210 449 2240 modernis
482 2209 693 2248 temporibus
724 2210 915 2249 expiarunt.
948 2210 1035 2240 Nam
1064 2219 1125 2249 pro
1156 2212 1292 2242 tuendis

278 2262 428 2302 ejusdem
455 2263 545 2293 sedis
569 2263 705 2301 juribus
730 2265 761 2293 et
788 2263 914 2293 honore
937 2272 972 2293 ac
1000 2266 1107 2302 patrie
1134 2264 1290 2295 libertate

277 2318 476 2355 pugnantes,
499 2316 615 2355 gravia
633 2325 746 2346 rerum
765 2316 911 2355 dampna
929 2317 960 2347 et
977 2325 1200 2355 personarum
1219 2326 1291 2348 sus-

275 2369 406 2399 tinuere
433 2370 582 2407 pericula
601 2371 632 2399 et
657 2369 754 2408 quasi
774 2369 895 2400 cotidie
920 2370 1101 2403 sustinent,
1122 2370 1215 2401 illata
1240 2371 1290 2401 eis

276 2421 317 2451 ab
353 2422 461 2461 ipsius
495 2422 586 2453 sedis
625 2422 901 2461 persecutoribus
931 2424 962 2453 et
992 2423 1073 2453 filiis
1108 2423 1286 2454 indevotis

274 2474 362 2505 Dicti
386 2484 464 2505 vcro
492 2475 610 2512 incole,
634 2475 668 2505 in
698 2484 835 2506 sensum
866 2476 934 2506 dati
964 2476 1157 2515 reprobum,
1176 2477 1238 2507 Dei
1257 2478 1287 2507 et

276 2527 424 2566 ejusdem
443 2529 533 2558 sedis
561 2529 748 2559 reverentia
775 2530 807 2559 et
824 2529 946 2559 timore
970 2529 1172 2568 postpositis
1196 2531 1227 2560 et
1247 2530 1287 2560 ad

275 2579 470 2610 rebellionis
497 2581 690 2619 superbiam
719 2582 842 2620 spiritu
862 2581 1051 2617 obfirmate,
1077 2583 1284 2622 persecutori

275 2632 366 2662 sedis
394 2634 542 2672 ejusdem
567 2636 683 2665 contra
703 2644 776 2665 eam
797 2635 974 2674 ipsiusque
992 2636 1109 2666 fideles
1124 2636 1283 2674 dampna-

273 2684 388 2716 biliter
404 2686 561 2716 adherere
582 2689 796 2725 presumunt.;
826 2690 963 2727 propter
984 2689 1085 2727 quod,
1110 2691 1282 2729 tamquam

273 2739 397 2777 accepti
415 2747 432 2768 a
450 2740 577 2778 prefata
594 2741 671 2769 sede
690 2740 842 2771 beneficii
863 2741 1079 2772 immemores
1096 2744 1126 2772 et
1146 2742 1280 2781 ingrati,

273 2791 490 2822 reddiderunt
518 2792 602 2822 sacta
630 2793 692 2822 sibi
722 2794 912 2832 hujusmodi
935 2795 1042 2833 gratia
1065 2803 1100 2825 se
1127 2795 1281 2834 indignos

273 2844 459 2883 meritoque
480 2845 672 2883 privandos.
697 2846 730 2875 ld
752 2846 864 2885 itaque
890 2855 950 2876 nos
969 2850 999 2878 et
1027 2848 1148 2878 fratres
1172 2848 1277 2878 nostri

1326 253 1329 265 1

1328 438 1330 455 l

1056 173 1080 202 Ι).
1088 172 1297 201 1‹:‹i;1s·'1‘P.Es
1319 171 1530 201 D‘IJRBAIN
1555 172 1600 201 lv
1607 195 1613 201 .

1359 254 1498 291 provide
1522 255 1733 285 attendentes
1756 257 1787 285 et
1811 255 2064 286 considerantes
2086 257 2268 295 prudenter
2285 259 2374 298 quod

1361 307 1508 336 favorem
1535 307 1669 337 devotio
1695 310 1917 345 promeretur,
1946 309 2101 347 quodque
2132 311 2271 349 urgendi
2297 314 2375 343 sunt

1360 360 1612 398 impugnatores
1641 360 1781 390 ecclesie
1817 361 1980 400 condigne
2007 363 2200 400 punctionis
2231 364 2369 402 aculeis,

1361 415 1407 448 ιιῐτ
1426 413 1453 442 si
1471 414 1594 443 existat
1615 413 1790 452 possibile,
1807 423 1824 443 a
1841 422 1902 444 sua
1919 415 2073 445 resiliant
2092 416 2257 454 pravitate
2272 419 2372 456 atque

1360 466 1400 495 ad
1427 466 1576 496 studium
1605 467 1794 496 devotionis
1821 467 1932 497 debite
1961 467 2094 507 viteque
2128 468 2312 499 laudabilis
2339 479 2375 501 se

1360 521 1566 555 convertant,
1595 520 1783 558 predictum
1815 523 1964 550 castrum
1996 523 2028 551 et
2063 522 2173 560 ipsius
2205 522 2372 557 homines,

1360 575 1496 611 propter
1526 573 1774 603 indevotionem
1802 577 1833 603 et
1858 574 2137 611 ingratitudinem
2165 576 2371 614 eorumdem,

1360 627 1534 664 perpetuo,
1559 626 1598 656 de
1621 627 1771 665 ipsorum
1801 627 1942 657 fratrum
1971 628 2114 658 consilio
2132 630 2163 658 et
2190 629 2374 667 apostolice

1359 679 1569 717 plenitudine
1588 680 1777 718 potestatis,
1796 680 1989 718 supradicta
2003 681 2187 719 episcopali
2209 681 2372 720 dignitate

1360 733 1579 771 privavimus,
1603 741 1744 771 eamque
1763 733 1974 772 dignitatem,
1990 743 2056 764 non
2072 734 2289 765 obstantibus
2307 735 2374 773 pri-

1360 786 1493 816 vatione
1510 794 1546 815 ac
1562 787 1806 816 summissione
1822 787 2013 825 premissis,
2033 787 2164 818 civitati
2182 788 2290 818 eidem
2306 788 2374 826 ple-

1360 839 1453 869 narie
1471 839 1625 878 dictequc
1643 839 1834 870 Auximane
1851 840 1991 870 ecclesie
2016 849 2112 871 suam
2137 841 2300 871 diocesim
2325 841 2375 871 in-

1360 894 1463 930 tegre,
1483 893 1711 930 predictorum
1734 893 1859 923 civium
1879 893 2095 932 exigentibus
2115 894 2259 930 meritis,
2278 894 2375 924 resti-

1360 945 1500 982 tuimus,
1528 947 1626 984 prout
1658 955 1695 976 ea
1726 946 1911 977 habuerant
1939 947 1980 976 ab
2013 947 2164 986 antiquo,
2202 947 2374 978 civitatem

1361 999 1470 1037 ipsam
1496 1002 1524 1029 et
1546 999 1753 1029 habitatores
1781 999 1854 1038 ejus
1879 1001 1911 1029 et
1930 1000 2115 1038 predictam
2144 1001 2374 1031 Auximanam

1362 1052 1539 1082 ecclesiam
1556 1052 1596 1082 ab
1615 1053 1705 1082 omni
1718 1053 1956 1091 jurisdictione
1975 1053 2204 1091 predictorum
2222 1053 2374 1093 episcopi

1361 1106 1393 1135 et
1413 1105 1554 1135 ecclesie
1570 1106 1878 1136 Humanatensium
1902 1107 2038 1145 penitus
2060 1107 2252 1137 eximendo.
2279 1106 2375 1137 Nulli

1361 1167 1439 1197 ergo
1465 1161 1579 1189 nostre
1599 1159 1827 1189 restitutionis
1855 1162 1883 1189 et
1901 1159 2131 1198 exemptionis
2158 1161 2220 1190 etc.
2249 1160 2375 1190 Datum

1361 1212 1447 1250 apud
1465 1211 1752 1247 Urbemveterem,
1774 1222 1808 1241 111
1828 1213 1903 1242 idus
1923 1213 2048 1248 martii,
2066 1221 2152 1242 anno
2169 1213 2242 1243 111⁰.
2262 1223 2277 1240 n

1448 1393 1522 1424 523
1936 1393 2061 1423 Officio,
2082 1393 2113 1420 13
2126 1401 2204 1419 mars
2222 1393 2300 1420 1264.

1394 1475 1602 1502 lionvenutum.
1633 1476 1815 1509 capellanum
1844 1475 2036 1509 apostolicum
2070 1479 2096 1502 ct
2136 1475 2372 1502 archidiaconum

1358 1524 1584 1555 Anconitanum,
1603 1534 1615 1548 (ι
1635 1524 1752 1551 littorali
1770 1525 1889 1551 scientia
1908 1525 2082 1559 praeditum,
2105 1536 2120 1550 n
2133 1525 2274 1551 ecclesiae
2289 1525 2375 1552 Auxi-

1359 1581 1460 1599 manac
1482 1573 1509 1599 in
1525 1573 1691 1607 episcopum
1712 1573 1850 1607 prun—licit.
1868 1573 1947 1607 (Res.
1962 1574 2006 1605 28,
2022 1573 2071 1600 tol.
2087 1575 2122 1601 38
2139 1578 2179 1603 νο,
2197 1582 2229 1600 110
2247 1573 2320 1607 126.)

1396 1688 1411 1706 (ι
1434 1677 1619 1712 Benvenuto,
1653 1676 1746 1706 electo
1770 1677 1954 1707 sluoeimano.
1982 1678 2077 1708 Recti
2103 1679 2227 1709 statera
2253 1678 2374 1718 Judicii

1355 1748 1404 1761 -.
1426 1731 1550 1761 Datum
1570 1732 1605 1760 ut
1625 1739 1737 1769 supra.
1758 1740 1774 1760 »

1394 1839 1431 1869 In
1449 1848 1477 1868 e.
1498 1847 1543 1868 m.
1566 1839 1712 1877 capitulo
1732 1839 1873 1869 ecclesie
1892 1839 2094 1869 Auximane.

1394 1893 1431 1922 In
1455 1901 1482 1922 e.
1503 1901 1546 1922 m.
1572 1892 1661 1921 clero
1686 1892 1835 1921 civitatis
1859 1894 1889 1922 et
1914 1892 2059 1922 diocesis
2083 1893 2369 1922 Auximanarum.

1355 1945 1530 1983 [Por'rms'r
1548 1946 1670 1979 18825.)

1395 1999 1432 2028 In
1451 2008 1478 2027 e.
1500 2007 1544 2028 m.
1566 1998 1689 2036 populo
1711 1999 1859 2028 civitatis
1874 2001 1903 2028 et
1922 1998 2068 2028 diocesis
2085 1998 2368 2029 Auximanarum.

1416 2174 1423 2179 “
1443 2184 1515 2215 524
1924 2183 2048 2208 (Ji-vieto.
2069 2184 2100 2210 13
2120 2191 2197 2210 mars
2218 2183 2294 2210 1264.

1389 2268 1426 2293 Ι)ι-
1451 2267 1632 2301 separatione
1657 2267 1880 2293 liumanatcusis
1907 2270 1932 2293 vi
1961 2268 2138 2294 ¹tuximanac
2163 2269 2365 2296 ecelesiarum.

1352 2316 1432 2347 (itm.
1447 2316 1491 2347 28,
1507 2316 1555 2342 l'ol.
1574 2317 1608 2343 3⁸
1623 2321 1660 2342 νο,
1676 2324 1744 2342 nnn.
1762 2316 1807 2342 ΙΙΙ,
1820 2322 1851 2341 ηο
1869 2317 1938 2344 127)

1392 2433 1407 2448 «
1426 2420 1476 2450 Ad
1491 2422 1678 2461 presentium
1692 2421 1831 2450 notitiam
1851 2426 1877 2450 et
1897 2426 2033 2450 eternam
2052 2417 2230 2450 memoriam
2247 2422 2368 2460 futuro-

1350 2485 1426 2505 rum.
1447 2475 1542 2505 Recti
1561 2476 1686 2504 statera
1699 2475 1818 2513 judicii
1837 2475 1914 2509 etc„
1935 2476 1969 2504 ut
1988 2475 2022 2504 in
2040 2475 2149 2513 prima
2169 2483 2277 2514 usque
2294 2476 2367 2506 exi·

1349 2528 1482 2558 mend0.
1504 2528 1554 2558 Ne
1570 2528 1672 2565 igitur
1691 2528 1812 2566 prefati
1833 2528 2012 2566 episcopus
2029 2530 2059 2558 et
2077 2528 2221 2558 ecclesia
2237 2528 2365 2559 Huma-

1348 2584 1518 2615 natenscs,
1539 2590 1596 2619 per
1627 2581 1686 2611 hoc
1715 2581 1802 2620 quod
1821 2581 1862 2611 ab
1879 2582 1971 2611 omni
1991 2590 2107 2611 eorum
2123 2582 2365 2620 jurisdictione

1347 2635 1561 2673 supradictos
1585 2635 1758 2665 civitatem
1782 2635 1958 2673 ipsiusque
1982 2634 2190 2665 habitatores
2209 2638 2241 2665 et
2262 2635 2365 2666 eccle—

1346 2687 1430 2717 siam
1460 2688 1699 2721 Auximanam,
1729 2689 1763 2717 ut
1793 2687 2013 2725 premittitur.
2043 2687 2205 2717 duximus
2228 2688 2365 2726 penitus

1345 2741 1554 2777 eximendos,
1575 2750 1610 2771 se
1628 2741 1761 2771 doleant
1782 2741 1814 2770 in
1834 2741 1905 2770 suis
1925 2740 2061 2779 juribus
2074 2741 2244 2771 sustinere
2257 2741 2363 2780 jactu-

1343 2803 1427 2830 ram,
1445 2794 1673 2833 episcopalem
1690 2794 1945 2833 juridictionem
1965 2802 2001 2823 ac.
2020 2794 2132 2823 onmia
2145 2793 2235 2831 jura,
2258 2794 2362 2833 spiri-

1342 2848 1447 2878 tualia
1468 2850 1498 2877 et
1518 2847 1729 2886 temporalia,
1754 2856 1818 2885 que
1843 2847 1943 2877 iidem
1970 2847 2151 2885 episcopus
2169 2849 2199 2877 et
2218 2847 2361 2878 ecclesia
