2547 3289
225 238 265 267 54
976 226 1228 257 REGISTRES
1252 224 1466 255 D’URBAIN
1489 224 1547 254 lV.

217 317 384 356 justitiam
396 316 426 345 et
438 314 618 344 violentam
630 311 785 350 injuriam
795 311 826 340 et
836 309 1032 348 injuriosam
1043 306 1235 337 violentiam

219 378 319 408 quam
329 368 405 398 dicti
419 367 538 397 Petrus
547 366 577 395 et
590 364 671 395 socii
684 363 782 394 nobis
791 364 821 393 et
831 362 955 401 prefate
967 360 1104 391 ecclesie
1113 359 1235 389 inferre

217 421 388 454 conantur,
400 419 532 458 plenius
544 419 575 447 et
588 417 750 455 liquidius
761 415 982 450 advertentes,
993 413 1084 451 ipsos
1094 413 1129 442 ut
1138 411 1235 444 nobis

217 474 321 503 totum
346 472 392 508 id,
408 471 495 510 quod
511 471 632 501 debent
649 469 756 500 eidem
780 468 929 503 ecclesie,
950 475 1026 497 cum
1049 465 1234 503 integritate

216 525 406 564 persolvant
417 525 447 554 et
457 524 623 563 predictas
636 522 811 552 restituant
820 519 1122 558 litteras,potestate
1138 517 1235 548 vobis

220 685 399 720 credimus
411 683 498 723 quod
510 683 579 722 pati
594 681 828 721 quoquomodo
838 679 962 714 velitis,
979 679 1109 709 utbona
1125 677 1233 716 ipsius

214 737 352 768 ecclesie
367 737 578 768 detineantur
590 735 884 773 aquibuscumque
897 733 1018 763 vestris
1035 730 1231 762 concivibus
1262 767 1263 775 ἵ

214 790 387 821 violenter.
407 790 550 828 Ideoque
574 788 826 818 universitatem
850 788 994 816 vestram
1017 784 1229 818 monendam,

217 843 398 881 rogandam
413 842 537 872 attente
556 841 715 871 duximus
728 841 758 870 et
769 838 967 869 hortandam
982 846 1040 876 per
1050 836 1232 876 apostolica

215 895 312 926 vobis
331 895 453 934 scripta
476 894 685 929 mandantes,
704 894 869 931 quatenus
892 891 1051 930 predictis
1075 889 1231 920 omnibus
1260 910 1262 931 3

215 948 355 988 provida
370 947 583 978 meditatione
606 946 767 986 pensatis,
782 945 933 975 habeatis
959 945 1108 974 nostram
1132 950 1231 982 super

214 1000 282 1031 hiis
312 1001 536 1031 innocentiam
563 1000 767 1033 excusatam,
791 999 823 1029 et
840 998 893 1028 vel
911 997 1076 1036 predictos
1093 996 1230 1026 Petrum

212 1054 316 1085 Scotti
329 1055 359 1084 et
373 1053 492 1087 socios,
502 1054 538 1083 ut
548 1053 587 1082 de
600 1053 667 1083 toto
679 1060 717 1082 eo
731 1052 765 1081 in
780 1059 845 1090 quo
858 1050 954 1081 nobis
970 1050 1061 1088 ipsos
1075 1048 1230 1087 apparuit

211 1107 319 1146 posita
343 1106 470 1136 ratione
494 1105 611 1139 teneri,
629 1106 659 1135 et
690 1105 729 1135 de
747 1112 813 1143 quo
841 1103 945 1134 nichil
961 1111 1099 1141 prorsus
1115 1102 1164 1132 eis
1179 1110 1228 1132 re-

214 1160 357 1193 mittere,
376 1168 435 1189 seu
446 1159 611 1188 dimittere
629 1158 799 1193 volumus,
817 1156 965 1196 plenarie
981 1155 1079 1185 nobis
1097 1156 1127 1185 et
1144 1155 1228 1185 dicte

213 1213 351 1244 ecclesie
364 1212 583 1247 satisfaciant,
602 1220 638 1241 ac
653 1211 818 1250 predictas
841 1209 1018 1240 restituant
1036 1208 1161 1238 litteras
1176 1216 1227 1238 co-

213 1266 319 1296 artare
332 1265 466 1301 curetis,
485 1265 537 1294 vel
552 1273 616 1294 non
634 1263 772 1293 moleste
788 1271 848 1293 nec
864 1262 1077 1301 indignanter
1099 1261 1226 1297 feratis,
1257 1279 1258 1286 1

212 1318 242 1348 si
258 1327 319 1348 nos
336 1318 408 1349 vias
430 1317 646 1348 inveniamus
663 1318 693 1346 et
708 1316 824 1346 modos
841 1314 1028 1354 quibusjus
1045 1323 1143 1344 suum
1157 1322 1226 1353 pre,

213 1371 299 1401 dicta
314 1371 455 1401 ecclesia
472 1379 538 1400 non
555 1370 693 1400 amittat.
714 1369 836 1398 Datum
859 1368 946 1407 apud
963 1366 1227 1397 Montemssasco-

215 1433 302 1458 nem,
320 1434 341 1453 11
360 1432 465 1454 nonas
478 1422 633 1457 octobris,
651 1430 737 1451 anno
756 1421 799 1450 ΙΙ.
819 1433 833 1448 »

611 1579 841 1611 Montetiascone,
858 1580 873 1604 5
889 1577 1053 1612 septembre
1074 1578 1150 1603 ¹262.

285 1584 354 1615 145

246 1667 358 1693 Decano
377 1665 515 1692 ecclesiae
536 1662 762 1690 Montissalconis
784 1662 905 1688 mandat
928 1663 1068 1696 quatenus
1089 1661 1224 1686 decernat

215 1716 278 1751 quis
300 1715 440 1750 primam,
460 1713 523 1748 quis
545 1712 701 1739 secundam
723 1714 748 1738 et
771 1711 834 1745 quis
856 1711 957 1738 deinde
981 1709 1174 1744 praebendam
1194 1709 1223 1736 111

209 1764 330 1791 ecclesia
353 1764 380 1791 b.
406 1762 510 1789 Mariae
536 1761 722 1795 Magdalenae
748 1759 938 1786 Virdunensis
961 1759 1074 1793 assequi
1110 1758 1223 1784 debeat.

212 1814 291 1848 (11110.
308 1813 353 1845 26,
371 1811 420 1838 fol.
437 1811 470 1837 49
487 1818 532 1844 v0;
549 1810 617 1836 anni
632 1810 665 1843 ΙΙ,
684 1817 717 1835 no
730 1809 769 1843 7.)

253 1915 293 1934 «..
303 1904 413 1934 decano
429 1902 548 1932 ecclesie
558 1901 810 1940 illontisfalconis,
828 1901 979 1930 Remensis
990 1900 1126 1930 diocesi&
1139 1901 1226 1932 Peti-

213 1957 257 1987 tio
269 1957 465 1987 dilectorum
476 1955 649 1985 filiorum..
658 1954 775 1984 decani
787 1955 817 1984 et
828 1954 965 1992 capituli
983 1953 1121 1984 ecclesie
1131 1953 1224 1984 beate

212 2009 316 2040 Marie
325 2009 520 2047 Magdalene
529 2007 753 2038 Virdunensis
762 2006 858 2036 nobis
870 2006 1017 2036 exhibita
1025 2006 1224 2042 continebat,

213 2061 301 2101 quod
317 2061 453 2100 quidam
479 2068 539 2099 per
555 2059 764 2093 monitorias,
783 2058 887 2096 aliqui
915 2066 975 2097 per
990 2058 1225 2097 preceptorias,

214 2113 366 2145 nonnulli
378 2121 436 2152 per
448 2112 657 2143 executorias
672 2112 798 2142 litteras
809 2111 898 2141 sedis
913 2111 1104 2150 apostolice,
1122 2111 1226 2150 aliqui

213 2167 313 2198 etiam
330 2167 421 2197 motu
430 2165 565 2205 proprio
579 2165 740 2195 dictorum
759 2164 875 2195 decani
890 2165 921 2194 et
930 2164 1066 2203 capituli
1082 2164 1226 2195 diversis

213 2219 422 2258 temporibus
439 2219 474 2249 in
492 2218 607 2249 eadem
620 2217 772 2253 ecclesia,
787 2217 890 2247 nullis
907 2217 1031 2247 ibidem
1047 2217 1225 2256 prebendis

214 2271 420 2307 vacantibus,
431 2271 466 2301 in
482 2271 599 2301 fratres
617 2270 648 2300 et
656 2269 832 2300 canonicos
845 2270 923 2299 sunt
939 2269 1226 2308 recepti3quorum

212 2325 317 2363 aliqui
340 2326 376 2354 ut
392 2333 460 2354 una
481 2324 661 2362 eademque
681 2322 849 2361 prebenda
872 2323 1061 2353 conseratur
1085 2323 1223 2359 eisdem,

213 2377 348 2408 diversa
363 2376 520 2407 mandata
535 2376 693 2415 predictis
707 2375 830 2406 decano
846 2377 877 2405 et
891 2375 1036 2414 capitulo
1049 2384 1067 2405 a
1083 2376 1226 2406 diversis

213 2439 328 2462 eorum
344 2429 579 2460 executoribus
595 2429 694 2467 dirigi
710 2428 836 2458 faciunt
853 2430 883 2459 et
899 2428 1078 2466 interdum,
1097 2430 1175 2467 quia
1190 2430 1225 2460 in

214 2483 405 2514 diversitate
423 2482 618 2521 hujusmodi
643 2481 834 2512 satisfacere
852 2483 1034 2520 nequeunt,
1057 2482 1224 2513 interdicti

213 2544 273 2566 seu
288 2535 520 2574 suspensionis
543 2535 597 2565 vel
623 2534 977 2565 excommunicationis
996 2534 1029 2564 in
1046 2535 1136 2573 ipsos
1152 2544 1224 2566 sen-

214 2588 334 2619 tentias
351 2587 568 2627 promulgari.
585 2587 694 2622 Quare
717 2586 779 2617 suit
808 2595 847 2617 ex
873 2588 964 2625 parte
989 2587 1152 2618 dictorum
1169 2588 1223 2618 de-

212 2641 287 2670 cani
308 2641 339 2671 et
362 2640 500 2679 capituli
518 2640 613 2670 nobis
634 2639 804 2670 humiliter
824 2640 1058 2678 supplicatum,
1075 2642 1111 2670 ut
1125 2649 1225 2680 super

213 2693 273 2724 hoc
281 2693 455 2733 providere
466 2693 603 2732 paterna
613 2692 836 2723 sollicitudine
849 2701 1052 2723 curaremus.
1063 2694 1224 2729 Quocirca

214 2746 423 2783 mandamus,
448 2747 625 2784 quatenus,
657 2746 784 2776 vocatis
809 2746 866 2784 qui
894 2746 1018 2776 fuerint
1041 2747 1221 2783 evocandi,

213 2799 337 2829 faciens
354 2799 413 2829 tibi
427 2807 542 2829 omnes
557 2799 684 2829 litteras
698 2798 840 2829 directas
858 2807 959 2838 super
969 2799 1160 2838 provisione
1175 2808 1224 2830 re-

213 2853 383 2890 ceptorum
401 2851 593 2889 hujusmodi
612 2851 773 2886 exhiberi,
790 2852 977 2882 detentores
994 2860 1108 2882 eorum
1125 2852 1165 2883 ad
1177 2853 1221 2889 id,

212 2904 242 2934 si
253 2911 387 2934 necesse
405 2904 513 2942 suerit,
533 2912 591 2942 per
606 2912 782 2934 censuram
800 2904 1223 2944 ecclesiasticam,appella-

1298 305 1387 336 tione
1398 304 1843 344 postposita,compellendo,
1862 303 2032 343 prehabita
2048 304 2200 343 diligenti
2217 307 2248 336 et
2264 306 2311 336 le-

1266 359 1268 367 '
1298 359 1413 397 gitima
1429 358 1820 392 discussione,decernas
1837 357 1912 396 quis
1928 366 2040 388 eorum
2056 357 2210 396 primam,
2227 358 2306 396 quis

1298 411 1479 441 secundam
1498 412 1529 441 et
1544 410 1620 449 quis
1635 410 1755 440 deinde
1766 410 1968 449 prebendam
1984 410 2019 440 in
2028 411 2155 449 prefata
2166 410 2308 440 ecclesia

1266 476 1267 482 ¹
1297 464 1337 494 de
1351 464 1426 502 jure
1445 463 1563 494 debeat
1585 463 1746 493 obtinere.
1764 464 1814 493 Ita
1835 464 1946 493 tamen
1967 464 2055 502 quod
2074 463 2219 502 prefatas
2230 471 2308 493 sen-

1297 517 1417 547 tentias
1429 517 1464 547 in
1480 517 1615 547 eosdem
1628 518 1791 548 decanum
1799 518 1831 547 et
1845 517 2027 556 capitulum
2043 517 2153 548 taliter
2164 516 2309 555 promul-

215 578 335 609 tradita
348 577 579 616 compellatis;
600 576 770 615 quoniam,
789 574 851 605 etsi
866 572 1060 604 adversario
1084 571 1234 610 ejusdem
1263 578 1265 615 j
1297 570 1402 608 gatas,
1424 570 1616 600 auctoritate
1634 571 1747 600 nostra
1762 579 1820 609 per
1835 571 1865 600 te
1880 570 1932 600 vel
1945 579 2003 609 per
2012 570 2117 600 alium
2131 571 2226 609 juxta
2241 570 2308 600 for-

218 631 356 662 ecclesie
374 631 536 661 duxeritis
555 629 794 663 adherendum,
816 636 881 658 non
896 628 1010 656 tamen
1022 626 1156 664 propter
1173 624 1234 654 hoc
1263 624 1265 643 ⁵

1296 631 1386 652 mam
1403 623 1540 653 ecclesie
1552 623 1708 662 primitus
1723 623 1872 653 relaxare
1893 631 2063 662 procures,
2083 623 2308 662 dispensando

1296 685 1372 706 cum
1395 676 1444 706 eis
1462 685 1562 715 super
1586 676 1827 715 irregularitate
1855 676 1884 705 si
1907 685 2008 715 quam
2030 676 2095 715 ipsi
2111 676 2308 706 celebrando

1295 729 1411 758 divina
1425 729 1536 759 officia
1551 738 1609 759 seu
1636 729 1854 759 immiscendo
1877 737 1911 759 se
1930 729 1998 758 illis
2020 729 2139 759 exinde
2168 729 2308 759 forsitan

1295 784 1540 817 contraxerunt,
1560 783 1706 822 injuncto
1722 783 1771 813 eis
1783 782 1845 812 sub
1862 782 1973 812 debito
1989 782 2309 821 prestitijuramenti

1293 836 1381 874 quod
1398 836 1537 874 receptis
1554 836 1638 874 ipsis
1647 835 1850 874 prebendam
1862 836 1957 874 juxta
1974 835 2140 865 decretum
2154 835 2241 874 quod
2254 844 2308 866 su-

1293 897 1352 927 per
1368 888 1428 918 hoc
1443 889 1556 923 facies,
1575 889 1745 927 assignare
1763 889 1952 927 procurent.
1971 888 2042 918 Nos
2063 888 2152 918 enim
2177 889 2308 919 senten-

1291 942 1356 971 tias
1365 941 1558 981 hujusmodi
1567 942 1596 972 si
1606 950 1689 980 quas
1703 942 1736 972 in
1748 942 1850 980 ipsos,
1864 941 2000 980 prefatis
2011 941 2306 980 receptis,preben·

1291 995 1363 1030 das,
1384 996 1421 1025 ut
1436 995 1639 1034 premissum
1659 997 1719 1029 est,
1740 995 1911 1033 assignare
1935 996 2068 1034 paratos
2084 994 2308 1024 communiter

1291 1048 1345 1078 vel
1358 1048 1495 1077 divisim
1504 1057 1562 1087 per
1574 1048 1707 1079 eosdem
1719 1049 1909 1078 executores
1924 1047 2096 1077 occasione
2112 1047 2307 1086 hujusmodi

1290 1101 1330 1131 de
1340 1102 1446 1131 cetero
1460 1101 1860 1140 promulgaricontigerit,
1876 1101 2087 1131 decernimus
2104 1109 2169 1130 non
2179 1101 2303 1130 tenere.

1290 1153 1414 1184 Datum
1451 1154 1540 1192 apud
1581 1154 1920 1188 Montemtlasconem,
1962 1154 2060 1184 nonis
2093 1153 2304 1192 septembris,

1258 1218 1259 1221 ¹
1290 1215 1377 1236 anno
1394 1206 1434 1236 ΙΙ.
1454 1219 1468 1234 »

1829 1358 1953 1391 Orvieto,
1970 1359 2003 1383 ‘25
2017 1359 2130 1385 octobre
2152 1359 2227 1386 ¹262.

1359 1362 1431 1393 14ss

1324 1430 1459 1464 Magistro
1477 1429 1603 1460 Alberto,
1621 1429 1733 1455 notario
1754 1437 1814 1461 5110,
1833 1428 1974 1462 quaedam
1986 1436 2070 1462 super
2088 1428 2202 1463 negotio
2221 1429 2303 1463 regni

1288 1479 1401 1505 Siciliae
1418 1477 1590 1505 committit.
1606 1478 1687 1511 (ltro.
1705 1479 1750 1510 ⁵26,
1767 1476 1816 1504 sol.
1833 1477 1867 1502 49
1881 1483 1926 1510 v0;
1943 1477 2010 1503 anni
2027 1476 2063 1510 11,
2080 1484 2114 1503 no
2131 1477 2188 1510 8.)¹

1329 1573 1343 1588 «
1361 1560 1508 1600 Magistro
1540 1560 1666 1589 ‚ilberto
1685 1559 1802 1589 notario
1823 1564 1936 1589 nostro.
1955 1559 2126 1597 scripsisti
2143 1559 2241 1590 nohis
2255 1560 2303 1589 to-

1287 1615 1357 1644 tum
1374 1622 1568 1653 processum
1584 1615 1678 1643 tuum
1694 1613 1846 1643 habitum
1864 1621 1965 1652 super
1987 1612 2118 1651 negotio
2142 1613 2234 1652 regni
2251 1612 2289 1643 Si

1287 1667 1362 1697 cilie
1386 1675 1462 1696 cum
1487 1666 1661 1697 carissimo
1684 1667 1719 1696 in
1743 1666 1875 1696 Christo
1894 1665 1963 1696 tilio
1990 1667 2103 1695 nostro
2120 1665 2302 1701 Ludovico,

1291 1720 1418 1750 illustri
1427 1728 1502 1758 rege
1514 1720 1732 1755 Francorum,
1744 1727 1871 1749 necnon
1884 1720 1913 1749 et
1924 1718 2190 1758 responsionem,
2203 1726 2304 1757 quam

1286 1774 1393 1803 dictus
1416 1782 1475 1803 rex
1494 1773 1555 1803 tibi
1577 1773 1672 1802 (luxit
1699 1781 1799 1812 super
1820 1772 1937 1803 eodem
1955 1772 2086 1810 negotio
2102 1771 2303 1808 faciendam,

1287 1827 1318 1857 et
1331 1826 1366 1856 in
1375 1826 1442 1856 tuis
1457 1826 1578 1856 litteris
1594 1825 1743 1864 adjecisti
1758 1825 1901 1864 qualiter
1917 1826 1948 1855 te
1965 1825 2000 1854 in
2012 1825 2127 1855 itinere
2144 1825 2302 1855 constitu-

1286 1880 1356 1910 tum
1372 1879 1472 1909 eundi
1485 1879 1526 1909 ad
1541 1879 1699 1909 dilectum
1714 1878 1822 1908 filium
1838 1879 2000 1913 nostrum,
2019 1878 2165 1908 nobilem
2179 1878 2301 1913 virum,

1287 1932 1660 1970 Ca1·olum,Andegavie
1671 1940 1707 1961 ac
1716 1931 1894 1961 Provincie
1905 1931 2070 1966 comitem,
2079 1939 2140 1969 pro
2148 1930 2301 1961 habendo

1287 1993 1363 2014 cum
1377 1993 1414 2014 eo
1431 1993 1531 2022 super
1546 1985 1677 2022 negotio
1694 1984 1842 2022 predicto
1865 1985 2053 2018 tractatum,
2075 1984 2163 2013 idem
2187 1992 2245 2014 rex
2260 1983 2302 2014 ad

1288 2046 1383 2067 suam
1398 2037 1601 2075 presentiam
1620 2045 1679 2075 per
1697 2037 1805 2075 regias
1826 2037 1952 2066 litteras
1973 2036 2153 2072 revocavit,
2174 2036 2301 2075 tibique

1287 2091 1411 2120 secrete
1427 2090 1521 2125 dixit,
1542 2090 1642 2128 quod,
1658 2098 1733 2119 cum
1751 2090 1822 2128 ipse
1845 2090 1918 2128 post
1935 2089 2186 2128 responsionem
2201 2096 2302 2127 quam

1287 2143 1347 2173 tibi
1366 2151 1465 2182 super
1481 2143 1553 2181 ipso
1568 2142 1698 2181 negotio
1713 2142 1844 2177 fecerat,
1862 2143 2023 2180 quasdam
2033 2151 2051 2172 a
2066 2141 2161 2172 nobis
2172 2150 2231 2180 per
2246 2148 2302 2171 no—

1287 2196 1389 2226 bilem
1403 2195 1512 2225 virum
1523 2195 1710 2225 Johannem
1723 2195 1762 2225 de
1772 2195 2015 2225 Valencensem
2032 2194 2206 2225 dominum
2218 2193 2301 2232 Cay-

1288 2249 1363 2287 phe,
1386 2248 1513 2279 litteras
1530 2248 1719 2287 recepisset,
1739 2257 1950 2287 nequaquam
1969 2248 1998 2277 ei
2016 2247 2191 2277 videbatur
2204 2255 2301 2286 expe-

1287 2301 1383 2331 diens
1400 2303 1434 2331 ut
1451 2301 1485 2331 in
1501 2301 1631 2339 negotio
1645 2301 1717 2340 ipso
1731 2310 1807 2331 cum
1825 2301 1938 2340 aliquo
1951 2301 2016 2330 alio
2035 2300 2174 2330 deberes
2192 2308 2300 2338 proce-

1287 2355 1364 2385 dere
1380 2354 1562 2394 nisiprimo
1576 2354 1700 2385 anobis
1715 2363 1799 2393 quos
1814 2363 1914 2393 super
1928 2354 2129 2393 quibusdam
2145 2362 2208 2392 que
2226 2362 2301 2383 nos-

1287 2408 1334 2437 tre
1356 2408 1463 2437 littere
1488 2407 1714 2444 continebant,
1730 2417 1789 2446 per
1810 2408 1982 2446 proprium
2000 2407 2154 2437 nuntium
2170 2406 2302 2436 volebat

1287 2461 1471 2496 consulere,
1484 2461 1656 2500 responsio
1668 2461 1869 2500 proveniret;
1884 2462 2113 2491 verumtamen
2128 2458 2301 2490 noluittibi

1286 2515 1393 2553 quein
1406 2514 1596 2553 hujusmodi
1607 2514 1858 2552 nosti-islitteris
1868 2512 2299 2547 contiuebantur,revelare.

1287 2567 1497 2606 Subjunxisti
1513 2567 1662 2606 insuper,
1684 2567 1771 2605 quod
1788 2569 1823 2596 tu
1839 2576 1880 2597 ex
1898 2567 1964 2597 hiis
1980 2575 2043 2605 que
2060 2566 2147 2596 idem
2166 2574 2223 2596 rex
2238 2565 2299 2596 tibi

1285 2621 1325 2651 de
1338 2629 1425 2651 novo
1441 2620 1580 2657 dixerat,
1594 2620 1806 2651 vehementer
1821 2620 1992 2650 admirans
2009 2622 2041 2650 et
2059 2619 2141 2658 quid
2154 2618 2218 2649 sibi
2232 2618 2299 2649 vel-

1286 2674 1353 2703 lent
1369 2673 1470 2703 vcrba
1484 2673 1561 2703 talia
1577 2673 1742 2712 frequenti
1757 2673 1970 2703 meditatione
1986 2672 2174 2708 revolvens,
2187 2679 2299 2702 coram

1317 2782 1338 2806 1.
1356 2782 1441 2813 Super
1453 2783 1554 2814 negotio
1569 2782 1642 2812 requi
1654 2781 1743 2805 Sicilie
1756 2782 1817 2805 Item
1835 2781 1867 2805 <le
1892 2782 1979 2805 eodem
1999 2781 2110 2805 habetur
2132 2781 2203 2811 inst-a
2228 2779 2299 2810 capi—

1285 2826 1341 2850 tulo
1357 2826 1481 2850 CXXXII.
1498 2827 1562 2850 Item
1579 2826 1698 2857 capitulo
1717 2826 1854 2850 CXXXIII.
1872 2826 1933 2849 Item
1955 2825 2072 2856 capitulo
2090 2823 2213 2849 XXXXV.
2233 2823 2295 2847 Item

1285 2870 1404 2901 capitulo
1418 2870 1502 2894 CLIX.
1517 2871 1580 2894 Item
1597 2870 1714 2901 capitulo
1731 2870 1811 2894 CLIX.
1828 2870 1890 2894 Item
1913 2869 2030 2900 capitulo
2047 2868 2128 2893 CLXI.
2145 2868 2208 2899 [Ces
2224 2869 2295 2892 111015

1287 2921 1315 2938 50
1327 2915 1457 2938 trouvent
1474 2921 1507 2939 en
1522 2921 1615 2944 mai-ge
1631 2913 1667 2938 du
1682 2914 1818 2945 registi-ej.
