2547 3289
1047 222 1288 261 TROISIEME
1310 223 1472 260 ANNEE.

217 316 400 355 jutorium,
434 316 542 354 posito
571 324 645 345 cum
674 315 791 353 Moyse
821 315 932 353 gladio
962 323 1064 352 supra
1103 314 1229 350 femur,

222 371 378 408 potenter
395 370 426 410 et
447 369 591 399 viriliter
610 370 825 407 exurgentes,
843 368 883 397 ad
902 367 1137 397 conterendam
1160 367 1232 396 illo-

222 431 297 452 rum
324 422 553 457 insolentiam,
578 421 705 460 absque
727 421 896 457 tarditate,
920 420 1114 459 procedant,
1137 420 1231 450 sedu-

223 475 267 505 lis
287 475 426 504 monitis
443 476 473 504 et
492 474 657 504 studiosis
672 473 925 504 inductionibus
940 473 1141 503 exhorteris.
1161 473 1231 503 Nos

224 529 327 564 enim,
348 528 388 558 de
406 528 647 566 omnipotentis
667 527 729 557 Dei
748 527 983 556 misericordia
1002 528 1033 556 et
1056 526 1231 556 beatorum

224 581 317 611 Petri
330 583 362 610 et
373 581 483 614 Pauli,
493 580 725 619 apostolorum
738 580 822 618 ejus,
832 579 1031 609 auctoritate
1047 579 1177 614 contisi,
1190 587 1231 608 ex

223 633 282 663 illa
296 642 398 672 quam
411 633 520 667 nobis,
539 633 616 662 licet
635 633 794 671 indignis,
808 633 899 662 Deus
912 632 1039 671 ligandi
1055 636 1153 671 atquc
1168 632 1232 661 sol-

225 687 322 716 vendi
334 686 477 716 contulit
493 687 670 724 potestate,
681 685 839 715 omnibus
854 685 923 724 qui,
936 687 1111 723 assumpto
1122 685 1232 715 crucis

222 739 409 778 signaculo,
429 739 592 768 adversus
610 738 835 772 Mansredum,
854 738 992 768 Petrum
1005 738 1045 768 de
1061 738 1155 774 Vico,
1173 738 1232 767 sti—

223 792 419 830 pendiarios
435 791 606 829 predictos
622 799 805 828 eorumque
825 790 974 820 fautores
989 791 1020 820 et
1037 790 1230 828 complices,

222 853 260 874 ac
276 843 446 883 quoslibet
462 844 547 873 alios
566 844 653 873 dicte
671 842 904 872 inobedientes
923 843 955 872 et
972 842 1116 872 rebelles
1132 842 1234 872 eccle-

221 957 283 979 nos
302 949 395 987 ipsos
414 948 614 978 duxerimus
635 948 842 986 dirigendosy
864 949 895 977 et
923 956 982 985 per
1008 948 1078 978 tres
1099 956 1233 977 menses

2242 233 2301 261 377

1261 352 1262 355 Ἰ
1294 314 1408 343 decem
1428 314 1536 344 millia
1557 314 1767 344 marcharum
1786 315 1919 353 exigere
1943 318 2149 352 procuraret,
2171 317 2301 344 contra-

1294 367 1438 397 dictores
1464 369 1525 397 cte.
1554 368 1638 397 Sane
1664 368 1800 406 quidam
1830 377 1870 397 ex
1897 366 2108 396 debitoribus
2134 367 2218 405 ipsis
2248 376 2302 405 pc-

1293 420 1409 449 cunias
1435 420 1466 449 in
1489 420 1612 458 quibus
1636 421 1798 458 predictis
1824 419 2023 450 tenebantur
2049 419 2191 455 civibus,
2212 420 2301 449 dicto

1294 473 1451 511 scriptori
1476 474 1681 511 persolvisse
1701 474 1870 503 dicuntur.
1892 474 2029 508 Verum,
2059 473 2145 502 sicut
2174 473 2304 510 accepi-

1294 535 1380 562 mus,
1406 526 1575 555 debitores
1600 526 1662 564 ipsi
1684 526 1838 556 dubitant
1862 535 1901 556 ne
1921 535 1980 564 pro
2002 536 2039 555 co
2065 526 2150 564 quod
2179 526 2303 555 instru-

1293 581 1405 609 menta
1433 580 1580 609 confecta
1601 588 1702 617 super
1723 579 1917 615 hujusmsuli
1936 578 2059 608 debitis
2086 588 2188 617 penes
2211 579 2302 608 cives

1293 635 1525 661 remanserunt
1545 633 1692 665 eosdem,
1713 633 1843 670 possint
1866 641 1966 670 supcr
1984 632 2175 668 hujusmodi
2205 640 2303 670 pecu-

1294 685 1425 714 niarum
1439 686 1582 714 summis
1598 686 1794 723 quas-,juxta
1811 685 2004 715 mandatum
2016 687 2182 720 nostrum,
2197 685 2303 723 scrip-

1292 739 1355 767 tori
1377 738 1609 776 persolverunt
1628 739 1748 774 cidem,
1764 748 1781 767 a
1801 738 1961 776 predictis
1974 738 2105 767 civibus
2116 738 2300 773 conveniri,

1294 793 1323 820 et
1342 791 1544 829 compelliut
1558 791 1971 829 dictiscivibuspccnuias
1986 791 2077 829 ipsas
2095 791 2300 829 persolvant.

1263 866 1265 881 2,
1294 844 1364 873 Nos
1391 844 1514 882 itaque.
1537 844 1688 874 volentes
1715 853 1815 881 super
1833 844 1892 873 lmc
1912 852 2095 881 congruum
2114 844 2302 873 remedium

221 897 282 931 sie,
306 897 509 927 constitutos
527 897 561 925 111
576 896 678 926 terris
695 895 858 933 ejusdem,
874 895 1114 933 processerint,
1135 897 1234 933 prout
1264 909 1265 918 1

221 1002 412 1036 continuos,
441 1011 459 1031 a
476 1002 530 1031 die
549 1010 614 1039 quo
631 1003 740 1031 terras
759 1003 849 1039 ipsas
866 1000 1078 1036 intraverint,
1100 1009 1234 1039 compu-
1264 1006 1265 1013 ¹

222 1055 355 1089 tandos,
377 1054 410 1084 in
437 1054 600 1093 predictis
619 1054 721 1084 terris
738 1062 866 1083 moram
885 1053 1063 1089 traxerint,
1083 1054 1169 1084 dicte
1186 1062 1235 1083 ec-

225 1108 328 1138 clesie
354 1108 589 1146 prosequendo
619 1107 790 1145 negotium
816 1108 931 1136 contra
963 1106 1054 1141 illos,
1082 1114 1143 1136 nec
1169 1115 1235 1136 non

224 1160 383 1191 omnibus
402 1161 459 1199 qui
477 1161 640 1190 adversus
658 1168 715 1190 eos
734 1159 885 1198 ydoneos
901 1159 1146 1189 destinaverint
1168 1159 1235 1190 bel-

221 1214 359 1248 latores,
383 1213 416 1243 in
440 1214 677 1252 prosecutione
701 1213 781 1243 dicti
805 1213 931 1252 negotii
957 1221 1017 1252 per
1039 1213 1235 1251 hujusmodi

222 1267 387 1305 temporis
404 1267 552 1305 spatium
571 1266 731 1296 similiter
752 1268 956 1303 moraturos,
979 1266 1075 1296 illan]
1095 1275 1235 1296 suorum

222 1320 469 1359 peccaminum,
491 1320 530 1350 de
550 1319 674 1358 quibus
691 1319 789 1349 corde
808 1319 942 1350 contriti
961 1322 991 1349 et
1011 1328 1066 1349 ore
1088 1319 1236 1350 confessi

224 1373 362 1407 fuerint,
380 1373 514 1403 veniam
538 1372 766 1411 indulgemus,
792 1372 953 1411 ipsosque
975 1372 1033 1402 illo
1056 1372 1236 1411 privilegio

224 1435 330 1465 eaque
346 1426 504 1456 volumus
520 1425 734 1456 immunitate
751 1425 907 1464 gaudere,
923 1434 986 1464 que
997 1426 1099 1456 Terre
1116 1426 1236 1457 Sancte

223 1478 507 1520 subvenientibus
540 1479 574 1508 in
605 1479 755 1517 generali
783 1479 926 1509 concilio
959 1480 1036 1509 sunt
1062 1487 1234 1510 concessa.

223 1533 349 1562 Datum
387 1532 477 1571 apud
492 1524 496 1526 ⁷
512 1531 800 1568 Urbemveterem,
834 1541 866 1561 vi
903 1532 1067 1562 kalendas
1101 1532 1235 1571 aprilis,

224 1594 311 1616 anno
331 1586 393 1615 111ο
418 1595 433 1614 »

316 1770 388 1800 779

792 1768 917 1799 Orvieto,
937 1769 968 1796 15
987 1777 1064 1796 mars
1088 1770 1164 1796 1204.

259 1855 297 1880 Dc
312 1853 503 1881 arrestatione
516 1854 657 1880 bonorum
666 1854 702 1880 ad
713 1853 788 1880 cives
802 1854 952 1887 Senenses,
963 1855 1082 1882 ecclesie
1093 1856 1237 1883 Romanae

223 1902 331 1930 hostes.
354 1903 557 1937 spectantium.
577 1903 655 1937 (Res.
669 1903 714 1934 28,
734 1902 783 1930 fol.
802 1903 836 1930 08
851 1910 888 1933 νῦ,
906 1912 966 1930 cur.
982 1912 1049 1931 ann.
1068 1905 1115 1935 ΙΙΙ,
1133 1910 1165 1931 n0
1182 1905 1238 1940 03.)

265 2018 279 2037 (1
302 2032 307 2037 .
327 2031 332 2036 .
350 2007 531 2044 Parisiensi,
550 2013 576 2038 et
597 2031 604 2037 .
626 2033 631 2038 .
650 2008 868 2038 Aurelianensi
889 2009 1048 2049 episcopis.
1072 2010 1238 2049 Exigente

225 2061 368 2100 perfidia
389 2061 515 2091 civium
541 2061 743 2092 Senensium
776 2062 834 2101 qui
863 2062 1034 2093 civitatem
1054 2064 1239 2095 Senensem

224 2115 285 2145 hoc
299 2116 451 2153 tempore
470 2114 630 2151 detinent,
648 2124 708 2154 pro
726 2124 763 2145 eo
782 2124 859 2154 quo,
878 2116 1045 2154 profundo
1070 2118 1239 2148 malorum

225 2167 392 2203 immersi,
419 2168 500 2198 dum
521 2168 685 2207 eligentes
707 2169 819 2207 perire
843 2169 957 2208 potius
984 2178 1085 2208 quam
1106 2179 1236 2209 parere,

225 2221 268 2251 ad
285 2220 425 2250 ecclesie
442 2221 601 2251 mandata
620 2221 730 2252 redire
749 2222 1001 2261 contempnunt,
1023 2223 1120 2254 sedes
1144 2233 1239 2263 apos-

225 2273 327 2303 tolica
343 2282 482 2304 manum
502 2283 599 2304 suam
619 2283 788 2313 apponere
806 2275 936 2305 studuit
961 2278 1075 2306 contra
1101 2285 1170 2308 eos.
1199 2278 1239 2308 Et

227 2326 307 2365 quia
328 2327 516 2357 caritativis
539 2327 678 2357 monitis
704 2329 735 2357 et
761 2328 893 2366 asperis
918 2329 1239 2362 comminationibus

226 2379 373 2413 invitati,
398 2379 509 2409 redire
536 2379 577 2409 ad
603 2380 713 2418 ipsius
738 2380 879 2411 ecclesie
905 2382 1072 2420 gremium
1094 2391 1160 2413 non
1185 2393 1240 2414 cu-

226 2434 355 2467 rarunt,
382 2432 548 2470 speciales
570 2433 707 2471 propter
729 2432 789 2462 hoc
809 2433 895 2463 latas
917 2434 951 2463 in
972 2443 1029 2464 eos
1054 2437 1239 2467 sententias

227 2485 509 2524 contempnendo,
536 2494 597 2515 nos
621 2485 708 2515 bona
728 2485 895 2516 dictorum
919 2487 1045 2517 civium
1072 2497 1179 2527 usque
1199 2491 1240 2520 ad

227 2547 396 2568 summam
416 2538 531 2568 decem
548 2538 682 2568 millum
697 2539 910 2569 marcharum
928 2540 1182 2579 sterlingorum,
1200 2543 1240 2573 de

227 2592 371 2622 fratrum
400 2593 594 2621 nostrorum
619 2591 762 2621 consilio
785 2593 1034 2623 sententialiter
1057 2594 1241 2632 publicavi-

228 2653 315 2679 mus,
327 2644 563 2674 distribuenda
576 2645 605 2673 et
617 2643 988 2681 exhibenda,tradenda
996 2648 1027 2676 et
1037 2647 1241 2686 assignanda

226 2699 324 2738 Juxta
350 2699 465 2728 nostre
493 2697 743 2736 beneplacitum
771 2697 974 2734 voluntatis,
1002 2699 1150 2738 injuncto
1183 2710 1241 2740 per

227 2752 362 2781 nostras
380 2750 513 2780 litteras
529 2749 651 2780 dilecto
668 2750 738 2779 filio
755 2750 919 2789 magistro
934 2751 1064 2786 Miloni,
1082 2753 1241 2792 scriptori

228 2805 261 2834 et
283 2803 402 2834 nuntio
437 2804 552 2833 nostro
578 2803 612 2832 111
639 2803 780 2833 Francie
807 2805 839 2833 et
861 2804 982 2843 Anglie
1010 2806 1135 2844 regnis,
1159 2809 1194 2837 ut
1223 2817 1241 2838 a

229 2856 355 2886 civium
375 2856 528 2895 ipsorum
545 2855 756 2886 debitoribus
771 2856 912 2886 Francie
931 2859 962 2887 et
979 2858 1101 2897 Anglie
1118 2860 1149 2889 et
1164 2860 1241 2890 Ala-

230 2909 364 2939 mannie
378 2909 431 2939 vel
445 2908 756 2947 circumjacentium
773 2909 1025 2947 provinciarum
1044 2910 1239 2950 huJusmodi
1270 2911 1271 2922 ¹

356 2976 494 3003 URBAIN
517 2975 570 3005 lv,
591 2978 613 3002 t.
635 2974 674 3006 ΙΙ,
698 2976 762 3008 Rey.
783 2975 843 3002 ord.

1295 896 1464 931 adhibere,
1485 897 1689 926 fraternitati
1708 899 1817 926 vestre
1835 897 2036 926 mandamus
2054 897 2214 934 quatinus
2233 904 2305 934 prc-

1294 949 1402 978 dictos
1424 949 1594 979 debitores
1615 958 1715 988 super
1736 949 1955 987 pecuniarum
1975 949 2130 981 summis.
2151 958 2234 987 quas
2252 958 2305 979 oc-

1295 1002 1428 1031 casione
1443 1002 1637 1040 hujusmodi
1652 1003 1802 1040 predicto
1817 1002 1973 1040 scriptori
1988 1002 2157 1031 solverunt
2174 1002 2224 1031 vel
2241 1003 2306 1032 sol-

1265 1088 1266 1091 *
1295 1056 1373 1084 vent
1399 1055 1432 1084 111
1456 1057 1640 1093 posterum,
1666 1057 1720 1084 aut
1740 1057 1895 1093 pretextu
1913 1055 2130 1093 pecuniarum
2154 1054 2306 1092 ipsarum

1265 1121 1267 1129 0
1296 1116 1408 1137 coram
1439 1107 1710 1146 quibuscumque
1735 1107 1909 1146 judicibus
1934 1107 2098 1146 delegatis
2123 1107 2163 1136 ab
2189 1108 2306 1137 cadem

1297 1161 1386 1195 sede,
1406 1161 1476 1190 sive
1495 1161 1678 1190 ordinariis
1697 1169 1756 1191 seu
1774 1160 1997 1193 secularibus,
2017 1169 2082 1190 11011
2103 1161 2308 1198 permittatis

1296 1214 1467 1243 conveniri
1485 1213 1537 1243 vel
1557 1214 1658 1243 etiam
1680 1213 1866 1243 molestari.
1886 1214 2158 1243 Cout1·adict‹:›res
2183 1215 2213 1242 et
2238 1222 2308 1243 mo-

1296 1267 1474 1297 lestatores
1488 1266 1684 1305 hujusmodi
1698 1275 1756 1304 per
1771 1275 1947 1296 censuram
1965 1266 2241 1301 ecclesiasticam,
2253 1275 2308 1304 ap-

1296 1319 1477 1358 pellatione
1496 1320 1697 1358 postposita,
1718 1319 1972 1358 compescendo.
1991 1320 2066 1349 Non
2088 1319 2242 1349 obstante
2255 1336 2307 1349 -.

1296 1373 1421 1403 Datum
1437 1373 1524 1412 apud
1546 1372 1834 1408 Urbemveterem,
1853 1373 1930 1402 idus
1950 1372 2076 1406 martii,
2096 1381 2182 1402 anno
2202 1372 2273 1401 1110.
2292 1381 2308 1401 1)

1387 1532 1459 1562 780

1868 1530 1992 1561 Orvieto,
2007 1532 2040 1556 211
2061 1538 2138 1556 mars
2157 1529 2233 1556 1254.

1333 1607 1469 1641 Magistro
1486 1606 1581 1633 Miloni
1599 1607 1717 1633 mandat
1732 1608 1760 1632 111
1775 1607 1809 1632 ad
1827 1605 2014 1640 apostolicam
2033 1605 2223 1640 praesentiam
2240 1605 2310 1632 citet

1297 1655 1561 1682 excommunicatos
1582 1664 1597 1681 a
1617 1664 1657 1686 se,
1676 1655 1724 1689 qui
1742 1663 1793 1689 per
1808 1663 1897 1681 unum
1916 1662 2044 1681 mensem
2062 1654 2225 1689 hujusmodi
2245 1662 2310 1680 sen-

1297 1704 1418 1731 tentiam
1437 1705 1568 1731 indurato
1584 1704 1771 1730 sustinuerint
1793 1703 1902 1730 animo.
1921 1704 2000 1738 iiiito.
2018 1706 2062 1734 ΖΝ,
2081 1703 2129 1729 t'ol.
2146 1706 2192 1736 Ut),
2207 1703 2309 1729 curial.

1297 1761 1364 1779 aun.
1383 1753 1429 1779 111.
1447 1760 1477 1779 n⁰
1489 1754 1547 1781 (56.1

1339 1864 1353 1882 1(
1373 1853 1523 1892 Magistro
1542 1852 1660 1889 Miloni,
1681 1852 1829 1892 scriptori
1843 1856 1870 1881 el
1890 1853 1995 1881 nuntio
2012 1858 2114 1882 nostro
2135 1853 2162 1881 in
2181 1852 2311 1882 francie

1298 1913 1325 1936 ee
1344 1906 1457 1945 Anylie
1474 1906 1588 1946 rcynis.
1610 1907 1773 1945 Exigente
1794 1905 1936 1944 perfidia
1954 1906 2078 1935 civium
2096 1906 2311 1943 Seneusium‚

1299 1962 1374 1995 etc„
1390 1962 1426 1990 ut
1445 1960 1479 1989 in
1496 1959 1665 1998 superiori
1680 1959 1848 1997 proxima,
1868 1967 1975 1997 usque
1991 1959 2125 1997 exigere
2141 1967 2207 1989 non
2222 1961 2313 1997 post-

1299 2022 1416 2052 ponas.
1437 2013 1721 2048 Contradictores,
1743 2015 1804 2042 etc.
1823 2012 1921 2049 Sane,
1944 2012 2027 2042 sicut
2050 2013 2253 2051 accepimns,
2274 2015 2312 2043 tu

1299 2067 1333 2096 in
1352 2066 1572 2105 quamplures
1589 2074 1630 2095 ex
1654 2065 1864 2095 debitoribus
1883 2065 1979 2104 ipsis,
2002 2066 2178 2095 occasione
2196 2066 2312 2104 hujus⁴

1299 2119 1401 2156 modi,
1413 2119 1775 2150 excommunicationis
1789 2119 1985 2148 sententias.
1997 2119 2153 2157 exigente
2163 2119 2310 2157 justitia,

1299 2173 1536 2212 promulgasti,
1562 2180 1647 2211 quas
1666 2172 1731 2210 ipsi
1752 2171 2014 2210 dampnabiliter
2033 2174 2311 2210 c‹;›ntempnentes

1299 2226 1409 2256 redire
1433 2234 1499 2256 non
1523 2227 1639 2255 curant
1663 2225 1703 2254 ad
1726 2225 1867 2255 ecclesie
1891 2226 2066 2255 unitatem.
2094 2226 2164 2255 Nos
2184 2226 2308 2264 itaque,

1299 2279 1451 2309 volentes
1468 2280 1505 2308 ut
1523 2278 1609 2308 tales
1629 2278 1668 2307 de
1688 2286 1749 2307 suo
1768 2278 1961 2316 contemptu
1979 2286 2099 2315 penam
2120 2286 2155 2307 se
2176 2278 2311 2308 doleant

1300 2333 1502 2370 reportasse,
1521 2331 1646 2361 citandi
1664 2339 1723 2369 per
1741 2332 1772 2360 te
1793 2330 1845 2360 vel
1865 2339 1922 2368 per
1940 2330 2043 2359 alium
2065 2332 2121 2359 aut
2139 2330 2225 2359 alios
2243 2339 2311 2360 0111-

1300 2393 1359 2415 1105
1385 2384 1463 2414 illos
1490 2385 1523 2414 in
1549 2392 1634 2422 ‹filuos
1662 2385 1798 2421 propter
1822 2382 1882 2412 hoc
1903 2382 2097 2421 hujusmodi
2123 2383 2310 2413 sententias

1300 2437 1472 2476 protulisti
1489 2437 1540 2466 vel
1558 2437 1590 2466 in
1607 2436 1757 2466 futurum
1774 2435 1967 2473 protuleris,
1982 2435 2114 2473 justitia
2134 2436 2309 2472 suadente,

1300 2491 1328 2520 si
1345 2490 1531 2520 sententias
1548 2490 1638 2528 ipsas
1656 2498 1714 2527 per
1731 2497 1834 2518 unum
1850 2491 1996 2518 mentem
2011 2489 2123 2518 animo
2140 2489 2310 2533 sustinue-

1300 2544 1367 2573 rint
1389 2544 1557 2577 indurato,
1578 2545 1612 2572 ut
1633 2542 1721 2572 infra
1740 2543 1972 2580 conpetentem
1995 2542 2187 2575 terminum,
2209 2550 2310 2580 quem

1301 2597 1350 2626 eis
1362 2596 1589 2635 peremptorie
1602 2595 1741 2625 duxeris
1754 2594 1996 2633 preligendum,
2010 2598 2223 2633 compareant
2236 2604 2311 2634 per-

1302 2650 1593 2679 501131110100111111
1616 2648 1725 2683 nobis,
1748 2657 1867 2686 penam
1894 2656 1953 2686 pro
1973 2648 2104 2677 meritis
2127 2649 2308 2686 recepturi,

1300 2702 1363 2732 tibi
1379 2703 1577 2732 auctoritate
1592 2702 1802 2740 presentium
1819 2701 1954 2739 plenam
1966 2702 1997 2730 et
2008 2700 2149 2731 liberam
2160 2701 2312 2731 concedi-

1302 2764 1378 2785 mus
1394 2755 1601 2785 facultatem.
1614 2755 1711 2784 Diem
1726 2762 1804 2783 vero
1819 2753 1990 2783 citationis
2004 2755 2035 2783 ct
2053 2754 2195 2784 t'ormam
2213 2754 2311 2784 nobis

1302 2817 1360 2847 per
1382 2810 1459 2838 tuas
1479 2807 1612 2838 litteras
1636 2807 1754 2837 harum
1783 2806 1905 2836 seriem
1927 2807 2149 2837 continentes.
2173 2807 2312 2837 studeas

1302 2861 1447 2891 fideliter
1472 2860 1643 2890 intimare.
1671 2860 1795 2890 Datum
1820 2859 1909 2897 apud
1935 2858 2224 2896 t'rbeiaveterem,
2253 2869 2311 2889 xm

1302 2913 1465 2943 kalendas
1484 2913 1615 2952 aprilis,
1638 2921 1725 2943 anno
1746 2913 1819 2943 111⁰.
1844 2922 1857 2940 11

2156 2979 2189 3005 4⁸
