2547 3289
1007 272 1248 311 TROISIEME
1278 273 1439 310 ANNEE.

181 369 285 400 abbas
302 371 333 400 et
357 369 541 400 conventus
559 377 595 398 ac
618 367 862 398 monasterium
883 368 914 397 et
934 366 1021 396 bona
1039 366 1190 404 ejusdem

180 423 215 452 in
232 423 294 453 1100
311 431 391 453 casu
410 422 450 452 ad
472 421 669 452 eorumdem
690 419 881 450 debitorum
904 420 1109 449 solutionem
1128 427 1191 457 que

180 479 404 511 remanerent,
417 474 589 510 solvenda,
601 475 778 504 teneantur
795 473 952 511 obligata,
964 474 995 502 et
1008 481 1046 502 ea
1059 472 1190 502 solvere

180 530 368 561 teneantur,
399 528 616 558 decernentes
644 527 756 565 ipsum
777 526 1021 556 monasterium
1049 527 1081 555 et
1104 524 1191 555 bona

180 582 332 620 ejusdem
352 581 385 610 in
403 581 530 611 eisdem
550 579 673 610 debitis
695 579 853 618 obligata.
876 579 959 609 Item
981 579 1188 613 ordinamus,

181 634 376 670 statuimus,
415 634 644 672 providemus,
680 632 892 668 mandamus,
925 631 1128 661 arbitramur
1159 632 1190 660 et

180 688 439 726 pronuntiamus
473 687 561 725 quod
600 685 641 715 ab
676 685 851 724 cujusdam
885 685 1025 723 pecunie
1059 684 1190 722 quanti-

180 740 264 773 tate,
296 740 424 770 ratione.
459 739 633 777 cujusdam
671 738 847 776 pensionis
880 738 1037 768 videlicet
1070 737 1192 776 viginti

180 792 367 823 solidorum
400 792 644 831 parisiensium
675 800 736 830 pro
766 791 819 820 die
852 790 1015 830 qualibet,
1042 791 1191 829 predicto

178 845 324 875 ‚johanni
341 854 399 883 per
417 853 528 883 regem
550 844 689 874 Francie
712 846 743 874 et
762 852 820 882 per
841 868 847 873 .
866 868 871 874 .
893 844 1090 882 episcopum
1107 844 1192 873 Lau-

179 899 378 934 dunensem,
402 899 525 932 taxata,
545 905 673 927 necnon
694 896 735 926 ab
761 897 922 935 expensis
945 905 1028 935 quas
1058 896 1193 935 petebat

178 951 269 981 idem
291 951 462 981 Joliannes
481 959 498 979 a
515 950 665 988 predicto
690 949 895 979 monasterio
912 949 977 978 sibi
995 949 1103 984 reddi,
1125 949 1192 978 dic-

178 1006 250 1034 tum
277 1003 521 1034 monasterium
547 1002 698 1032 totaliter
725 1001 899 1035 liberetur,
923 1010 941 1032 a
965 1001 1088 1040 quibus
1113 1010 1192 1040 pen—

179 1056 273 1086 sione
292 1057 323 1086 et
345 1055 532 1095 quantitate
557 1055 698 1094 pecunie
719 1063 757 1084 ac
783 1054 823 1084 ab
841 1055 1002 1093 expensis
1030 1055 1192 1093 predictis

179 1109 364 1148 apostolica
387 1110 417 1139 et
443 1108 623 1139 arbitraria
641 1108 840 1138 auctoritate
858 1108 984 1138 dictum
1006 1108 1192 1138 Hernicum

178 1164 209 1193 et
240 1162 485 1193 monasterium
511 1161 720 1200 sepedictum
743 1161 905 1191 duximus
933 1160 1189 1191 absolvendum.

220 1227 234 1242 «
256 1215 340 1246 Item
358 1215 567 1250 ordinamus,
587 1214 782 1250 statuimus,
802 1214 1033 1252 providemus,
1055 1214 1192 1244 manda-

179 1277 267 1305 mus,
286 1268 491 1299 arbitramur
508 1270 540 1298 et
555 1267 816 1306 pronuntiamus
834 1268 923 1306 quod
944 1267 1048 1297 abbas
1069 1268 1101 1298 et
1118 1276 1194 1297 con-

178 1323 301 1352 ventus
317 1321 492 1360 sepedicti,
514 1320 602 1351 infra
617 1320 701 1350 duos
718 1329 854 1351 menses
870 1321 1050 1359 postquam
1071 1320 1193 1358 prefati

180 1375 349 1405 Henricus
364 1375 395 1405 et
411 1374 581 1404 Johaunes
593 1382 610 1404 a
624 1374 777 1405 Romana
789 1374 917 1404 reversi
927 1374 1031 1410 curia,
1042 1383 1083 1404 ex
1099 1375 1193 1412 parte

180 1428 333 1467 ejusdem
349 1427 514 1458 Johannis
532 1427 636 1457 abbas
656 1428 687 1457 et
703 1429 888 1457 conventus
908 1427 1051 1466 predicti
1067 1427 1193 1458 fuerint

179 1480 349 1519 requisiti,
374 1480 506 1510 litteras
525 1488 604 1510 suas
621 1481 774 1517 patentes
792 1479 916 1518 sigillis
933 1479 1082 1518 propriis
1100 1479 1195 1510 robo-

179 1536 271 1564 ratas
299 1534 533 1572 prenominato
563 1533 708 1563 ,1011011111
738 1533 868 1563 tradent
889 1534 921 1563 et
947 1532 1135 1563 deliberent
1162 1534 1194 1563 et

179 1587 310 1618 tradere
332 1588 510 1617 teneantur
535 1587 746 1617 continentes
770 1586 860 1625 quod
884 1586 1114 1624 provisionem
1135 1586 1194 1616 hu-

176 1640 327 1679 jusmodi
347 1640 414 1679 ipsi
440 1640 587 1669 Johanni
615 1639 654 1670 de
685 1639 836 1678 predicta
865 1639 964 1670 domo
992 1639 1062 1669 sive
1089 1641 1192 1674 curte,

177 1693 325 1732 juribus,
337 1693 554 1732 pertinentiis
572 1694 603 1723 et
617 1692 826 1731 appenditiis
841 1693 926 1729 suis,
937 1694 971 1722 ut
989 1693 1116 1723 dictum
1131 1694 1193 1728 est,

180 1755 240 1785 per
262 1755 323 1776 nos
351 1746 485 1782 factam,
507 1748 615 1776 ratam
631 1745 774 1776 habeant
791 1747 890 1784 atque
908 1747 1038 1784 gratam
1056 1748 1088 1776 et
1106 1746 1195 1784 quod

180 1801 298 1830 contra
311 1808 384 1830 eam
400 1808 458 1838 per
471 1808 505 1829 se
522 1799 575 1828 vel
592 1807 651 1838 per
665 1799 751 1829 alios
768 1807 834 1828 non
847 1799 981 1829 venient
994 1807 1054 1829 nec
1071 1799 1195 1830 facient

180 1854 215 1883 in
234 1853 399 1883 futurum.
416 1853 454 1882 In
469 1861 612 1891 quorum
627 1852 779 1882 omnium
795 1854 826 1882 et
839 1852 1052 1890 singulorum
1069 1852 1196 1891 predic·

179 1907 292 1937 torum
311 1906 516 1936 evidentiam
540 1905 739 1944 pleniorem,
768 1913 909 1944 presens
930 1905 1195 1936 instrumentum

179 1968 239 1997 per
256 1959 513 1998 infrascriptum
530 1959 701 1988 notarium
719 1958 758 1988 de
777 1959 935 1989 mandato
953 1961 1068 1989 nostro
1089 1959 1196 1998 scrip-

178 2013 263 2049 tum,
283 2014 476 2042 nostrorum
500 2011 692 2051 sigillorum
711 2011 900 2041 munimine
918 2012 1080 2042 duximus
1099 2012 1195 2043 robo-

180 2065 335 2095 randum.
368 2066 451 2095 Acta
480 2067 511 2094 et
539 2065 759 2103 pronuntiata
787 2065 875 2103 apud
904 2064 1194 2102 Urbemveterem,

180 2117 396 2157 presentibus
424 2117 677 2148 venerabilibus
705 2117 789 2147 viris
823 2117 986 2156 magistro
1019 2118 1193 2155 Michaele,

183 2172 397 2202 sacrosancte
425 2171 576 2201 Romane
604 2171 745 2201 ecclesie
773 2170 1062 2207 vicecancellario,
1081 2171 1120 2202 G.
1141 2171 1195 2202 ab·

182 2224 257 2254 bate
281 2224 479 2254 monasterii
505 2224 611 2254 sancti
638 2223 815 2262 Sepulchri
841 2224 1107 2261 Cameracensis,
1130 2225 1198 2255 Du-

182 2277 286 2307 rando
317 2277 356 2307 de
381 2277 535 2306 Palvello
564 2278 698 2306 cantore
723 2277 884 2311 Eduensi,
908 2277 1043 2308 doberto
1072 2278 1197 2308 decano

184 2330 377 2365 Rosetensi‚
409 2329 594 2359 Gruillelmo
629 2330 668 2359 de
696 2329 881 2368 Triangulo
914 2333 1071 2360 canonico
1100 2331 1198 2361 Seno·

186 2383 294 2419 nensi,
324 2383 485 2421 magistro
514 2382 625 2412 Felice
649 2383 688 2412 de
718 2383 834 2412 Trecis
856 2383 1008 2422 physico,
1035 2385 1198 2423 magistro

182 2436 343 2467 Gualtero
372 2437 517 2466 Bursant
542 2437 698 2465 canonico
728 2435 900 2471 Trecensi,
932 2436 1034 2466 fratre
1058 2437 1198 2468 Nicolao
1229 2443 1230 2446 ’

184 2488 296 2527 priore
311 2487 621 2519 Vallis-scolarium
637 2488 811 2524 Remensi,
826 2489 988 2527 magistro
1002 2490 1199 2521 Constantio
1230 2502 1231 2510 ¹

183 2541 343 2572 canonico
361 2541 634 2576 Cathalauueusi,
654 2542 685 2570 et
705 2540 860 2579 pluribus
880 2542 958 2571 aliis
980 2542 1126 2573 testibus
1145 2553 1200 2574 vo-

185 2595 282 2630 catis,
307 2594 369 2624 sub
389 2603 475 2623 anno
498 2594 635 2623 Domini
656 2594 898 2630 MCCLXIH,
922 2595 1106 2626 indictione
1126 2597 1198 2633 VH,

186 2656 302 2678 mense
321 2647 521 2682 decembris,
540 2647 593 2677 die
610 2656 678 2682 xix,
692 2647 909 2685 pontificatus
928 2648 1055 2678 domini
1074 2649 1202 2680 Urbani
1233 2642 1234 2680 ζ

188 2709 273 2739 pape
290 2700 475 2730 11111⁵anno
495 2701 554 2730 III.
580 2711 594 2726 »

229 2754 340 2784 Tenor
358 2754 545 2792 supradicti
565 2753 804 2792 compromissi
822 2754 901 2784 talis
919 2756 970 2784 est
987 2764 991 2782 z

230 2817 244 2835 «
263 2807 301 2837 In
325 2807 461 2837 nomine
484 2806 622 2837 Domini
643 2815 753 2836 amen.
775 2807 856 2837 Orta
876 2807 1002 2837 dudum
1023 2808 1109 2838 inter
1128 2808 1204 2838 reli-

189 2867 206 2888 »
224 2859 337 2898 giosos
363 2860 466 2895 viros,
485 2860 624 2889 fratrem
644 2859 844 2894 Johanneni,
870 2860 1039 2898 quondam
1058 2861 1204 2899 priorem

191 2922 208 2941 »
226 2913 265 2943 de
285 2913 533 2948 Monte-Acilio,
552 2912 791 2953 Laut-lunensis
810 2913 968 2950 diocesis,
989 2914 1023 2943 in
1050 2914 1205 2944 abbatem

190 2974 207 2994 »
226 2966 424 2996 monasterii
450 2965 557 2995 sancti
580 2965 713 2996 Nicolai
736 2965 769 2994 in
796 2966 914 3001 Bosco,
939 2967 1069 2997 ordinis
1099 2967 1206 2997 sancti

2205 283 2263 313 451

1254 375 1270 394 »
1290 365 1472 399 Benedicti,
1494 365 1580 394 dicte
1603 364 1760 400 diocesis,
1780 366 1856 394 tunc
1874 365 2022 395 vacantis
2041 374 2100 403 per
2117 366 2265 405 resigna-

1255 429 1269 446 »
1286 418 1411 448 tionem
1433 417 1583 456 religiosi
1602 417 1665 446 viri
1680 417 1762 448 Ade,
1779 418 1947 455 quondam
1963 418 2114 455 ejusdem
2133 427 2263 448 monas-

1253 480 1269 500 »
1285 472 1361 501 terii
1378 471 1520 505 abbatis,
1532 479 1590 508 per
1607 469 1815 500 venerabiles
1826 470 1916 499 viros
1929 471 1980 506 11,
1993 471 2146 501 abbatem
2162 480 2264 510 (111011-

1253 532 1269 552 »
1286 524 1361 553 dain
1373 523 1570 554 monasterii
1580 523 1686 553 sancti
1696 523 1834 553 Yinccnt
1844 523 1877 557 11,
1889 526 1918 553 cl
1930 528 1934 548 1
1947 526 1981 555 i..
1992 524 2263 554 archidiaconum

1253 586 1269 605 »
1288 577 1321 607 in
1346 578 1488 607 ecclesia
1511 577 1739 612 Lauduncnsi,
1763 579 1959 606 excc¹1t‹2›1·es
1981 586 1998 607 a
2020 578 2155 608 domino
2179 587 2264 617 papa

1253 638 1269 658 »
1286 630 1474 669 deputatos,
1486 630 1669 668 apostolica
1683 630 1879 659 auctoritate
1894 631 2092 667 prefectum,
2110 639 2150 661 ex
2169 634 2264 670 parte

1254 691 1269 711 »
1288 692 1363 716 una,
1393 686 1424 713 et
1455 683 1592 713 fratrem
1620 683 1817 716 Henricum,
1846 683 2044 713 1110111101111111
2078 685 2264 722 supradIcti

1255 745 1269 763 ))
1288 736 1485 766 monasterii
1504 736 1611 765 sancti
1628 736 1772 771 Nicolai,
1790 744 1808 765 a
1824 738 1988 766 conventu
2007 737 2115 775 ipsius
2133 746 2263 767 monas-

1253 796 1271 817 »
1287 789 1363 818 terii
1377 789 1411 818 iu
1422 788 1577 818 abbatem
1587 797 1684 818 suum
1697 788 1902 818 unanimiter
1917 789 2071 821 electum.
2085 791 2264 829 ipsumque

1254 850 1270 869 »
1287 843 1500 878 conventum,
1529 850 1570 871 ex
1595 841 1711 876 altera,
1733 842 1874 871 materia
1898 843 2100 880 questionis,
2129 844 2264 874 taudem

1256 905 1270 923 »
1288 903 1390 924 causa
1408 895 1525 924 eadem
1548 903 1607 932 per
1624 894 1885 932 appellationem
1908 895 1948 924 ad
1970 895 2081 925 sedem
2105 897 2265 934 apostoli-

1256 956 1270 975 »
1289 956 1361 977 caui
1377 947 1562 985 interjecta,
1575 947 1812 976 sanctissimus
1824 948 2084 985 1)al‹·i·‹101ni1uis
2095 949 2263 986 Urbanus,

1255 1008 1376 1038 »papa
1402 1000 1480 1036 1111,
1504 1000 1725 1030 reverendum
1751 1001 1893 1038 patrem,
1921 1001 2095 1030 dominum
2125 1003 2266 1033 Guillel-

1255 1061 1271 1081 »
1290 1061 1395 1089 mum,
1417 1052 1509 1082 tituli
1533 1053 1641 1082 sancti
1669 1052 1773 1082 Marci
1799 1052 2025 1090 presbiterum
2049 1055 2266 1091 cardinalem,

1254 1114 1271 1134 »
1287 1105 1379 1135 dedit
1393 1106 1427 1135 in
1439 1114 1541 1135 causa
1558 1105 1674 1136 eadem
1687 1104 1842 1144 partibus
1854 1106 2053 1136 auditorem.
2069 1107 2188 1137 Coram
2203 1118 2268 1147 quo

1256 1168 1270 1187 ))
1291 1158 1379 1188 dicto
1401 1158 1548 1189 Henrico
1569 1158 1794 1197 personaliter
1810 1160 1842 1188 et
1859 1158 2010 1189 ,Iohanne
2029 1160 2068 1189 de
2088 1161 2186 1191 Artre
2206 1161 2269 1191 cle-

1255 1219 1272 1240 »
1291 1211 1360 1242 rico
1376 1220 1437 1250 pro
1454 1211 1635 1249 eodem,ex
1647 1213 1741 1250 parte
1756 1220 1832 1247 una,
1845 1213 1876 1241 et
1890 1212 2051 1251 magistro
2062 1213 2267 1251 'l'beobaldQ

1255 1272 1272 1294 »
1288 1265 1417 1295 rectore
1433 1264 1574 1295 ecclesie
1587 1264 1626 1294 de
1639 1264 1886 1300 Monte-Acuto,
1899 1274 1959 1303 pro
1971 1267 2203 1304 prenominato
2215 1269 2268 1298 Jo-

1255 1326 1272 1347 »
1289 1317 1410 1354 hanne,
1425 1318 1623 1348 eorumdem
1638 1317 1779 1348 Henrici
1794 1319 1826 1348 et
1841 1318 2006 1349 ι[0110111115
2022 1320 2184 1358 legitimis
2196 1330 2270 1360 pro·

1256 1382 1272 1402 »
1289 1372 1504 1403 curatoribus
1518 1373 1560 1402 ad
1574 1381 1711 1403 causam
1722 1372 1916 1411 hujusmodi
1930 1376 2209 1413 prosequendam,
2230 1384 2271 1406 ex

1256 1434 1272 1455 »
1290 1426 1408 1463 altera,
1433 1426 1614 1464 injudicio
1639 1426 1846 1460 constitutis,
1866 1426 2006 1463 libellis,
2032 1430 2120 1458 etc...
2140 1428 2271 1464 Quibus

1257 1489 1272 1508 »
1290 1479 1404 1510 taliter
1426 1479 1584 1518 peractis,
1605 1479 1833 1518 prenominati
1857 1480 2027 1510 tlohannes
2050 1483 2081 1511 et
2102 1482 2270 1513 Henricus

1257 1542 1271 1561 »
1290 1532 1457 1567 monachi,
1476 1540 1536 1570 pro
1555 1540 1590 1562 se
1608 1532 1706 1571 ipsis,
1727 1541 1764 1563 ac
1781 1532 1891 1563 Guido
1909 1533 1948 1563 de
1966 1534 2187 1573 Faucompre,
2201 1544 2269 1566 1110-

1258 1596 1272 1615 ))
1290 1585 1416 1615 nachus
1436 1586 1468 1615 et
1485 1586 1683 1624 procurator
1705 1587 1890 1616 conventus
1908 1587 1938 1616 et
1961 1588 2158 1618 monasterii
2177 1597 2270 1627 sepe-

1258 1649 1272 1667 »
1290 1639 1382 1673 dicti,
1394 1647 1454 1677 pro
1471 1638 1545 1677 ipso
1564 1640 1743 1675 conventu,
1760 1647 1778 1668 a
1794 1639 1918 1678 quibus
1936 1649 2036 1678 super
2057 1641 2117 1672 hoc
2134 1642 2270 1672 manda-

1257 1693 1361 1722 »tum
1378 1691 1533 1728 habebat,
1553 1691 1641 1729 apud
1668 1692 1782 1722 sedem
1806 1693 2024 1731 apostolicam
2046 1695 2270 1733 personaliter

1257 1754 1274 1774 »
1292 1745 1479 1781 constituti,
1500 1744 1651 1774 volentes
1668 1745 1774 1775 vitare
1796 1745 1916 1784 litigia,
1940 1746 1974 1775 in
1993 1748 2195 1779 reverendos
2213 1757 2271 1787 pa-

1258 1807 1274 1827 »
1291 1800 1372 1834 tres,
1394 1797 1569 1828 dominum
1586 1797 1791 1836 Ancherum,
1806 1799 1896 1828 tituli
1914 1802 2026 1830 sancte
2042 1801 2218 1839 Praxedis,
2239 1804 2271 1832 et

1258 1860 1274 1880 »
1291 1851 1466 1881 dominum
1481 1850 1705 1881 Guillelmum
1721 1851 1910 1889 predictum
1931 1853 2137 1891 presbiteros
2164 1855 2270 1885 cardi-

1258 1913 1274 1932 »
1292 1904 1398 1938 nales,
1416 1905 1590 1942 presentes
1613 1905 1644 1934 et
1664 1906 1875 1943 acceptantes
1892 1914 1928 1935 ac
1945 1907 2143 1945 supplentes
2160 1910 2271 1939 aucto-

1258 1967 1274 1986 »
1291 1958 1390 1987 ritate
1405 1956 1590 1995 apostolica
1608 1957 1787 1993 defectum,
1805 1958 1834 1987 si
1854 1959 1930 1997 quis
1949 1962 2038 1989 esset
2060 1960 2094 1990 in
2113 1962 2271 1992 mandato

1258 2019 1274 2039 »
1293 2019 1352 2040 seu
1372 2010 1608 2049 procuratione
1631 2010 1721 2048 quod
1744 2011 1796 2040 vel
1820 2020 1921 2049 quam
1948 2013 2098 2050 prefatus
2118 2014 2228 2045 Guido
2255 2024 2273 2045 a

1260 2074 1274 2092 ))
1292 2063 1463 2102 sepedicto
1481 2063 1981 2100 conventuhabebat,videlicet
1999 2067 2039 2096 ad
2056 2067 2272 2107 infrascripta

1259 2126 1275 2146 »
1292 2116 1426 2155 singula
1438 2117 1470 2146 et
1480 2116 1592 2146 omnia
1602 2116 1765 2151 facienda,
1779 2117 1812 2146 in
1827 2119 1998 2156 presentia
2008 2120 2272 2156 meiGusslelmi,

1259 2180 1275 2199 »
1292 2170 1426 2205 notarii,
1447 2171 1478 2200 et
1495 2169 1765 2208 subscriptorum
1784 2171 1922 2200 testium
1938 2174 2143 2210 rogatorum,
2159 2175 2224 2205 alte
2242 2177 2272 2205 et

1259 2233 1275 2253 »
1292 2223 1402 2259 basse,
1420 2224 1538 2261 sponte
1555 2224 1587 2253 et
1601 2222 1901 2262 libere‚tamquam
1915 2225 1948 2254 in
1965 2225 2121 2263 arbitr-OS,
2134 2227 2274 2259 arbitra-

1261 2287 1275 2306 »
1292 2278 1383 2307 tores
1394 2278 1425 2306 et
1436 2275 1633 2306 amicabiles
1645 2276 1901 2313 compositore&
1913 2286 2014 2315 super
2024 2287 2125 2309 causa
2135 2282 2164 2309 et
2176 2289 2273 2319 ques-

1262 2341 1276 2359 »
1294 2331 1385 2360 tione
1404 2329 1597 2367 hujusmodi
1618 2330 1650 2358 et
1669 2329 1917 2367 pertinentibus
1948 2331 1988 2360 ad
2016 2340 2100 2366 eam,
2122 2342 2272 2372 compro-

1261 2393 1277 2412 »
1295 2383 1429 2413 mittere
1468 2383 1686 2415 curaverunt,
1714 2382 1830 2415 laudo,
1861 2383 2013 2418 arbitrio,
2049 2385 2271 2424 ordinationi,

1262 2446 1278 2466 »
1294 2435 1494 2475 provisioni,
1515 2435 1671 2465 mandato
1704 2436 1734 2465 et
1759 2435 1924 2465 voluntati
1954 2437 2105 2475 ipsorum
2131 2439 2274 2471 duorum

1263 2488 1522 2518 »cardinalium
1550 2497 1585 2518 se
1613 2496 1715 2526 super
1743 2488 1803 2518 1100
1828 2489 1979 2519 totaliter
2011 2492 2274 2530 summittentes,

1263 2542 1446 2572 »volentes
1471 2544 1502 2572 et
1526 2541 1775 2572 consentientes
1796 2543 1885 2580 quod
1906 2543 2006 2572 iidem
2024 2545 2152 2575 domini
2172 2548 2278 2578 cardi-

1265 2605 1280 2624 »
1298 2595 1392 2625 nales
1415 2595 1582 2630 ordinare,
1607 2595 1766 2629 statuere,
1793 2595 1981 2633 providere,
2003 2599 2173 2636 mandare,
2193 2601 2278 2631 arbi-

1265 2658 1281 2677 »
1298 2648 1392 2683 trari,
1414 2648 1600 2687 precipere,
1621 2649 1838 2685 pronuntiare
1862 2650 1891 2678 et
1913 2649 2061 2680 dil'iinire
2084 2652 2278 2693 dictumque

1266 2710 1282 2730 »
1298 2702 1542 2731 monasterium
1558 2700 1665 2730 sancti
1682 2700 1812 2730 Nicolai
1831 2709 1867 2731 ac
1884 2701 1994 2740 ipsius
2011 2705 2160 2743 regimen
2182 2707 2279 2738 alteri

1232 2755 1234 2763 '
1268 2764 1283 2783 1)
1303 2754 1499 2785 eorumdem
1517 2753 1681 2783 ι101111111115
1705 2754 1736 2783 et
1756 2753 1894 2783 Hem-ici
1921 2757 2131 2789 committere
2154 2761 2185 2790 et
2206 2769 2280 2791 con-

1268 2817 1284 2837 »
1303 2808 1389 2837 ferre
1414 2809 1456 2843 et,
1477 2807 1607 2845 reliquo
1625 2815 1726 2845 super
1745 2807 1861 2836 eodem
1883 2811 2088 2841 monasterio
2109 2821 2146 2841 ac
2172 2813 2281 2852 ipsius

1268 2869 1284 2889 »
1302 2860 1466 2899 regimine
1481 2859 1609 2890 silentii
1625 2860 1796 2898 imposito,
1811 2860 1851 2890 de
1871 2860 1968 2891 bonis
1990 2863 2097 2901 ipsuis
2114 2869 2282 2898 monaste-

1236 2949 1237 2952 *
1269 2922 1285 2943 »
1302 2913 1341 2943 rii
1361 2913 1591 2952 provisionem
1606 2913 1683 2942 dare
1699 2914 1728 2942 et
1744 2913 1916 2951 assignare
1934 2917 2066 2953 possint
2082 2920 2113 2948 et
2126 2919 2280 2957 debeant,

1270 2976 1286 2996 »
1303 2968 1403 3006 prout
1418 2967 1477 2997 hec
1491 2966 1604 2996 onmia
1616 2966 1665 2996 eis
1682 2966 1870 3004 placuerint
1888 2970 1919 2997 et
1938 2969 2049 3000 visum
2067 2970 2168 3003 fuerit
2184 2982 2284 3013 expe-
