2547 3289
1138 263 1377 300 DEUXOEME
1400 265 1566 301 ΑΝΝΕΕ.
2352 278 2393 306 55

309 351 426 381 eodem
452 359 526 389 rege
549 359 732 390 proponere
749 351 920 385 curavisti,
946 351 1034 390 quod
1057 350 1195 390 predicti
1223 353 1321 381 retar-

309 403 398 433 datio
415 403 538 442 negotii
553 404 695 433 multum
710 405 837 442 poterat
850 412 922 434 esse
954 404 1150 442 dampnosa,
1169 404 1322 443 quodque

309 456 431 486 durum
447 456 507 486 tibi
525 465 590 486 non
602 456 647 485 im
656 456 768 486 nerito
784 457 959 486 videbatur
975 466 1075 496 super
1090 457 1162 496 ipso
1179 457 1321 496 negotio,

309 509 399 547 quod
417 517 478 538 nos
496 509 543 538 sic
573 517 613 538 ex
631 509 743 539 animo
768 510 822 539 tue
846 510 1123 539 commiseramus
1146 509 1320 544 industrie,

309 561 401 591 nullo
418 561 453 591 in
470 561 673 591 contrarium
693 570 711 591 a
729 561 825 591 nobis
841 563 970 600 recepto
988 562 1155 597 mandato,
1172 571 1244 592 eum
1256 562 1321 592 alio

308 622 374 643 non
392 614 545 649 tractare,
557 615 691 652 propter
707 614 796 652 quod
814 614 934 644 dicitur
952 623 1010 644 rex
1028 615 1089 644 tibi
1107 615 1320 653 respondisse

308 666 396 704 quod
411 666 561 705 placebat
583 667 690 697 eidem
717 668 751 696 ut
770 676 888 697 versus
914 667 1128 697 Provinciam
1161 667 1321 705 dirigeres

307 727 443 757 gressus
458 721 544 755 tuos,
562 728 638 750 cum
655 720 770 750 eodem
784 720 902 750 comite
919 728 1019 758 super
1030 720 1176 758 predicto
1190 721 1319 758 negotio

305 772 516 806 tractaturus,
525 772 570 802 ita
581 774 690 802 tamen
700 772 787 811 quod
796 772 900 802 nichil
908 772 949 802 ad
961 772 1109 802 effectum
1120 772 1320 810 produceres

306 824 373 854 nisi
382 825 491 862 primo
500 825 561 854 tibi
574 826 683 854 nostre
697 833 797 863 super
808 824 868 854 hoc
881 824 1063 854 voluntatis
1074 824 1319 862 beneplacitum

303 877 549 907 mandaremus.
578 877 648 907 Nos
670 877 770 915 igitur
792 876 933 915 receptis
959 876 1024 906 tuis
1043 876 1163 906 litteris
1190 877 1222 906 et
1245 885 1319 914 per-

304 929 409 965 lectis,
429 930 506 968 quia
522 931 670 960 nondum
689 930 729 959 ad
742 938 802 959 nos
825 929 1004 967 quicquam
1022 929 1061 958 de
1083 929 1259 967 premissis
1276 929 1317 959 ab

303 983 419 1013 eodem
434 991 509 1020 rege
527 983 734 1020 pervenerat,
756 990 817 1011 nos
832 982 1003 1020 sperantes
1018 981 1153 1020 aliquod
1169 981 1317 1020 ejusdem

302 1035 391 1073 regis
408 1035 540 1074 propter
555 1035 616 1064 1100
632 1035 666 1064 111
681 1034 776 1064 brevi
794 1034 941 1073 recipere
962 1034 1109 1071 nuntios,
1122 1034 1317 1073 hujusmodi

301 1087 495 1118 nuntiorum
510 1087 702 1122 adventum,
720 1087 917 1126 priusquam
939 1087 980 1116 ad
1002 1088 1032 1117 te
1062 1088 1212 1117 nostrum
1232 1095 1317 1117 ema—

300 1141 394 1171 naret
428 1140 463 1170 in
489 1140 550 1170 hac
586 1140 678 1179 parte
717 1148 927 1179 responsum,
965 1140 1034 1169 fore
1069 1140 1315 1170 decreverimus

299 1193 496 1233 aliquandiu
527 1193 799 1232 exspectandum.
830 1193 896 1223 Sed
933 1193 1012 1231 quia
1033 1193 1144 1223 nullos
1178 1193 1219 1223 ad
1253 1193 1314 1223 hoc

299 1247 452 1283 nuntios,
488 1246 664 1284 nullasque
701 1254 802 1284 super
840 1245 901 1276 hoc
938 1246 1064 1275 litteras
1108 1254 1126 1275 a
1166 1246 1314 1285 predicto

299 1308 375 1339 rege
392 1299 589 1338 recepimus,
608 1307 668 1329 nos
685 1299 834 1329 nolentes
853 1299 942 1337 quod
960 1299 1092 1328 animus
1117 1300 1195 1328 tuus
1211 1307 1314 1329 rema·
1343 1305 1344 1326 ς

299 1354 392 1383 neret
419 1353 546 1382 diutius
570 1353 604 1382 in
633 1360 809 1390 suspenso,
837 1351 976 1382 latorem
997 1352 1201 1390 presentium
1219 1352 1261 1381 ad
1283 1352 1313 1382 te

299 1406 458 1436 duximus
483 1405 731 1439 remittendum,
760 1404 956 1435 mandantes
983 1406 1148 1443 quatenus
1173 1405 1212 1435 de
1235 1413 1311 1443 pro—

299 1467 395 1489 cessu
410 1460 466 1488 tuo
482 1458 511 1487 si
522 1466 621 1496 quem
633 1457 813 1496 superipso
829 1457 960 1496 negotio
977 1466 1052 1487 cum
1066 1458 1181 1488 eodem
1194 1458 1313 1488 comite

297 1511 510 1551 postmodum
541 1510 698 1545 habuisti,
732 1518 859 1540 necnon
884 1511 915 1540 et
944 1510 983 1540 de
1014 1510 1120 1549 ipsius
1152 1511 1312 1549 qualitate

297 1572 488 1603 processus,
507 1564 538 1593 et
554 1564 593 1593 de
615 1572 653 1593 eo
668 1563 768 1593 etiam
784 1563 872 1601 quod
886 1563 1057 1593 inveneris
1079 1563 1114 1593 in
1133 1563 1204 1602 ipso
1222 1564 1253 1593 et
1271 1563 1311 1593 ab

298 1617 370 1656 ipso
393 1616 524 1651 comite,
552 1616 671 1646 reddas
690 1624 749 1646 1103
768 1615 835 1645 tuis
854 1615 973 1645 litteris
991 1616 1159 1646 certiores.
1178 1616 1213 1647 Si
1232 1624 1310 1646 vero
1340 1634 1341 1640 1

298 1670 429 1700 nullum
444 1669 552 1700 adhuc
565 1668 712 1698 habuisti
738 1677 813 1698 cum
829 1668 948 1698 comite
963 1668 1110 1707 predicto
1136 1669 1311 1698 tractatum

298 1722 453 1753 volumus
471 1722 560 1760 quod
577 1721 730 1757 discrete,
746 1721 914 1760 sapienter
935 1722 966 1751 et
982 1723 1075 1752 caute
1093 1722 1212 1751 tractes
1234 1730 1310 1751 cum
1339 1723 1340 1751 i

297 1783 336 1806 eo
353 1783 453 1814 super
471 1774 784 1813 negotioprelibato;
812 1775 1031 1804 veruntamen
1048 1774 1088 1804 ad
1107 1774 1310 1804 firmandum
1339 1798 1340 1807 ,

297 1829 475 1868 quicquam
496 1837 572 1858 cum
589 1828 660 1866 ipso
678 1826 930 1865 quomodolibet
952 1834 1019 1856 non
1034 1827 1207 1864 procedas,
1222 1836 1308 1863 011111,

295 1882 382 1912 sicut
399 1881 632 1915 nosthullam
650 1879 806 1910 firmandi
823 1879 951 1918 aliquid
968 1887 1068 1917 super
1085 1879 1159 1917 ipso
1177 1880 1309 1918 negotio
1338 1907 1339 1910 ,

295 1944 313 1964 a
328 1934 425 1964 nobis
445 1934 568 1964 habeas
583 1933 791 1972 potestatem,
811 1932 870 1962 sed
890 1931 1054 1962 rescribas
1081 1932 1176 1962 nobis
1199 1933 1310 1962 omnia

294 1987 454 2018 seriatim.
486 1987 557 2017 Nos
589 1986 679 2016 enim
704 1986 734 2016 si
762 1985 909 2021 nuntios,
933 1984 986 2014 vel
1016 1984 1142 2014 litteras
1179 1985 1308 2023 aliquas

294 2047 313 2069 a
341 2038 467 2078 prefato
501 2046 577 2076 rege
607 2045 707 2075 super
743 2036 919 2076 premissis
947 2036 1093 2074 recipere
1132 2044 1193 2066 nos
1225 2036 1308 2067 forte

294 2091 479 2130 contigerit,
496 2089 670 2129 prudentie
698 2090 753 2119 tue
773 2097 872 2127 super
889 2088 955 2118 hiis
981 2096 1043 2126 que
1071 2088 1159 2119 idem
1175 2097 1235 2118 rex
1248 2089 1308 2118 mi-
1337 2090 1338 2093 ’

293 2145 384 2179 serit,
400 2145 428 2174 si
443 2143 712 2182 respondendum
729 2142 790 2172 tibi
813 2141 882 2172 sore
898 2141 1095 2177 viderimus,
1115 2141 1308 2171 curabimus

294 2197 507 2237 respondere.
531 2197 653 2226 Datum
672 2195 759 2234 apud
784 2194 1069 2229 Urbemveterem,
1101 2203 1161 2223 vni
1192 2194 1306 2223 kalen-

294 2252 352 2281 das
371 2249 575 2285 novembris,
595 2257 682 2279 anno
697 2248 741 2278 II.
760 2259 774 2275 »

362 2473 432 2503 147
828 2470 952 2501 Orvieto,
969 2471 997 2496 ‘21
1020 2470 1135 2497 octobre
1156 2471 1232 2497 ¹262.

329 2569 480 2601 Ludovico,
496 2568 556 2603 regi
571 2568 717 2601 Franciae,
734 2568 781 2602 qui
796 2568 937 2602 petiverat
953 2569 983 2594 ut
1000 2568 1168 2595 concederet
1180 2567 1301 2595 ilenrico

1350 357 1352 378 1

1425 364 1466 382 «..
1482 353 1688 391 reyiFrancie
1702 353 1823 384 illustri.
1835 354 2005 393 Scripsisti
2022 355 2149 393 pridem
2164 355 2258 385 nobis
2269 356 2391 386 —.Da-

1384 405 1454 433 tum
1487 406 1574 443 apud
1604 406 1885 443 Urbemveterem,
1920 416 1965 437 ΧΠ
1995 408 2154 437 kalendas
2186 409 2391 445 novembris,

1384 466 1470 487 anno
1483 458 1525 487 II.
1541 469 1557 484 »

1912 660 2035 692 Orvieto,
2056 662 2084 685 2¹
2108 662 2220 688 octobre
2240 664 2316 689 1262.

1452 659 1523 689 148

1416 739 1527 765 Decano
1542 740 1678 766 ecclesiae
1695 749 1718 768 s.
1735 742 1869 768 Germani
1887 742 2144 770 Autissiodorensis
2160 744 2328 771 I‘arisiensis
2345 745 2388 772 in-

1380 786 1477 821 dulget
1489 789 1520 813 ut
1531 788 1688 822 capitulum
1704 797 1771 815 suae
1785 790 1921 816 ecclesiae
1934 799 1984 824 per
1996 791 2105 818 trinum
2116 800 2219 818 sonum
2231 801 2388 827 campanae

1381 842 1538 862 convocare
1553 836 1658 862 valeat.
1676 838 1754 869 (line.
1773 839 1816 870 26,
1834 837 1881 864 fol.
1900 840 1943 870 51,
1960 840 2027 865 anni
2045 841 2080 872 11,
2095 848 2128 866 no
2146 841 2199 876 10.)

1421 952 1461 970 «..
1481 939 1593 970 dcccmo
1614 941 1733 971 ecclesie
1753 943 1849 972 sancti
1879 943 2021 973 Germani
2050 945 2303 976 Aute'sz'oclorensis
2327 947 2388 977 Pa—

1377 993 1522 1023 risz'ensis.
1536 994 1714 1031 Quoniam,
1726 1004 1801 1025 cum
1815 995 1854 1026 de
1870 996 2011 1026 utilitate
2029 997 2166 1027 ecclesie
2187 1000 2240 1028 tue
2257 1000 2389 1030 tractari

1378 1045 1473 1075 debet
1488 1046 1519 1075 et
1529 1047 1662 1085 propter
1676 1046 1737 1077 1100
1754 1047 1825 1086 ejus
1836 1048 2020 1085 capitulum
2034 1049 2222 1084 convocari,
2236 1051 2390 1081 nonnulli

1377 1106 1418 1127 ex
1447 1098 1554 1136 ipsius
1579 1099 1749 1129 canonicis
1773 1100 1830 1138 qui
1849 1100 1882 1130 in
1905 1101 2038 1131 civitate
2056 1101 2242 1132 Parisiensi
2261 1111 2389 1134 moram

1344 1183 1346 1188 χ
1377 1151 1585 1187 contrahunt,
1612 1152 1762 1182 volentes
1784 1153 1977 1192 hujusmodi
1995 1155 2161 1185 retardare
2180 1155 2233 1185 vel
2256 1156 2389 1194 penitus

293 2617 531 2649 Ebredunensi‚et
544 2616 674 2649 Guidoni,
688 2616 867 2643 Narbonensi
881 2616 1116 2650 archiepiscopis,
1129 2618 1159 2643 ut
1173 2617 1201 2643 in
1214 2616 1305 2643 Gallia
1335 2628 1336 2633 ¹

295 2675 346 2702 pro
361 2666 498 2701 sopienda
512 2665 656 2692 discordia
672 2665 746 2691 inter
763 2665 895 2699 reginam
918 2665 1055 2692 Franciae
1071 2673 1189 2691 uxorem
1208 2667 1235 2691 et
1252 2666 1304 2692 Ca-
1335 2658 1336 2683 i

292 2716 398 2748 rolum,
410 2713 589 2748 Andegaviae
601 2715 628 2739 et
641 2713 806 2739 Provinciae
817 2713 964 2744 comitem,
978 2713 1099 2740 fratrem
1110 2722 1186 2746 SUOS,
1195 2715 1303 2746 exorta,
1334 2727 1335 2733 1

292 2766 422 2800 agerent,
438 2763 560 2789 comiter
575 2761 728 2796 respondet
742 2769 772 2787 se
790 2761 870 2793 13103,
886 2762 1105 2788 Narbonensem
1121 2761 1253 2788 videlicet
1268 2763 1304 2788 ad

294 2812 460 2840 Sabinensis
476 2813 504 2838 et
515 2811 748 2837 libredunensem
765 2809 800 2836 ad
814 2810 952 2836 Ostiensis
968 2810 1156 2836 ecclesiarum
1172 2810 1302 2844 regimen

292 2862 407 2890 duxisse
422 2860 593 2892 evocandos,
607 2861 690 2893 atque
708 2866 824 2892 sperare
839 2866 889 2892 per
904 2860 999 2885 tantos
1017 2858 1090 2885 viros
1107 2858 1229 2885 meliora
1246 2867 1302 2885 non

293 2911 387 2939 solum
409 2911 555 2937 Romanae
570 2908 620 2934 sed
636 2907 724 2934 etiam
741 2906 897 2933 universali
915 2907 1052 2933 ecclesiae
1069 2907 1222 2933 commoda
1240 2915 1302 2933 esse

1376 1212 1536 1234 evacuare
1556 1205 1726 1239 tractatus,
1740 1206 1919 1242 interdum,
1933 1208 1968 1236 ut
1988 1207 2120 1242 dicitur,
2136 1208 2302 1238 malitiose
2318 1209 2390 1239 lati-

1377 1258 1445 1286 tant
1457 1265 1497 1287 ne
1524 1257 1659 1288 valeant
1674 1258 1831 1295 inveniri,
1848 1268 1908 1289 nos
1925 1268 2026 1298 super
2042 1260 2103 1290 1100
2120 1262 2319 1299 oportunum
2336 1271 2390 1292 vo-

1374 1309 1481 1340 lentes
1496 1311 1681 1340 remedium
1702 1311 1858 1342 adhibere
1881 1312 1959 1348 tuis,
1986 1321 2062 1342 cum
2084 1313 2124 1343 ad
2150 1315 2179 1343 te
2196 1315 2330 1353 spectet,
2355 1316 2390 1345 ut

1375 1363 1511 1395 asseris.
1528 1363 1723 1401 huJ'usmodi
1740 1373 1921 1395 convocare
1944 1365 2141 1404 capitulum,
2160 1367 2316 1405 precibus
2342 1367 2389 1397 in-

1374 1415 1569 1451 clinati,tibi
1581 1417 1774 1447 auctoritate
1786 1418 1992 1456 presentium
2009 1418 2234 1457 indulgemus,
2248 1421 2294 1454 ut,
2313 1429 2388 1451 cum

1374 1468 1408 1498 in
1420 1468 1535 1498 eadem
1545 1469 2004 1502 0001031011011110111(10001010
2020 1472 2180 1502 celebrari
2191 1473 2386 1511 capitulum,

1373 1519 1480 1558 ipsius
1505 1522 1684 1552 canonicos
1709 1523 1890 1554 existentes
1916 1524 1949 1554 111
1971 1525 2103 1555 civitate
2127 1526 2284 1564 predicta,
2307 1528 2340 1556 tu
2357 1529 2389 1556 et

1373 1581 1582 1605 successores
1598 1575 1646 1605 tui
1660 1576 1717 1614 qui
1731 1585 1791 1614 pro
1808 1577 1956 1615 tempore
1979 1578 2114 1614 suerint,
2139 1587 2204 1608 non
2225 1587 2283 1617 per
2306 1588 2387 1610 nun-

1371 1626 1435 1656 tios
1446 1627 1619 1665 speciales,
1628 1629 1687 1658 sed
1702 1628 1874 1660 dumtaxat
1886 1638 1944 1668 per
1956 1630 2081 1660 trinum
2095 1639 2214 1660 sonum
2227 1640 2385 1671 campane

1372 1679 1413 1708 ad
1426 1680 1538 1718 ipsum
1554 1681 1735 1711 teneamini
1752 1681 1935 1719 capitulum
1951 1691 2100 1713 evocare.
2115 1683 2209 1713 Nulli
2224 1693 2300 1723 ergo
2314 1694 2387 1715 nos-

1371 1733 1419 1762 tre
1429 1733 1655 1763 concessionis
1668 1734 1727 1763 etc.
1742 1751 1790 1763 —.
1804 1734 1928 1764 Datum
1940 1736 2027 1774 apud
2038 1736 2326 1772 Urbemveterem,
2338 1747 2383 1767 x11

1370 1785 1531 1815 kalendas
1547 1786 1752 1822 novembris,
1766 1795 1854 1817 anno
1870 1788 1912 1817 II.
1933 1800 1948 1815 »

1440 1993 1511 2024 149
1912 1993 2037 2026 Orvieto,
2053 1995 2085 2019 *23
2102 1995 2215 2021 octobre
2236 1997 2311 2022 ⁴262.

1406 2071 1516 2098 Decano
1547 2071 1684 2098 ecclesiae
1711 2080 1735 2098 s.
1761 2072 1898 2099 Germani
1928 2072 2186 2100 Autissiodorensis
2214 2074 2384 2103 parisiensis

1378 2119 1489 2146 inhibet
1504 2128 1538 2146 ne
1549 2120 1710 2147 custodiam
1720 2120 1809 2155 sigilli
1820 2121 1988 2155 capitularis
2001 2121 2086 2148 alicui
2099 2130 2133 2148 ex
2149 2122 2237 2156 ipsius
2248 2124 2384 2151 ecclesiae

1370 2169 1523 2202 (canonicis
1540 2169 1775 2203 committat,qui
1791 2170 1979 2203 personaliter
1996 2178 2052 2196 non
2070 2171 2208 2197 resederit
2226 2171 2253 2197 in
2271 2173 2382 2199 eadem.

1373 2218 1449 2244 1100.
1471 2217 1646 2251 26,s01.51,
1663 2218 1731 2244 anni
1746 2218 1780 2252 11,
1799 2226 1832 2244 no
1853 2218 1904 2252 tt.)

1409 2327 1449 2345 «..
1470 2314 1583 2344 decano
1602 2319 1629 2344 et
1647 2314 1781 2354 capitulo
1798 2314 1917 2344 ecclesie
1935 2315 2034 2344 sancti
2053 2315 2195 2345 Germani
2208 2317 2379 2346 Autisz'odo-

1369 2369 1465 2397 rensz's
1483 2367 1674 2397 Parisiensis.
1692 2368 1857 2403 Quoniam
1874 2369 2007 2406 propter
2028 2369 2213 2399 absentiam
2231 2370 2382 2400 canonici

1369 2421 1434 2457 cui,
1448 2421 1543 2460 juxta
1556 2429 1682 2451 morem
1695 2421 1833 2451 ecclesie
1852 2422 1973 2455 vestre,
1992 2422 2143 2451 custodia
2161 2422 2261 2451 unius
2277 2422 2382 2453 clavis

1368 2474 1556 2504 communis
1566 2473 1666 2512 sigilli
1683 2474 1784 2503 vestri
1801 2473 2029 2508 committitur,
2042 2475 2083 2508 te,
2099 2474 2146 2503 fili
2157 2474 2292 2511 decane,
2307 2484 2379 2505 cus-

1368 2527 1511 2557 todiente
1528 2526 1639 2561 aliam,
1660 2526 1826 2556 interdum
1844 2525 1938 2555 vobis
1961 2526 2110 2564 ejusdem
2139 2526 2244 2565 sigilli
2272 2528 2377 2566 copia,

1367 2580 1465 2618 prout
1482 2579 1722 2614 intelleximus,
1745 2587 1809 2607 non
1827 2578 1898 2607 sine
1916 2579 2026 2608 vestro
2041 2578 2142 2613 tedio,
2157 2580 2188 2609 et
2206 2579 2312 2618 ipsius
2331 2589 2381 2611 ec-

1368 2632 1467 2663 clesie
1483 2631 1658 2671 dispendio
1676 2631 1867 2669 denegatur,
1888 2640 1949 2661 nos
1971 2640 2072 2670 super
2095 2631 2156 2662 hoc
2178 2634 2379 2671 oportunum

1367 2686 1517 2716 volentes
1532 2684 1714 2715 remedium
1730 2683 1898 2717 adhibere,
1914 2684 1991 2719 tuis,
2010 2683 2059 2713 fili
2073 2684 2208 2721 decane,
2224 2686 2380 2724 precibus

1367 2738 1533 2772 inclinati,
1550 2736 1741 2767 auctoritate
1757 2736 1961 2774 presentium
1974 2737 2161 2768 districtius
2174 2738 2377 2776 inhibemus,

1335 2789 1337 2826 ἶ,
1367 2799 1407 2821 110
1423 2790 1608 2821 custodiam
1628 2789 1706 2819 dicti
1716 2789 1818 2827 sigilli
1835 2789 1934 2818 alicui
1947 2798 1987 2819 ex
2004 2790 2112 2828 ipsius
2130 2791 2268 2822 ecclesie
2285 2800 2379 2823 cano-

1367 2844 1452 2874 nicis
1467 2841 1691 2877 committatis,
1710 2841 1767 2879 qui
1784 2842 2002 2878 personaliter
2018 2851 2084 2872 non
2102 2843 2262 2873 resederit
2277 2844 2311 2874 in
2326 2853 2377 2875 ea·

1366 2897 1453 2927 dem.
1473 2896 1568 2926 Nulli
1585 2903 1660 2933 ergo
1677 2894 2006 2925 nostreiahibitionis
2023 2897 2142 2925 etc.—.
2155 2896 2278 2927 Datum
2291 2897 2377 2936 apud

292 2961 478 2996 proventura.
496 2958 576 2993 (Reg.
596 2958 640 2989 26,
658 2956 706 2982 sol.
729 2957 772 2988 50,
789 2955 857 2982 anni
875 2955 910 2988 11,
926 2963 957 2981 no
972 2955 1008 2988 9;
1031 2956 1172 2982 Pomnsr
1191 2956 1302 2989 18415.)
1330 2942 1334 2989 j
1367 2950 1651 2983 Urbemveterem,
1672 2956 1690 2975 x
1703 2946 1864 2977 kalendas
1882 2948 2081 2979 nsvembris.
2101 2957 2187 2979 anno
2203 2949 2241 2979 11.
2261 2961 2275 2976 n
