2547 3289
1029 225 1268 264 'rROIsOEME
1292 226 1454 263 ANNEE.

237 329 251 349 (ι
274 343 279 348 .
298 345 303 350 .
325 318 551 352 archidiacono,
573 322 598 346 ct
617 318 809 346 thesaurario
827 316 986 346 Thebanis.
1002 317 1096 346 Tunc
1109 316 1207 346 sedes

197 372 382 412 apostolica
396 390 446 408 -—‚
464 370 576 402 verbis
593 372 821 409 competenter
834 369 984 399 mutatis.
1006 381 1020 396 »

286 547 356 577 911
733 543 858 573 Orvicto,
875 544 908 570 30
924 543 1038 569 octobre
1062 542 1137 569 t203.

234 628 269 655 Ut
287 629 425 655 Jacobum
442 628 476 653 dc
492 627 596 661 Spello,
616 626 752 653 ccclesiae
774 625 1107 659 Constantinopolitanae
1127 633 1209 651 cano-
1240 643 1241 653 ,

196 677 305 707 uicum,
323 676 350 702 in
369 676 622 710 Nigripontcnscm
637 674 806 701 caiiouicum
828 674 914 707 recipi
934 673 1048 700 faciant.
1067 674 1142 707 (Rea.
1165 674 1209 703 28,

195 725 246 752 fol.
270 726 329 758 130,
344 733 411 751 ann.
429 724 474 754 ΙΙΙ,
494 723 586 750 benef.
604 729 633 749 n⁹
648 724 707 757 29.)

238 839 253 858 «
277 852 282 858 .
301 853 305 858 .
326 828 550 864 archidiacono,
564 832 592 856 ee
608 827 745 860 Albano,
757 826 924 866 presbilcro
937 827 1081 855 canonico
1098 826 1209 856 Theba-

198 882 255 911 nis.
277 882 369 911 Tunc
388 881 486 911 sedes
505 880 691 918 apostolica
712 897 759 908 —.
778 880 902 909 Datum
922 880 1010 917 apud
1030 879 1211 909 Urbemve-

196 937 316 969 terem,
336 943 366 963 ιιι
387 933 550 963 kalendas
570 932 775 967 novembris,
795 941 880 961 anno
900 932 969 962 1110.
989 944 1003 959 η

286 1104 361 1135 912

684 1101 808 1132 orvieto,
828 1102 862 1128 25
878 1101 1040 1135 septembre
1059 1102 1136 1128 1203.

232 1187 270 1213 De
295 1186 456 1221 provisione
487 1194 613 1220 congrua
642 1185 817 1220 assignanda
850 1185 879 1211 in
909 1186 1053 1220 Hungaria
1076 1185 1209 1219 episcopo

197 1235 341 1270 Aquinati.
360 1235 438 1269 (Risu.
455 1235 498 1265 28,
518 1234 566 1261 ΙοΙ.
588 1235 645 1262 [34).
663 1243 730 1261 ann.
748 1234 793 1266 ΙΙΙ,
813 1234 904 1261 benef.
922 1239 953 1261 n⁰
967 1235 1024 1269 30.)

1029 1343 1210 1373 Trahimur

199 1405 314 1427 amara
337 1396 487 1435 suspiria
509 1398 541 1426 et
562 1396 668 1426 multa
690 1396 814 1426 mentis
831 1396 1083 1434 perturbatione
1100 1405 1211 1427 move-

198 1459 285 1485 mur,
305 1450 385 1480 dum
410 1450 559 1489 prelatos
583 1449 803 1480 ecclesiarum
820 1458 880 1488 pro
898 1450 1049 1480 Romane
1069 1450 1209 1481 ecclesie

199 1503 377 1534 devotione
406 1503 446 1533 ab
475 1503 628 1533 ecclesiis
658 1503 730 1532 suis
759 1503 896 1533 exulare
926 1503 1153 1542 conspicimus
1178 1505 1209 1534 et

198 1555 343 1594 deprimi
362 1555 565 1593 gravissima
585 1556 743 1594 egestate.
769 1555 967 1593 Specialiter
992 1557 1104 1586 autem
1123 1556 1210 1586 circa

197 1617 379 1647 personam
397 1607 601 1638 venerabilis
622 1608 737 1638 fratris
758 1609 864 1638 nostri
885 1633 890 1638 .
909 1634 914 1638 .
933 1609 1082 1647 episcopi
1106 1610 1209 1648 Aqui—

197 1661 298 1695 natis‚
310 1661 419 1700 quial)
430 1661 573 1691 ecclesia
584 1670 644 1691 sua
655 1670 713 1700 per
725 1661 881 1691 inimicos
896 1662 1048 1700 ejusdem
1058 1663 1209 1693 Romane

199 1714 339 1744 ecclesie
359 1708 503 1753 fugatus,
523 1714 671 1752 experiri
690 1714 820 1753 cogitur
842 1714 981 1744 insolita
998 1715 1210 1746 incommoda

239 1356 253 1371 «
287 1344 346 1377 R,
382 1343 480 1372 sancti
512 1342 623 1381 Anqeli
656 1342 784 1372 diacono
822 1342 987 1373 cardinali.

197 1767 419 1806 paupertatis,
439 1768 576 1805 paterne
601 1768 755 1806 gerentes
779 1767 916 1805 pietatis
934 1768 1088 1798 affectum
1107 1777 1143 1798 ac
1164 1769 1211 1799 di-
1241 1794 1242 1803 .
1275 1799 1280 1804 ,
1327 1801 1331 1805 ,
1366 1799 1371 1804 ,
1815 1799 1820 1803 ,
2006 1807 2009 1808 ⁷
2106 1807 2109 1808 ⁷
2237 1799 2242 1803 ,

1242 1816 1243 1821 =
1273 1808 1306 1828 in
1326 1799 1417 1828 illius
1435 1798 1644 1836 corporalem
1670 1806 1923 1836 possessionem
1948 1800 1978 1828 et
1999 1798 2216 1828 defendentes
2236 1807 2283 1828 in-

197 1829 300 1859 gnum
319 1820 553 1859 respicientes
570 1822 605 1850 ut
623 1821 653 1850 ei
670 1829 731 1859 pro
743 1820 822 1850 fidei
839 1829 898 1850 sue
916 1821 1060 1856 meritis,
1077 1830 1094 1851 a
1112 1821 1211 1852 nobis

199 1873 434 1903 subventionis
449 1873 569 1903 saltem
585 1873 761 1911 proveniat
776 1874 963 1903 remedium
982 1875 1211 1913 congruentis,

199 1926 402 1956 mandamus
420 1926 581 1965 quatinus
598 1927 748 1965 predicto
767 1927 936 1965 episcopo,
953 1936 1012 1966 pro
1028 1936 1064 1958 se
1075 1930 1106 1958 et
1116 1929 1213 1967 quin-

200 1989 264 2019 que
282 1980 437 2018 personis
464 1987 503 2009 ac
522 1979 632 2009 tribus
651 1980 865 2018 equitaturis,
884 1981 1115 2018 provisionem
1139 1990 1212 2011 con-

199 2041 329 2071 gruam,
347 2033 443 2071 juxta
465 2035 521 2063 tue
539 2033 776 2071 dispositionis
794 2033 985 2069 arbitrium,
1002 2034 1042 2063 ab
1059 2035 1213 2065 ecclesiis

200 2087 233 2116 et
256 2086 475 2116 monasteriis
503 2086 662 2125 Ungarie,
683 2087 853 2125 exemptis
871 2087 923 2116 vel
948 2096 1012 2117 nou
1032 2089 1211 2126 exemptis,

199 2139 418 2169 Cisterciensi
448 2140 479 2169 et
504 2139 618 2169 Sancti
646 2139 806 2169 Damiani
836 2140 1013 2170 ordinibus
1037 2141 1214 2171 dumtaxat

200 2192 363 2231 exceptis,
384 2201 491 2231 usque
508 2193 548 2222 ad
567 2193 764 2227 triennium,
782 2201 842 2231 per
860 2195 890 2223 te
909 2194 962 2223 vel
984 2194 1089 2224 alium
1109 2194 1214 2225 facias

200 2299 360 2333 veterem,
379 2308 423 2328 vu
442 2299 605 2328 kalendas
624 2298 782 2334 octobris,
803 2307 888 2329 anno
907 2300 976 2329 111⁰.
999 2310 1013 2328 »

293 2467 366 2498 913

719 2466 841 2496 Orvieto,
856 2467 872 2493 3
888 2466 1045 2492 novembre
1063 2466 1140 2493 1253.

243 2551 272 2576 [Ἰ
305 2550 478 2584 magistrum
504 2549 675 2583 Johannem,
702 2549 811 2576 dictum
830 2551 924 2581 Pucin,
948 2550 975 2576 in
1004 2550 1215 2583 possessionem

203 2600 385 2633 praebendae
412 2602 440 2626 ct
464 2598 650 2626 canonicatus
677 2599 704 2624 in
728 2598 849 2625 ecclesia
874 2598 1040 2626 Lexoviensi
1068 2599 1213 2626 inducant.

205 2648 285 2683 (Rrec.
303 2650 347 2675 28.
367 2648 414 2674 sol.
437 2648 494 2675 130.
511 2656 577 2674 ann.
595 2647 639 2677 ΙΙΙ,
658 2648 750 2673 beart.
770 2653 798 2673 110
813 2647 871 2679 31.)

246 2766 261 2781 «
293 2753 450 2792 illaqislris
469 2752 604 2782 johanni
629 2752 662 2782 de
687 2753 854 2788 iliensium,
876 2753 1021 2781 canonico
1038 2752 1215 2787 parisiensi,

205 2807 367 2847 capellano
383 2811 495 2841 nostro,
509 2812 534 2836 et
548 2805 675 2835 Nicolao
687 2806 722 2835 dc
736 2806 899 2840 Ostralzwz,
910 2806 1053 2835 canonico
1069 2805 1216 2836 Constan-

206 2861 303 2890 tiensi.
328 2861 512 2890 Personam
538 2859 652 2889 dilecti
677 2859 736 2888 tilii
767 2859 918 2897 magistri
943 2859 1107 2889 Jobannis
1136 2859 1215 2889 dicti

205 2913 313 2947 Pucin,
343 2913 482 2943 rectoris
512 2912 652 2943 ecclesie
683 2914 795 2942 sancte
825 2912 929 2942 Maric
957 2912 996 2942 de
1028 2912 1213 2951 Bellafago,

2218 237 2276 265 437

1240 338 1241 343 ,
1271 316 1494 346 Lexoviensis
1516 316 1674 351 diocesis,
1701 316 1969 347 consideratione
1994 318 2107 347 dilecti
2131 318 2190 348 tilii
2211 328 2275 348 ma-

1270 369 1366 406 gistri
1393 369 1545 407 Gregorii
1574 369 1613 398 de
1638 369 1794 407 Neapoli,
1819 370 1983 408 capellani
2005 371 2123 406 nostri,
2141 371 2197 409 qui
2220 380 2278 409 pro

1271 430 1320 456 eo,
1353 422 1512 451 familiari
1539 430 1616 456 suo,
1649 422 1868 460 apostolicam
1900 424 2042 461 gratiam
2071 423 2276 461 imploravit,

1271 475 1416 512 gratiose
1439 475 1596 513 prosequi
1623 484 1658 503 ac
1681 467 1909 505 favorabiliter
1928 476 2149 512 intendentes,
2169 476 2278 506 eidem

1273 528 1434 566 magistro
1460 527 1604 557 Johanui
1633 528 1865 558 canonicatum
1888 529 2109 559 Lexoviensis
2138 530 2278 559 ecclesie

1272 589 1307 609 ac
1324 580 1542 618 prebendam,
1563 580 1748 610 cotidianas
1774 581 2031 611 distributiones
2057 591 2206 612 annexas
2225 582 2280 612 ba-

1272 632 1417 668 bentcm,
1430 634 1526 672 sique
1538 635 1616 663 tunc
1628 633 1786 663 vacabant
1804 633 1938 668 ibidem.
1950 635 2170 665 conferendos
2182 636 2280 665 duxi-

1272 694 1359 722 mus,
1372 686 1590 716 investientes
1605 695 1680 716 eum
1698 696 1756 725 per
1771 690 1924 717 nostrum
1940 687 2076 717 anulum
2088 688 2127 717 de
2138 688 2276 718 eisdem.

1271 739 1304 767 Si
1330 747 1408 768 vero
1430 739 1542 777 aliqua
1562 738 1731 777 prebenda
1753 742 1830 770 tunt·
1855 739 1936 769 inibi
1958 749 2019 769 non
2039 741 2186 773 vacabat,
2209 750 2280 779 pre-

1271 791 1414 821 bendam
1441 791 1484 820 ibi
1514 792 1668 830 proximo
1693 796 1882 822 vacaturam
1907 794 2141 823 conterendam
2171 794 2278 823 eidem

1240 872 1242 884 ἰ
1272 845 1434 883 magistro
1453 845 1597 874 Jolianni
1621 845 1793 874 donationi
1813 846 1995 883 apostoliae
2016 847 2278 881 reservavimus,

1271 897 1488 927 decernentes
1512 899 1633 927 extunc
1653 898 1786 927 irritum
1813 900 1844 928 et
1864 899 1972 930 inaiw,
1999 900 2026 928 si
2051 908 2148 928 sevus
2165 900 2204 929 de
2223 900 2280 929 illa

1271 950 1475 988 contingeret
1503 950 1707 988 attemptari,
1725 951 1858 980 dilectis
1878 951 1958 981 filiis
1980 977 1984 980 .
2006 977 2011 981 .
2032 954 2177 985 cantore,
2196 954 2225 981 ct
2247 977 2252 982 .
2272 976 2277 982 .

1271 1003 1481 1033 thesaurario
1498 1003 1830 1041 Rothomagensibus
1847 1013 1947 1042 super
1966 1005 2024 1034 boc
2043 1005 2282 1034 executoribus

1271 1055 1452 1094 deputatis.
1473 1056 1538 1086 Sed
1557 1056 1741 1086 venerabili
1771 1056 1873 1086 fratre
1891 1059 2005 1086 nostro
2025 1082 2030 1086 .
2052 1080 2057 1085 .
2077 1058 2280 1087 Lexoviensi

1271 1108 1441 1146 episcopo,
1457 1109 1497 1137 ad
1514 1117 1613 1146 quem
1632 1108 1665 1137 in
1683 1109 1799 1138 eadem
1817 1109 1959 1138 ecclesia
1976 1110 2144 1147 pertinere
2158 1110 2281 1140 dicitur

1272 1160 1406 1190 collatio
1437 1160 1694 1199 prebendarum.
1716 1161 1749 1190 in
1776 1161 1908 1199 negotio
1934 1162 2142 1199 provisionis
2167 1162 2281 1200 liujus-

1272 1214 1363 1244 modi
1389 1214 1640 1249 difficultatem,
1677 1215 1762 1243 sicut
1798 1214 2046 1251 intelleximus,
2084 1215 2279 1249 adhibente,

1272 1267 1382 1296 dictus
1400 1267 1562 1305 magister
1580 1266 1761 1303 Joliannes,
1782 1267 1868 1297 sicut
1887 1268 2021 1301 asserit,
2042 1276 2107 1297 non
2128 1270 2179 1298 est
2197 1268 2282 1299 facte

1272 1319 1337 1350 sibi
1354 1320 1386 1349 in
1399 1319 1458 1350 hac
1472 1321 1565 1358 parte
1579 1320 1685 1358 gratie
1703 1319 1852 1350 obtatum
1867 1320 2080 1350 commodum
2094 1323 2281 1356 assecutus,

1273 1373 1429 1412 quamvis
1449 1373 1577 1412 pluries
1594 1373 1635 1402 ad
1651 1373 1711 1403 hoc
1730 1373 1889 1403 obtulerit
1913 1382 1947 1403 se
1966 1374 2127 1403 facultas:
2146 1376 2283 1413 propter

1271 1427 1360 1465 quod
1386 1427 1475 1456 idem
1504 1426 1665 1465 magister
1689 1426 1860 1457 Johannes
1886 1435 1988 1465 super
2014 1427 2076 1457 hoc
2100 1427 2283 1465 apostolice

1270 1480 1480 1518 providentie
1489 1480 1675 1509 remedium
1684 1480 1889 1518 imploravit.
1898 1480 2073 1515 Quocirca,
2083 1480 2282 1510 mandamus

1240 1544 1241 1552 ι
1271 1533 1431 1571 quatinus
1458 1541 1517 1562 vos
1538 1532 1589 1562 vel
1608 1533 1692 1562 alter
1708 1534 1871 1567 vestrum,
1888 1541 1948 1571 per
1971 1541 2030 1562 vos
2049 1533 2100 1563 vel
2119 1533 2204 1563 alios
2222 1541 2283 1563 seu

1240 1591 1241 1615 1
1271 1586 1387 1621 alium,
1405 1585 1609 1624 prebendam
1627 1585 1712 1615 nulli
1732 1586 1789 1615 alii
1810 1586 1938 1624 dejure
1954 1586 2113 1621 debitam,
2136 1586 2165 1615 si
2182 1595 2283 1625 quam

1271 1640 1347 1677 post
1371 1639 1636 1669 reservationem
1664 1640 1694 1669 et
1722 1639 1893 1669 decretum
1917 1638 2121 1677 hujusmodi,
2145 1648 2282 1670 vacasse

1272 1693 1509 1730 reppereritos‚
1529 1692 1595 1730 tsic)
1620 1692 1707 1721 dicto
1733 1692 1894 1730 magistro
1918 1692 2063 1722 ⁷Iohanni
2084 1693 2282 1722 auctoritate

1272 1748 1385 1775 nostra
1403 1745 1554 1775 conferre
1567 1747 1597 1775 et
1611 1745 1783 1783 assignare.
1802 1745 1938 1780 curetis,
1956 1745 2152 1775 inducentes
2170 1745 2283 1784 ipsum

1273 1852 1422 1887 ductum,
1440 1853 1551 1881 amoto
1569 1851 1609 1881 ab
1628 1860 1666 1881 ea
1686 1851 1834 1889 quolibet
1857 1851 1975 1881 illicito
1993 1851 2176 1881 detentore.
2194 1851 2284 1881 Alio-

1274 1906 1367 1944 quin,
1384 1905 1590 1943 provideatis
1616 1905 1645 1934 ei
1675 1905 1714 1933 de
1740 1904 1806 1934 alia
1829 1905 1912 1934 nulli
1938 1904 1995 1934 alii
2015 1904 2138 1934 debita,
2159 1904 2284 1934 ibidem

1243 1976 1244 1979 =
1274 1958 1430 1997 proximo
1442 1959 1611 1991 vacatura,
1625 1957 1721 1994 juxta
1738 1958 1890 1995 priorum
1904 1957 2143 1987 continentiam
2158 1957 2286 1987 littera-

1244 2024 1245 2027 *
1274 2020 1361 2041 rum.
1380 2012 1420 2041 Et
1436 2020 1475 2040 ne
1488 2011 1715 2049 provisionem
1730 2010 1922 2047 hujusmodi
1941 2019 2000 2048 per
2012 2010 2120 2048 ipsius
2135 2010 2287 2048 episcopi

1275 2065 1413 2103 diffugia
1442 2064 1600 2102 impediri
1628 2064 1679 2093 vel
1711 2063 1882 2102 prorogari
1917 2064 2097 2102 contingat,
2131 2063 2286 2093 volumus

1275 2119 1311 2148 ut
1327 2126 1414 2152 eum,
1431 2117 1459 2147 si
1480 2125 1582 2155 super
1598 2117 1657 2145 hoc
1675 2117 1828 2146 decetero
1845 2116 2078 2146 difficultatem
2097 2116 2287 2146 adhibuerit

1245 2188 1246 2197 ι
1276 2173 1306 2201 et
1322 2179 1382 2209 per
1399 2179 1459 2200 nos
1478 2170 1628 2200 monitus
1644 2170 1824 2208 diligenter
1843 2169 2006 2199 desistere
2023 2178 2088 2199 non
2108 2170 2285 2205 curaverit,

201 2246 367 2275 assionqri
401 2246 476 2276 Non
494 2245 647 2276 Obgtsmte
682 2247 732 2276 etc
763 2263 794 2267 -
818 2246 942 2276 Datum
967 2247 1055 2285 apud
1072 2247 1213 2278 Urbem·
1245 2225 1246 2231 ¹
1276 2224 1473 2254 auctoritate
1501 2225 1614 2253 nostra
1640 2223 1769 2252 tamdiu
1790 2231 1806 2251 a
1834 2222 2013 2252 collatione
2040 2222 2287 2260 prebendarum

273 2271 291 2284 Ο
319 2265 327 2274 1
374 2270 379 2275 .
539 2268 543 2274 .
567 2266 580 2275 »ι
652 2269 660 2281 ,
738 2271 744 2276 .
1132 2276 1135 2277 ⁷
1246 2273 1247 2276 ,

1276 2277 1417 2307 ecclesie
1452 2276 1645 2314 supradicte
1681 2275 1915 2313 suspendatis,
1949 2275 2051 2304 donec
2089 2275 2188 2304 fuerit
2222 2275 2288 2313 ipsi

1246 2336 1247 2343 ¹
1277 2330 1438 2369 magistro
1457 2330 1601 2359 ‚Iohanni
1626 2329 1665 2358 de
1686 2328 1853 2366 prebenda
1870 2337 1944 2357 cum
1966 2328 2083 2357 effectu
2099 2328 2286 2365 provisum,

1278 2384 1496 2413 decernentes
1518 2383 1652 2412 irritum
1673 2384 1703 2411 et
1722 2382 1832 2416 inane,
1849 2381 1877 2410 si
1894 2382 2009 2410 contra
2029 2380 2288 2419 suspensionem

1278 2437 1417 2467 eandem
1444 2436 1623 2474 episcopus
1650 2435 1721 2473 ipse
1750 2434 1977 2473 quidcumque
1997 2433 2036 2463 de
2062 2433 2131 2462 illis
2150 2433 2287 2463 duxerit

1279 2489 1558 2528 attemptandum.
1592 2489 1665 2518 Nou
1695 2487 1860 2521 obstante,
1891 2488 1951 2516 etc.
1982 2504 2019 2508 —
2047 2486 2171 2516 Datum
2200 2486 2289 2524 apud

1279 2543 1566 2574 Urbemveterem.
1586 2551 1619 2570 ιιι
1642 2550 1747 2571 nonas
1765 2539 1970 2575 novembris,
1990 2548 2075 2569 anuo
2097 2540 2169 2569 111⁰.
2192 2552 2205 2565 n

1769 2727 1893 2758 ιὶιίἰύίῡ,
1913 2727 1948 2752 l‘2'
1965 2726 2119 2752 novembre
2140 2726 2214 2752 1203.

1367 2731 1441 2762 914

1314 2818 1423 2851 [lugoni
1449 2819 1482 2843 ·lc
1501 2817 1625 2850 Faugcrc
1642 2815 1842 2842 canonicatum
1859 2818 1885 2841 et
1909 2815 2100 2849 praebendam
2120 2815 2145 2840 in
2166 2813 2288 2841 ccclesia

1278 2876 1301 2894 s.
1333 2866 1514 2901 lladcgundis
1549 2864 1723 2891 l‘ict-rvcnsis
1753 2864 1875 2890 confert.
1906 2864 1983 2893 (linc.
2017 2864 2060 2893 ΖΝ,
2092 2863 2139 2889 tot.
2177 2864 2224 2890 l3tt
2251 2867 2287 2895 νο,

1247 2902 1248 2935 i
1278 2925 1344 2943 ami.
1366 2915 1411 2942 ΙΙΙ,
1430 2914 1521 2941 benef.
1541 2920 1569 2940 n⁰
1581 2914 1638 2947 32.)
