2547 3289
220 219 282 248 104

791 290 914 321 invicto,
936 290 965 314 19
982 289 1053 315 avril
1074 290 1154 315 1263.

291 303 361 333 233

257 382 402 410 Sententia
420 380 446 406 in
461 377 607 413 questione
620 383 691 409 quae
704 375 778 400 inter
793 373 1042 407 archiepiscopum
1058 374 1225 399 Cretensem

221 434 248 459 et
268 430 429 457 dominium
452 428 625 453 Venetorum
648 425 710 450 orta
730 424 792 448 erut
813 429 898 455 super
921 421 1092 455 quibusdam
1113 420 1228 456 juribus

221 483 249 507 et
268 475 515 514 jurisdictionibus
537 472 730 508 quorumdam
754 470 999 497 monasteriorum
1019 469 1094 496 dicto
1114 469 1225 495 archie-

222 528 332 562 piscopo
350 525 555 559 subjectorum.
573 521 653 555 (lim.
671 521 716 552 2²6,
731 519 799 545 unni
817 519 851 550 ll,
869 522 900 544 n⁰
918 518 962 550 915,
979 518 1027 544 sol.
1045 519 1073 544 81
1094 517 1145 551 v0.)

262 626 276 640 (ι
295 609 696 648 Leonarilo,archiepiscopo
715 607 862 637 Cretensi.
876 607 923 636 Ea
936 615 998 645 que
1010 606 1137 645 jtldicio
1154 607 1228 641 etc.,

222 674 325 705 usquc
342 662 554 694 communiri.
570 660 728 691 Exhibita
746 660 912 699 siquidem
931 659 1025 689 nobis
1042 661 1098 689 tua
1113 659 1229 698 petitio

221 717 409 749 continebat
434 715 533 754 quod,
552 722 628 744 cum
651 713 759 743 felicis
783 712 1022 742 recordationis
1042 712 1231 741 Alexander

222 769 540 811 papa,prcdecessor
556 766 723 800 noster‚in
740 774 840 795 causa
856 774 918 803 que
934 766 1019 795 inter
1034 765 1064 794 te
1081 774 1121 795 ex
1139 765 1230 803 parte

222 833 288 854 una
303 825 333 853 et
353 847 370 852 ..
389 822 519 856 ducem,
538 819 716 850 consilium
732 820 761 849 et
778 826 954 848 commune
971 819 1174 848 Venetorum
1191 825 1232 846 ex

223 877 324 907 altera
353 883 453 913 super
483 872 685 912 quibusdam
712 871 846 910 juribus
877 873 907 901 et
937 870 1232 910 jurisdictionibus

222 928 442 968 quorumdam
463 925 741 957 monasteriorum
766 924 826 954 tibi
850 924 1073 963 subjectorum
1101 923 1232 953 ordina-

222 982 382 1016 tionibus,
401 979 548 1014 decimis,
572 978 738 1008 casalibus
759 979 789 1007 et
806 977 904 1007 rebus
921 977 998 1007 aliis
1019 978 1089 1007 orta
1107 976 1230 1012 extitit,

222 1035 379 1065 dilectum
402 1033 509 1063 filium
532 1033 683 1062 nostrum
703 1031 747 1066 J.,
762 1030 868 1060 sancti
887 1030 1018 1060 Nicolai
1038 1030 1068 1059 111
1094 1029 1232 1059 Carcere

222 1087 378 1118 Tulliano
393 1085 569 1115 diaconum
586 1083 800 1118 cardinalem,
811 1083 957 1113 dedisset
970 1082 1122 1122 partibus
1139 1081 1232 1112 audi-

226 1142 343 1174 torem,
371 1140 402 1169 et
432 1146 543 1169 coram
565 1146 603 1167 eo
630 1136 749 1166 fuisset
777 1136 862 1166 inter
890 1136 1000 1174 partes
1025 1135 1233 1174 aliquamdiu

224 1192 403 1231 litigatum,
418 1200 477 1221 nos
488 1190 621 1221 tandem
633 1197 767 1220 causam
778 1189 884 1227 ipsam
898 1188 1017 1218 dilecto
1035 1188 1103 1218 filio
1121 1188 1233 1218 nostro

225 1245 269 1282 J.‚
283 1246 393 1275 sancte
416 1244 518 1274 Marie
542 1244 577 1272 in
598 1242 776 1273 Cosmedin
799 1242 936 1271 diacono
957 1241 1130 1275 cardinali,
1147 1250 1233 1270 com-

226 1299 381 1329 misimus
398 1296 611 1330 audiendam,
626 1304 736 1325 coram
754 1303 832 1333 quo,
847 1295 903 1324 lite
917 1294 1001 1324 inter
1013 1295 1123 1332 partes
1145 1294 1234 1332 ipsas

226 1352 371 1389 legitime
386 1349 773 1387 contestata,juramento
790 1349 855 1377 tam
871 1348 910 1377 de
925 1346 1118 1384 calumpnia
1134 1354 1233 1385 quam

226 1405 265 1434 de
285 1404 419 1433 veritate
435 1402 573 1433 dicenda
591 1401 668 1431 hinc
686 1401 762 1430 inde
775 1400 923 1439 prestito,
943 1399 1131 1437 fa[c]tisque
1146 1399 1234 1438 posi-

225 1457 372 1488 tionibus
388 1457 419 1486 et
432 1454 707 1494 responsionibus
720 1453 919 1488 subsecutis,
937 1460 1065 1482 necnon
1083 1452 1234 1482 articulis

225 1510 265 1540 ab
284 1511 422 1547 utraque
440 1508 531 1546 parte
554 1506 728 1545 porrectis,
750 1505 860 1535 dictus
876 1505 1022 1535 Jacobus
1038 1504 1232 1540 cardinalis,

226 1562 309 1592 visis
322 1563 352 1592 et-
369 1560 543 1591 lntellectis
558 1559 731 1597 utriusque
750 1558 853 1597 partis
869 1558 1068 1592 rationibus,
1087 1566 1123 1587 ac
1138 1558 1234 1588 nobis

224 1616 255 1645 et
281 1613 439 1644 fratribus
464 1612 586 1642 nostris
612 1612 650 1641 de
674 1611 740 1641 hiis
757 1611 916 1641 relatione
942 1611 1027 1640 sacta
1052 1610 1155 1645 fideli,
1183 1611 1232 1640 in-

223 1667 439 1705 terloquendo
466 1664 695 1704 pronuntiavit
724 1663 918 1702 hujusmodi
947 1663 1103 1693 articulos
1129 1664 1234 1702 partis

224 1721 373 1754 adverse,
382 1720 479 1758 prout
490 1718 722 1753 offerebantur,
733 1726 797 1747 11011
808 1726 880 1747 esse
895 1717 1107 1755 aliquatenus
1118 1715 1233 1747 admit-

224 1773 352 1804 tendos.
378 1773 416 1802 [ct
438 1772 514 1801 licet
536 1771 728 1810 procurator
752 1770 858 1809 ipsius
890 1770 992 1808 partis
1023 1770 1163 1800 adverse
1194 1770 1234 1800 ad

224 1825 426 1856 audientiam
454 1825 601 1855 nostram
629 1824 668 1853 ab
690 1823 938 1853 interlocutoria
963 1823 1155 1861 hujusmodi
1177 1832 1232 1861 ap-

225 1879 372 1917 pellaret,
389 1887 449 1908 nos
464 1879 574 1908 tamen
591 1877 847 1915 appellationem
871 1876 1063 1915 hujusmodi
1085 1885 1151 1906 non
1173 1876 1231 1906 ad-

225 1932 390 1965 misimus,
409 1931 466 1960 sed
486 1931 596 1968 partes
615 1929 703 1968 ipsas
724 1930 763 1958 ad
780 1938 920 1959 examen
939 1929 1100 1967 sepedicti
1118 1929 1234 1958 Jacobi

225 1983 404 2014 cardinalis
428 1983 586 2012 duximus
608 1981 833 2011 remittendas.
853 1981 918 2016 Qui
942 1981 1085 2015 tandem,
1110 1981 1233 2011 auditis

226 2038 256 2067 et
283 2036 460 2066 intellectis
484 2034 668 2064 rationibus
696 2034 869 2072 utriusque
894 2033 997 2071 partis
1022 2033 1136 2072 eisque
1160 2034 1234 2063 dili-

226 2091 338 2127 genter
365 2088 521 2127 inspectis
548 2096 583 2116 ac.
610 2095 709 2125 super
734 2086 800 2115 biis
828 2086 967 2125 provida
993 2086 1233 2116 deliberatione

226 2150 336 2172 secum
365 2140 474 2170 habita
499 2142 527 2170 et
554 2139 649 2169 nobis
678 2139 836 2169 relatione
863 2139 945 2168 sacta
974 2138 1077 2174 fideli,
1105 2148 1232 2169 necnon

226 2194 418 2224 auctoritate
435 2194 466 2222 et
479 2192 615 2231 speciali
633 2192 788 2221 mandato
805 2190 1040 2230 pronuntiamli
1061 2192 1200 2230 receptis
1217 2201 1235 2221 a

227 2246 334 2281 nobis,
354 2247 383 2275 te
400 2254 530 2284 quoque
549 2246 580 2275 et
597 2244 734 2274 alterius
751 2244 854 2283 partis
872 2245 1083 2282 procuratore
1100 2253 1232 2283 presen-

225 2300 324 2334 tibus,
339 2299 552 2329 diffinitivam
569 2307 627 2337 pro
644 2299 673 2327 te
691 2297 890 2327 sententiam
909 2297 1233 2335 promulgavit,,iam-

225 2354 345 2383 dictam
362 2353 488 2391 partem
507 2351 643 2381 alteram
660 2350 721 2380 tibi
738 2359 958 2388 expensarum
982 2351 1126 2385 nomine,
1143 2351 1233 2389 jura-

225 2407 335 2436 mento
359 2414 376 2435 a
401 2406 428 2435 te
453 2413 553 2443 super
576 2404 635 2434 hoc
660 2403 796 2442 prestito
820 2404 849 2433 et
874 2403 1039 2433 taxatione
1063 2404 1234 2438 Δ0001111111

226 2459 313 2489 certa
328 2466 456 2488 summa
474 2457 612 2496 pecunie
628 2456 915 2495 condempnando,
934 2458 1031 2494 prout
1050 2456 1081 2485 in
1100 2456 1233 2494 publico

227 2511 445 2542 instrumento
472 2510 621 2540 consecto
645 2509 764 2539 exinde
787 2518 823 2539 ac
849 2509 959 2547 sigillo
983 2509 1162 2539 cardinalis
1185 2518 1234 2539 se-

225 2564 345 2603 pedicti
374 2564 515 2601 signato,
540 2563 672 2601 plenius
702 2562 900 2592 continetur.
928 2562 1036 2597 Quare
1065 2561 1235 2592 humiliter

226 2616 360 2655 petebas
384 2625 402 2646 a
431 2615 540 2651 nobis,
564 2616 600 2645 ut
623 2615 822 2645 sententiam
845 2616 875 2644 et
900 2614 1233 2652 comtempnationem

227 2669 416 2708 hujusmodi
435 2668 617 2706 apostolico
640 2676 833 2698 curaremus
855 2667 1040 2697 munimine
1064 2668 1231 2698 roborare.

226 2722 296 2752 Nos
317 2722 425 2760 itaque
444 2721 508 2751 tuis
528 2721 830 2760 supplicationibus
856 2719 1017 2755 inclinati,
1035 2721 1233 2751 seutentiam

228 2776 259 2805 et
288 2774 620 2812 condempnationem
644 2774 776 2804 easdem
800 2773 938 2812 provide
970 2773 1065 2807 latas,
1090 2774 1177 2803 ratas
1203 2776 1233 2804 et
1264 2763 1265 2783 ἶ

230 2827 342 2857 firmas
353 2826 520 2862 babentes,
533 2835 588 2856 eas
600 2826 792 2857 auctoritate
804 2826 984 2865 apostolica
997 2826 1234 2856 confirmamus

229 2881 416 2917 etc.,us‹1ue
435 2879 693 2909 communimus.
716 2880 882 2910 Tenorem
905 2880 1014 2909 autem
1034 2879 1141 2918 ipsius
1165 2880 1232 2910 ins-

974 207 1223 238 REGISTRES
1247 206 1462 237 D'URBAIN
1486 207 1544 236 IV.

1289 289 1447 319 trumenti
1474 289 1512 318 dc
1544 288 1645 319 verbo
1675 289 1715 319 ad
1745 289 1883 319 verbum
1912 289 2126 328 presentibus
2156 290 2300 321 fecimus

1289 342 1454 377 annotari,
1472 342 1529 380 qui
1546 342 1624 372 talis
1640 343 1690 372 est
1710 352 1715 370 z

1331 407 1345 422 «
1363 395 1519 430 Jacobus,
1540 395 1753 425 miseratione
1770 395 1884 425 divina
1902 397 2013 425 sancte
2040 395 2143 426 Marie
2160 396 2195 426 in
2220 397 2300 427 Cos-

1290 447 1398 477 medin
1425 447 1586 477 diaconus
1608 447 1800 482 cardinalis,
1824 448 1865 477 ad
1888 450 2082 487 perpetuam
2106 448 2152 478 rei
2178 457 2300 480 memo-

1290 499 1387 529 riam.
1415 500 1455 530 In
1483 501 1604 530 statera
1633 500 1719 539 juris
1752 500 1909 530 trutinata
1938 501 2103 531 discussio
2135 501 2300 537 veritatis,

1290 552 1500 583 examinante
1530 552 1656 590 judicio
1683 552 1851 591 justitiam
1882 553 2024 583 reddens
2054 555 2084 583 et
2111 554 2301 592 ponderans

1290 605 1697 644 equitatem,litigantium
1715 605 1944 636 contentiones
1967 606 2093 636 reducit
2111 607 2151 637 ad
2174 616 2301 645 pacem,

1291 659 1321 687 et
1346 657 1532 688 discordias
1555 659 1593 688 ad
1620 667 1832 694 consensum,
1860 668 1901 689 cx
1928 668 1993 697 quo
2024 659 2061 689 fit
2086 661 2120 689 ut
2145 660 2302 698 preterite

1293 711 1520 750 repugnando,
1545 711 1676 741 sublata
1695 711 1887 747 formidine,
1911 712 1951 741 ad
1974 712 2121 742 caritatis
2144 713 2303 743 unionem

1292 764 1323 793 et
1342 763 1487 793 amicitie
1510 764 1689 803 puritatem
1711 764 1880 794 dissensio
1904 766 2090 800 revocetur,
2113 765 2191 795 dum
2215 765 2304 804 quod

1293 825 1389 845 suum
1413 816 1664 855 est,unicuique
1689 816 1858 852 tribuitur,
1873 818 1904 847 et
1930 817 2090 856 implicite
2111 818 2304 856 questiones

1294 869 1413 899 virtute
1432 869 1561 908 justitie
1578 869 1802 899 resolvuntur.
1823 869 2007 905 Sane,cum
2025 869 2113 900 inter
2131 869 2303 900 venerabi·

1292 921 1355 951 lem
1375 923 1499 960 patrem
1508 923 2030 961 Leonardum,archiepiscopum
2048 924 2252 958 Cretensem,
2264 932 2305 953 ex

1293 976 1383 1013 parte
1402 984 1467 1005 una
1483 977 1513 1006 et
1532 999 1550 1005 ..
1569 975 1698 1011 ducem,
1717 976 1895 1006 consilium
1911 977 1942 1006 et
1963 984 2140 1006 commune
2162 976 2306 1007 Veneto-

1293 1035 1367 1057 rum
1394 1036 1434 1057 ex
1459 1028 1573 1063 altera,
1601 1037 1701 1067 super
1727 1028 1873 1059 diversis
1900 1029 2051 1059 articulis
2079 1029 2206 1059 dudum
2235 1030 2306 1059 orta

1294 1080 1412 1110 fuisset
1432 1081 1570 1111 materia
1590 1081 1787 1120 questionis,
1809 1081 1918 1111 felicis
1940 1082 2178 1111 recordationis
2201 1081 2305 1112 domi-

1294 1142 1357 1163 nus
1384 1134 1681 1173 Alexander,palm
1700 1135 1778 1169 IIII,
1794 1134 1978 1165 venerabili
2009 1134 2043 1164 in
2062 1135 2194 1165 Christo
2220 1133 2305 1173 patri

1294 1186 1428 1216 domino
1445 1187 1488 1223 J.‚
1499 1187 1561 1217 Dei
1574 1188 1677 1226 gratia
1689 1187 1793 1217 sancti
1805 1187 1936 1217 Nicolai
1950 1187 1984 1217 in
1996 1189 2134 1217 Carcere
2150 1187 2308 1217 Tulliano

1295 1239 1433 1269 diacono
1452 1240 1625 1274 cardinali,
1642 1249 1774 1270 causam
1795 1249 1896 1279 super
1914 1240 1980 1269 hiis
2000 1240 2200 1270 audiendam
2218 1248 2304 1269 com-

1296 1292 1398 1322 misit.
1417 1293 1567 1331 Cumque
1581 1294 1690 1331 partes
1704 1302 1814 1323 eoram
1833 1302 1870 1322 co
1884 1293 2092 1331 aliquamdiu
2108 1292 2304 1331 litigassent,

1295 1345 1427 1374 tandem
1441 1345 1675 1375 sanctissimus
1687 1345 2126 1382 1·ater‚dominusUrbanus⁷
2136 1345 2306 1384 papalIII,

1296 1407 1356 1427 nos
1372 1398 1462 1428 dedit
1482 1398 1514 1427 in
1530 1406 1629 1427 causa
1649 1397 1839 1436 hujusmodi
1865 1398 2023 1437 predictis
2043 1398 2194 1436 partibus
2217 1398 2307 1428 audi-

1296 1453 1410 1482 torem.
1426 1450 1563 1481 Eisdem
1580 1451 1681 1490 igitur
1699 1451 1738 1481 ad
1757 1453 1904 1481 nostram
1923 1452 2126 1490 presentiam
2145 1460 2305 1482 convoca·

1294 1504 1510 1543 tissdictoque
1523 1503 1769 1543 archiepiscopo
1781 1513 1841 1543 pro
1853 1513 1887 1534 se
1898 1513 1938 1534 ex
1950 1507 2042 1543 parte
2055 1514 2132 1541 una,
2142 1506 2172 1535 et
2183 1504 2307 1535 Jacobo

1295 1557 1540 1591 Malaenzocho,
1576 1557 1807 1587 archidiacono
1842 1557 2042 1592 Castenano,
2078 1558 2308 1596 procuratorio

1294 1610 1429 1641 nomine
1452 1610 1558 1645 ducis,
1581 1610 1712 1640 consilii
1736 1612 1765 1640 et
1788 1611 1977 1640 communis
1999 1611 2224 1649 predictorum
2246 1619 2306 1650 pro

1294 1663 1378 1703 ipsis
1400 1663 1594 1693 mandatum
1617 1663 1804 1701 legitimum
1826 1664 2081 1699 ostendente,ex
2101 1664 2310 1698 anema-om·

1293 1716 1489 1756 parentibus
1512 1724 1622 1746 coram
1649 1716 1758 1752 nobis,
1788 1716 1876 1747 idem
1899 1716 2170 1756 archiepiscopus
2194 1718 2308 1747 contra

1294 1771 1422 1803 ducem,
1439 1769 1618 1799 consilium
1637 1770 1668 1799 ct
1684 1778 1860 1799 commuue
1877 1770 2127 1808 prenominatos
2144 1771 2173 1799 et
2190 1777 2305 1799 eorum

1293 1824 1539 1862 procuratorem
1556 1822 1733 1861 petitiones
1750 1831 1828 1853 suas
1842 1823 1875 1853 111
1890 1822 2025 1862 scriptis
2038 1822 2156 1853 obtulit
2174 1824 2307 1853 tenores

1294 1876 1484 1915 hujusmodi
1504 1876 1713 1906 continentes
1733 1885 1739 1905 :

1338 1941 1352 1955 «
1373 1930 1492 1959 Coram
1522 1929 1629 1963 vobis,
1646 1929 1828 1959 venerabili
1859 1930 1950 1968 patre
1977 1930 2114 1959 domino
2139 1929 2308 1964 J.,sancte

1294 1983 1396 2012 Marie
1421 1983 1454 2012 in
1479 1982 1657 2011 Cos-medin
1680 1982 1820 2012 diacono
1844 1982 2050 2018 cardinali,a
2071 1982 2206 2012 domino
2223 1990 2309 2021 papa

1294 2035 1444 2074 partibus
1465 2035 1614 2065 auditore
1639 2036 1974 2074 coin-esso‚proponit
1997 2059 2016 2065 ..
2035 2035 2308 2074 archiepiscopus

1294 2088 1463 2117 Cretensis
1496 2087 1629 2117 nomine
1660 2087 1798 2117 ecclesie
1831 2087 2002 2117 Cretensis
2034 2090 2063 2117 et
2097 2088 2309 2126 episcopatus

1294 2141 1399 2171 sancti
1423 2141 1498 2170 Miri
1523 2140 1585 2169 sibi
1611 2141 1707 2175 uniti,
1733 2142 1844 2171 eontra
1867 2164 1886 2169 ..
1911 2141 2040 2174 ducem,
2073 2140 2252 2170 consilium
2277 2142 2308 2170 et

1294 2202 1468 2224 commune
1490 2194 1707 2228 Venetorum,
1731 2195 1759 2223 et
1784 2196 1896 2223 contra
1923 2195 2169 2232 procuratorem
2193 2202 2308 2223 eorum

1294 2247 1493 2285 legitimum,
1511 2247 1694 2285 quod‚cum
1713 2247 1821 2276 dictus
1837 2246 2109 2286 archiepiscopus
2126 2246 2244 2276 babeat
2258 2247 2309 2285 ju-

1264 2329 1265 2333 ,
1295 2299 1521 2330 risdictiouem
1538 2300 1747 2338 spiritualem
1766 2301 1795 2329 et
1815 2299 2031 2338 temporalem
2049 2299 2081 2329 111
2101 2299 2307 2338 presbiteris,

1294 2351 1502 2385 diaconibus,
1521 2351 1652 2381 clericis
1666 2353 1693 2381 et
1713 2351 1789 2381 aliis
1805 2351 2041 2381 ecclesiasticis
2058 2351 2224 2390 personis,
2243 2352 2309 2380 tam

1264 2419 1266 2421 ν
1295 2405 1412 2434 (trecis
1428 2413 1525 2443 quam
1544 2404 1672 2434 Latinis
1690 2406 1721 2433 et
1738 2404 1854 2434 liberis
1872 2405 1966 2434 laicis
1984 2404 2166 2434 eorundem
2183 2403 2310 2443 predic-

1294 2459 1402 2488 torum
1417 2457 1720 2496 archiepiscopatus
1733 2459 1763 2487 et
1776 2458 1987 2496 episcopatus
2000 2459 2027 2487 et
2043 2457 2107 2496 ipsi
2118 2455 2308 2496 presbiteri,

1294 2510 1405 2540 elerici
1420 2511 1451 2540 01
1463 2510 1526 2540 alie
1541 2510 1762 2540 ecclesiastice
1776 2519 1918 2549 persone
1931 2510 2039 2540 eidem
2055 2509 2308 2548 archiepiscopo

1293 2564 1463 2601 tamquam
1485 2571 1544 2593 suo
1563 2563 1688 2601 prelato
1708 2563 1843 2593 obedire
1866 2563 2021 2597 debeant,
2040 2564 2150 2592 tamen
2168 2559 2310 2601 predicti

1294 2616 1373 2650 dux,
1389 2615 1568 2645 consilium
1587 2617 1616 2645 et
1639 2624 1813 2646 commune
1839 2615 2023 2655 impediunt
2044 2625 2102 2654 per
2124 2624 2158 2645 se
2178 2614 2229 2645 vel
2251 2622 2310 2653 per

1296 2668 1380 2698 alios
1400 2669 1431 2698 et
1452 2670 1563 2698 vetant
1588 2677 1627 2699 110
1648 2668 1750 2707 aliqui
1773 2669 1812 2698 de
1831 2669 1929 2699 dictis
1948 2668 2081 2699 clericis
2101 2671 2130 2698 et
2155 2667 2308 2708 personis

1264 2752 1265 2755 ,
1295 2721 1531 2751 ecclesiasticis
1556 2722 1586 2751 et
1613 2721 1692 2751 tiliis
1717 2721 1897 2751 eorundem
1924 2721 2032 2752 eidem
2057 2721 2308 2760 archiepiscopo

1295 2775 1465 2813 tamquam
1482 2783 1542 2804 suo
1558 2774 1683 2813 prelato
1696 2774 1850 2805 obediant
1862 2776 1893 2805 et
1904 2774 1978 2813 ejus
1993 2775 2147 2804 mandata
2162 2774 2307 2808 servent,

1296 2828 1325 2857 et
1346 2827 1385 2857 de
1401 2826 1536 2865 juribus
1558 2827 1899 2866 archiepiscopalibus
1920 2829 1951 2857 et
1973 2827 2222 2867 episcopalibus
2240 2834 2305 2857 res-

1294 2880 1470 2918 pondeant„
1496 2880 1531 2910 ut
1554 2881 1718 2915 tenentur,
1742 2880 1875 2919 aliquos
1895 2880 1934 2911 de
1957 2880 2041 2919 ipsis
2063 2879 2223 2919 capiendo
2247 2887 2306 2909 seu
