2547 3289
1130 273 1343 304 D'URBAIN
1366 273 1425 304 IV.
2281 277 2317 306 81

244 362 300 390 tue
318 369 377 398 per
403 360 589 398 apostolica
611 359 735 397 scripta
764 359 963 388 mandamus
985 357 1145 396 quatinus
1166 366 1253 386 com-

246 413 387 443 missam
405 412 466 443 tibi
485 413 749 443 sollicitudinem
771 412 913 441 devotus
943 418 1132 445 assumens,
1158 410 1252 439 illam
1284 394 1286 414 ³

246 467 428 504 prudenter
455 468 487 496 et
507 465 689 496 efficaciter
709 465 889 503 exequaris
915 481 961 493 —.
990 464 1115 493 Datum
1142 464 1178 492 ut
1199 471 1253 492 su-

246 528 307 557 pra
325 519 358 549 in
373 519 540 557 proxima.
563 528 577 547 1)

336 716 409 746 302
800 712 923 743 Orvicto,
944 710 1086 746 terjuillet
1106 712 1181 738 1263.

282 797 374 824 Priori
389 797 555 824 monasterii
572 797 598 823 S.
621 796 762 823 vincentii
785 795 983 823 Ulixbonensis
1010 803 1092 821 usum
1110 794 1202 821 mitrae
1230 797 1257 822 et

246 846 338 873 baculi
354 846 439 872 certis
455 845 566 877 diebus,
582 844 679 871 annuli
702 852 751 878 pro
769 844 850 871 libito
874 843 1005 871 concedit
1023 843 1051 870 in
1075 846 1256 878 perpetuum.

246 894 329 929 (Res.
346 896 390 925 27,
408 894 456 921 sol.
476 895 520 924 82,
537 898 569 920 n⁰
588 893 623 927 l.)

288 1014 302 1030 «
320 1002 436 1032 Dilecto
452 1000 543 1040 fillo..
560 1001 659 1040 priori
684 1000 860 1029 monasterii
885 999 982 1028 sancti
1004 999 1154 1028 Vc'ncentii
1173 999 1258 1029 Lfliae-

247 1055 394 1091 bonensis,
415 1054 531 1084 ordinis
546 1054 645 1083 sancti
669 1053 848 1093 Auynstini.
869 1052 1030 1083 Exhibita
1044 1052 1142 1082 nobis
1160 1053 1258 1083 devo-

246 1109 349 1139 tionis
366 1110 423 1139 tue
436 1108 555 1146 petitio
572 1106 762 1138 continebat
775 1106 864 1144 quod
877 1106 911 1135 in
928 1106 1133 1136 monasterio
1150 1105 1258 1136 sancti

246 1162 416 1192 Vincentii
436 1160 692 1196 Ulixlimieiisis,
714 1159 842 1189 ordinis
862 1159 969 1189 sancti
991 1159 1187 1197 Augustini,
1205 1159 1258 1188 cui

245 1215 411 1253 presides,
436 1214 476 1244 de
493 1213 736 1243 consuetudine
760 1214 810 1242 est
843 1211 1017 1242 obtentum
1038 1212 1127 1250 quod
1149 1213 1258 1242 canto-

245 1275 300 1297 res
318 1267 428 1306 insius
443 1265 641 1296 monasterii
654 1274 714 1304 per
731 1273 816 1303 quos
834 1265 954 1295 chorus
972 1264 1110 1303 regitur,
1126 1264 1160 1294 in
1175 1264 1258 1294 divi-

246 1320 299 1350 nis
310 1319 442 1356 officiis,
458 1319 578 1349 diebus
592 1318 850 1357 sollempnibus,
864 1318 964 1348 mitre
980 1327 1016 1348 ac
1025 1317 1140 1348 baculi
1158 1326 1259 1347 11311111

245 1373 381 1403 habent.
402 1373 508 1409 Unde,
530 1371 610 1411 quia
627 1372 749 1402 decens
773 1372 805 1401 et
823 1380 1008 1410 congruum
1037 1371 1210 1401 videretur
1229 1370 1259 1400 si

246 1434 391 1465 persona
407 1425 543 1464 prioris,
563 1425 620 1463 qui
650 1426 749 1462 caput
772 1425 823 1454 est
852 1424 997 1454 aliorum
1016 1425 1047 1454 et
1067 1424 1140 1453 1000
1159 1432 1195 1453 ac
1213 1423 1260 1453 di-

246 1479 371 1519 gnitate
391 1478 608 1517 prestantior,
630 1481 748 1507 ornatu
768 1477 992 1516 insigniorum
1009 1477 1204 1515 hujusmodi
1225 1477 1259 1506 in

247 1532 373 1562 divinis
386 1531 508 1561 officiis
526 1540 592 1561 una
606 1540 681 1561 cum
698 1531 787 1567 aliis,
803 1531 844 1560 ad
856 1530 1018 1568 majorem
1036 1530 1127 1559 011011
1141 1530 1259 1560 1100011-

247 1585 330 1616 tiam
346 1586 377 1615 et
396 1583 781 1618 decorem‚honorabilis
798 1584 984 1622 appareret,
1006 1582 1104 1612 nobis
1123 1582 1261 1612 humili-

247 1640 299 1668 ter
318 1637 530 1676 supplicasti,
550 1639 585 1667 ut
614 1637 648 1666 in
666 1636 732 1666 11113
753 1644 933 1674 personam
950 1637 1042 1665 tuam
1069 1637 1101 1665 et
1126 1644 1261 1665 monas-

246 1691 370 1722 terium
390 1690 424 1720 in
443 1698 587 1728 persona
607 1697 802 1719 curaremus
820 1689 860 1719 de
883 1697 1021 1718 munere
1040 1688 1260 1718 liberalitatis

247 1743 431 1783 apostolice
448 1743 623 1773 honorare.
642 1742 712 1773 Nos
728 1742 829 1780 igitur
847 1741 1038 1772 devotionis
1054 1742 1109 1771 tue
1130 1741 1260 1779 suppli-

248 1797 437 1828 cationibus
469 1796 633 1831 inclinati,
665 1795 781 1825 utendi
810 1795 911 1824 mitra
940 1796 972 1824 et
999 1794 1118 1824 baculo
1139 1794 1260 1824 diebus

249 1850 372 1889 quibus
388 1850 459 1879 illis
477 1850 630 1879 cantores
656 1848 723 1886 ipsi
748 1849 782 1878 in
799 1847 924 1877 divinis
952 1848 1092 1877 utuntur
1124 1846 1259 1883 officiis,

249 1903 430 1933 dummodo
452 1902 652 1932 diocesanus
670 1901 850 1939 episcopus
876 1909 942 1930 non
961 1900 1005 1930 sit
1028 1908 1179 1938 presens,
1205 1900 1259 1929 0111

248 1964 308 1995 per
320 1956 381 1985 hoc
394 1955 553 1985 nolumus
568 1963 634 1992 quo
650 1953 691 1983 ad
702 1953 865 1992 aliaJura,
881 1953 986 1991 siqua
997 1953 1124 1982 ibidem
1138 1952 1260 1982 habere

248 2009 447 2044 dinoscitur,
474 2007 612 2046 aliquod
628 2007 852 2046 prejudicium
870 2006 1035 2045 generari,
1052 2006 1151 2036 anulo
1181 2014 1261 2044 quo-

248 2070 312 2101 que
330 2070 390 2100 pro
416 2060 513 2090 libito
533 2059 595 2090 tibi
621 2061 653 2089 et
681 2058 935 2089 successoribus
964 2058 1032 2088 tuis
1054 2058 1259 2088 auctoritate

248 2114 457 2153 presentium
485 2112 700 2143 concedimus
727 2112 922 2142 facultatem
947 2111 1043 2142 Nulli
1076 2120 1165 2149 ergo,
1196 2113 1257 2142 etc.

248 2169 363 2198 nostre
396 2166 624 2197 concessionis
653 2166 714 2195 etc.
746 2165 781 2195 Si
803 2165 880 2203 quis
911 2167 1023 2194 autem
1051 2165 1112 2194 etc.
1133 2164 1260 2194 Datum

252 2220 340 2259 apud
358 2219 645 2255 Urbemveterem,
667 2218 823 2248 kalendis
845 2217 934 2257 julii,
960 2226 1046 2247 anno
1065 2217 1222 2247 secundo.
1244 2228 1259 2244 »

338 2425 411 2457 309.
432 2424 470 2451 bis
791 2423 914 2455 Orvieto,
934 2422 1090 2458 1331111111οι-
1109 2423 1186 2449 1263.

284 2507 420 2542 Magistro
437 2508 593 2534 Bertrando
615 2508 648 2534 de
671 2507 841 2534 Miromonte
859 2507 988 2541 indulget
1017 2509 1057 2537 ut,
1083 2506 1171 2533 etiam
1198 2509 1261 2540 post

249 2557 499 2584 confirmationem
527 2564 608 2583 suam
631 2556 659 2582 in
684 2556 884 2582 Convenarum
908 2555 1086 2590 episcopum,
1105 2555 1261 2582 canonicus

248 2605 386 2633 ecelesiae
406 2605 562 2632 Tolosanae
575 2612 725 2632 remanere
742 2605 846 2631 valeat.
864 2605 942 2640 (Rea.
961 2605 1005 2635 27,
1021 2604 1069 2631 fol.
1085 2605 1130 2636 82,
1148 2610 1180 2630 u⁰
1196 2604 1234 2639 2.)
1254 2605 1261 2624 ¹

292 2725 307 2741 «
325 2712 474 2753 Mayistro
497 2711 667 2742 Bertmndo
697 2711 732 2741 de
762 2711 950 2747 Miz-omenta,
974 2711 1120 2740 canonico
1138 2709 1262 2740 ecclesie

255 2766 431 2801 Tkolosane,
449 2765 566 2796 ordinis
591 2765 690 2794 sancti
719 2763 895 2803 Auquscini.
913 2764 1064 2794 Ecclesia
1092 2764 1260 2794 Convena-

253 2829 328 2851 rum
370 2819 521 2859 episcopi
559 2818 680 2849 solatio
715 2817 888 2853 destituta,
930 2817 1116 2855 capitulum
1152 2816 1261 2855 ipsius

285 2941 307 2964 1.
325 2939 403 2964 Cette
419 2939 503 2963 lettre
518 2946 533 2962 a
549 2937 591 2962 etc
606 2937 669 2968 ddja
682 2935 857 2967 cni-egistree
871 2935 935 2966 plus
951 2935 1029 2960 haut.
1043 2935 1137 2967 (Voir,
1153 2941 1182 2960 11’ἱ
1194 2937 1261 2967 209).

395 2984 532 3011 URBAIN
553 2982 607 3016 IV,
628 2984 649 3009 t.
672 2981 696 3010 Ι.
717 2981 793 3015 Reg.
814 2988 892 3008 cam.

1314 357 1346 387 te
1372 357 1406 386 in
1424 366 1540 387 eorum
1568 357 1776 396 epissopinn,
1804 360 1902 396 prout
1932 357 2133 396 accepimus,
2164 358 2322 388 canonice

1315 411 1345 439 et
1377 410 1585 439 concorditer
1611 410 1793 447 elegerunt.
1815 412 1951 446 Verum,
1985 411 2188 440 venerabilis
2220 411 2322 441 l'ratcr

1285 463 1453 492 11103101..
1492 463 1670 500 episcopus
1701 463 1911 493 'tholosanus
1950 464 2125 493 attendens
2163 464 2251 502 quod
2288 465 2324 493 tu

1285 513 1286 520 ¹
1316 514 1433 544 sibiet
1457 515 1597 544 ecclesie
1628 515 1828 551 ’[11010311110,
1855 525 1929 545 cuni
1960 517 2008 545 sis
2038 517 2088 546 vir
2110 517 2270 555 providus
2291 518 2323 546 et

1315 566 1477 595 honestus
1496 576 1531 596 ac
1549 567 1634 597 dono
1654 568 1791 597 scientie
1810 569 1973 606 predium,
1993 571 2023 599 et
2052 570 2133 599 :idco
2155 569 2247 599 utilis
2269 569 2324 599 ha-

1317 617 1428 647 bearis
1446 619 1534 656 qnod
1554 619 1581 647 si
1602 620 1751 649 totaliter
1774 622 1803 649 tc
1823 620 2037 651 subtraheres
2064 622 2104 651 ab
2122 622 2271 660 episcopi
2291 623 2323 652 et

1317 671 1457 700 ecclesie.
1475 670 1664 701 'l'liolosane
1682 673 1834 708 consilio,
1855 683 1953 711 grave
1972 676 2086 712 posset
2105 675 2213 705 eidem
2240 675 2327 713 cpis-

1317 731 1398 761 00110
1424 723 1511 753 circa
1531 724 1723 761 spiritualia
1747 727 1777 754 et
1805 727 2004 763 temporalia
2023 728 2244 765 prcjudiciuin
2270 737 2321 766 ge-

1318 776 1429 805 nerari
1457 777 1488 805 et
1506 776 1638 806 utilitas
1663 778 1803 807 ecclesio
1823 778 1855 807 in
1872 778 2026 816 pluribus
2043 780 2206 817 deperire,
2228 780 2324 809 nobis

1318 828 1492 858 humiliter
1510 829 1726 867 supplicavit„
1747 831 1781 859 ut
1801 831 1978 868 providere
2004 831 2069 860 sibi
2088 834 2118 860 et
2142 832 2249 861 cidcin
2276 842 2324 862 ec-

1318 880 1419 910 clesie
1439 881 1628 911 'l'liolosane
1654 890 1754 920 super
1776 882 1836 912 hoc
1862 885 2000 920 paterna
2025 883 2253 913 sollicitudine
2275 893 2327 914 cu-

1318 942 1483 963 raremus.
1508 934 1579 964 Nos
1601 934 1702 972 igitur
1729 935 1838 972 ipsius
1854 936 2004 974 episcopi
2023 936 2327 974 supplicationibus

1318 985 1484 1023 inclinati,
1505 987 1702 1017 auctoritate
1726 987 1789 1017 tibi
1808 988 2015 1026 presentium
2044 989 2270 1027 indulgemus,
2292 990 2327 1019 ut

1318 1039 1467 1077 predicte
1481 1039 1621 1070 ecclesie
1634 1040 1822 1070 Tholosane
1836 1050 2012 1071 remaneas
2027 1043 2057 1071 et
2075 1042 2122 1071 sis
2135 1042 2327 1078 canonicus,

1320 1091 1405 1121 sicut
1419 1092 1526 1129 prius,
1543 1092 1686 1128 etiamsi,
1707 1082 1903 1123 confirmata
1920 1094 2081 1124 electione
2108 1094 2147 1124 de
2169 1096 2199 1124 tc
2228 1095 2325 1131 facta,

1320 1144 1366 1173 ibi
1386 1145 1439 1174 vel
1462 1145 1543 1174 alibi
1573 1154 1608 1175 es
1634 1145 1687 1175 vel
1717 1146 1784 1176 eris
1809 1146 1842 1175 in
1872 1146 2068 1185 episcopum
2101 1149 2326 1183 consecratus,

1320 1197 1510 1236 habeasque
1529 1207 1645 1228 vocem
1663 1199 1697 1228 in
1723 1199 1882 1238 capitulo,
1900 1201 1930 1229 et
1945 1200 1985 1229 ad
2000 1208 2196 1229 communes
2211 1202 2328 1230 tracta-

1319 1252 1374 1280 tus
1402 1251 1554 1289 capituli,
1576 1252 1663 1282 sicut
1696 1252 1754 1282 alii
1785 1252 1935 1282 canonici
1965 1253 2113 1291 predicte
2141 1253 2328 1284 Tholosane

1320 1303 1471 1339 ecclesie,
1493 1305 1695 1340 admittaris,
1729 1305 1879 1343 qualibet
1908 1305 2147 1335 constitutione
2171 1314 2230 1335 seu
2255 1315 2330 1336 con-

1320 1357 1499 1387 suetudine
1526 1358 1695 1388 contraria
1720 1367 1786 1388 non
1810 1358 1974 1388 obstante.
2002 1358 2098 1388 Nulli
2126 1360 2188 1388 etc.
2216 1361 2328 1389 nostre

1320 1410 1562 1444 concessionis,
1584 1412 1645 1441 etc.
1664 1410 1699 1441 Si
1717 1411 1794 1449 quis
1811 1412 1872 1441 etc.
1891 1412 2016 1441 Datum
2040 1411 2129 1449 apud
2150 1411 2329 1442 Urit-finve-

1320 1463 1437 1499 terem,
1461 1463 1536 1493 idus
1551 1463 1709 1502 januarii,
1732 1473 1818 1494 anno
1836 1464 1993 1494 secundo.
2015 1476 2029 1492 »

1393 1651 1466 1682 3⁰3

1883 1651 2007 1682 Orvicto,
2028 1652 2065 1676 ter
2084 1660 2161 1678 mars
2182 1654 2256 1679 ¹263.

1357 1729 1572 1756 Ordinationem
1584 1733 1611 1757 et
1628 1730 1821 1764 provisionem
1837 1731 2073 1758 Cathalaunensis
2090 1732 2227 1763 ecclesiae,
2246 1741 2327 1768 prop-

1321 1780 1364 1804 ter
1379 1778 1537 1805 discordias
1553 1779 1671 1813 capituli
1691 1779 1938 1811 cathalaunensis,
1957 1780 2011 1807 sibi
2030 1783 2166 1807 reservat.
2183 1781 2260 1816 (liro.
2283 1783 2326 1814 ⁴27,

1324 1826 1374 1853 fol.
1391 1828 1435 1861 82,
1452 1833 1481 1853 n⁰
1495 1827 1534 1861 3.)

1363 1936 1376 1951 «
1398 1925 1596 1963 Arlfuturczm
1620 1926 1665 1954 νεῖ
1687 1925 1871 1955 memoriam.
1891 1926 1987 1956 Circa
2010 1935 2124 1957 curam
2147 1928 2331 1966 quarumli-

1321 1977 1376 2007 bet
1394 1977 1612 2007 ecclesiarum
1628 1978 1740 2007 studio
1760 1979 1897 2015 paterne
1915 1979 2143 2009 solicitudii‘iis
2159 1981 2330 2011 intenden-

1321 2031 1384 2066 tes,
1398 2031 1490 2060 tanto
1505 2030 1544 2059 de
1558 2030 1819 2060 Cathalaunensi
1837 2031 1934 2060 nobis
1956 2033 2005 2061 est
2028 2041 2108 2062 cura
2132 2034 2332 2071 propensior

1322 2085 1447 2122 quanto
1467 2083 1540 2122 ipsa
1567 2083 1653 2113 inter
1672 2083 1756 2113 1111113
1776 2084 1868 2122 regni
1887 2084 2027 2115 Francie
2046 2085 2166 2115 decora
2183 2089 2212 2116 et
2232 2087 2331 2118 hono-

1322 2136 1441 2166 rabilis
1472 2137 1659 2174 reputatur.
1681 2136 1778 2172 Sane,
1803 2137 1877 2174 ipsa
1905 2137 2165 2168 Cathalaunensi
2191 2140 2332 2170 ecclesia

1322 2189 1471 2228 pastoris
1497 2189 1619 2219 solatio
1649 2189 1823 2225 destituta,
1844 2190 1909 2220 duo
1927 2190 1960 2219 in
1984 2190 2152 2222 discordia
2177 2192 2273 2222 electi
2291 2193 2332 2224 ad

1323 2243 1432 2281 ipsius
1450 2242 1600 2281 regimen
1621 2243 1817 2277 extiterunt,
1844 2252 1986 2281 quorum
2008 2243 2093 2273 alter
2119 2244 2273 2275 electioni
2292 2246 2331 2277 de

1323 2305 1358 2326 se
1377 2296 1462 2326 facte
1480 2295 1513 2325 in
1533 2297 1650 2325 nostra
1666 2296 1836 2334 presentia
1856 2296 2072 2333 renuntiavit,
2087 2298 2117 2327 et
2133 2297 2331 2331 alte1·‚occa—

1323 2349 1416 2379 sione
1432 2348 1627 2388 hujusmodi
1646 2348 1833 2383 electionis,
1858 2348 1898 2378 ad
1926 2350 2076 2378 nostram
2106 2349 2167 2380 fuit
2196 2359 2317 2389 presen

1322 2402 1405 2432 tiam
1422 2403 1592 2436 evocatus,
1606 2401 1735 2440 prefixo
1751 2401 1816 2431 sibi
1831 2403 1919 2431 certo
1932 2403 2158 2440 peremptorio
2172 2404 2328 2441 termino,

1323 2464 1388 2493 quo
1412 2454 1639 2493 personaliter
1656 2454 1801 2493 'propter
1829 2454 1889 2484 hoc
1914 2456 2028 2484 nostro
2067 2463 2102 2485 se
2137 2457 2331 2495 conspectui

1323 2508 1543 2546 presentaret.
1563 2507 1730 2543 Quoniam
1747 2507 1860 2546 igitur,
1881 2507 1909 2536 si
1928 2507 2135 2546 contingeret
2153 2509 2266 2539 taliter
2290 2509 2331 2539 ci-

1322 2561 1430 2591 tatum
1448 2561 1488 2590 ad
1504 2561 1656 2590 nostram
1672 2561 1808 2599 propter
1820 2560 1881 2589 hoc
1898 2568 1963 2590 non
1978 2560 2093 2591 venire
2112 2562 2328 2599 presentiam,

1322 2613 1376 2644 vel
1392 2614 1434 2644 ad
1451 2613 1603 2653 ejusdem
1620 2613 1760 2644 ecclesie
1777 2613 1927 2652 regimen
1944 2621 2011 2643 non
2029 2613 2170 2650 assumi,
2189 2615 2331 2645 ecclesia

1323 2666 1408 2705 ipsa,
1424 2667 1563 2705 propter
1589 2666 1822 2696 diversitatem
1850 2665 2062 2696 voluntatum
2093 2667 2331 2697 canonicorum

1323 2719 1486 2758 ejusdem,
1522 2728 1598 2757 que,
1617 2719 1653 2748 ut
1684 2718 1927 2754 intelleximus,
1962 2719 2054 2747 tanta
2085 2719 2135 2748 est
2165 2719 2254 2757 quod
2274 2719 2331 2750 vix

1324 2773 1479 2810 speratur
1508 2771 1597 2810 quod
1618 2771 1705 2801 circa
1728 2771 1974 2801 ordinationem
1994 2770 2102 2809 ipsius
2120 2771 2260 2802 ecclesie
2290 2772 2330 2803 de

1324 2825 1484 2863 episcopo
1516 2825 1550 2854 in
1582 2833 1684 2854 unam
1708 2824 1872 2863 ydoneam
1898 2823 2114 2854 convenirent
2135 2832 2328 2862 personam,

1324 2885 1496 2907 enormem
1522 2877 1693 2907 incurrere
1713 2878 1827 2915 posset
1851 2876 1884 2905 in
1912 2876 2156 2915 temporalibus
2181 2879 2212 2907 et
2232 2878 2331 2916 spiri-

1323 2929 1476 2959 tualibus
1500 2929 1675 2966 lesionem,
1704 2938 1777 2965 nos,
1806 2929 1957 2959 volentes
1982 2937 2083 2968 super
2107 2929 2167 2960 hoc
2189 2930 2256 2969 ipsi
2281 2939 2332 2961 ec-

2176 2984 2202 3010 Η
