2547 3289
265 282 282 309 3
288 281 323 309 28

266 362 511 400 rcdeuipti‹m‹i·s
532 361 683 388 votorum
717 357 1024 395 crucesignatorum
1052 355 1159 385 eidem
1181 357 1268 384 terre

265 415 416 445 subsidio
432 414 464 442 in
478 414 567 441 terra
584 414 639 440 tna
654 409 897 448 provenientia,
913 417 970 446 per
988 408 1183 443 triennium,
1197 415 1268 445 pre-

265 468 407 497 sentium
437 465 495 495 tibi
521 464 718 493 auctoritate
737 462 962 495 concedimus,
981 461 1008 489 si
1028 461 1096 499 jam
1117 468 1270 498 assump-

265 521 338 549 sisti
351 519 458 548 crucis
469 516 678 555 signaculum
689 516 739 545 vel
755 517 784 545 te
794 514 1020 552 crucesignari
1031 513 1200 551 contingat
1211 512 1269 542 hoc

265 575 412 610 tempore
431 571 463 600 in
479 570 668 600 subsidium
685 569 772 599 dicte
788 570 894 603 terre:
915 568 960 597 ita
976 569 1088 597 tamen
1106 566 1194 605 quod
1212 574 1271 604 per

265 624 487 654 venerabilem
513 623 650 652 fratrem
672 624 823 652 nostrum
847 647 851 651 .
871 646 876 651 .
897 621 1127 650 'l'uroncnsem
1147 619 1271 649 archie-

264 678 450 715 piscopum,
469 685 567 714 quem
593 675 632 704 ad
656 675 714 704 lioc
737 674 897 704 duximus
919 673 1160 712 deputandum,
1178 672 1271 701 colli-

263 731 382 767 gantur
414 731 445 759 ct
481 729 690 767 deponantur
721 728 752 756 in
786 727 899 765 aliquo
931 728 1002 756 tuto
1026 726 1109 761 loco,
1134 728 1165 755 et
1197 734 1271 754 cum

265 784 325 813 itcr
361 782 545 821 arripueris
573 781 849 815 transmarimnn,
883 779 942 809 tibi
976 779 1048 809 sinc.
1073 779 1271 808 difficultate

263 835 410 875 qualibet
436 835 664 873 assignentur,
683 834 715 863 in
734 833 843 872 ipsius
871 832 1106 871 prosecutione
1134 831 1270 869 negotii,

259 889 355 925 juxta
376 890 468 918 tuan]
494 887 739 926 providentiam
767 886 996 924 expendenda,
1026 885 1208 914 dummodo
1229 884 1272 914 lc-

262 946 347 980 gata,
380 942 558 980 promissa,
588 941 705 970 relicta
737 941 767 969 et
798 939 1049 977 redemptiones
1077 937 1271 975 hujusmodi

263 1004 321 1033 per
344 995 458 1025 sedem
485 993 705 1032 apostolicam
729 993 761 1022 in
783 993 932 1031 predicta
951 994 1038 1021 terra
1063 994 1118 1020 tua
1137 991 1194 1020 alii
1219 990 1271 1020 vel
1302 1023 1303 1026 Ἰ

1302 1035 1303 1038 “
1333 1042 1396 1071 bus
1420 1041 1484 1071 sihi
1511 1042 1589 1076 vite,
1619 1041 1758 1071 scientie
1788 1049 1824 1069 ac
1862 1039 2044 1069 laudabilis
2079 1039 2348 1069 conversationis

264 1048 490 1077 aliisminimc
504 1047 570 1076 sint
584 1055 753 1076 concessa.
770 1047 908 1081 Verum,
920 1046 997 1084 quia
1008 1045 1047 1074 de
1063 1044 1272 1083 plenitudine

264 1101 452 1131 devotionis
466 1100 585 1130 dilecte
607 1099 638 1129 in
657 1099 790 1129 Christo
808 1099 876 1128 filie
894 1097 1019 1127 nobilis
1038 1097 1193 1127 mulieris
1211 1098 1271 1127 Ae-

265 1154 354 1189 lidis,
375 1153 547 1183 comitisse
569 1153 754 1187 BlesensiS‚
776 1152 892 1182 uxoris
912 1153 978 1186 tue,
1000 1151 1133 1189 plenam
1149 1150 1182 1179 in
1206 1150 1271 1180 Do—

265 1208 355 1237 mino
376 1207 531 1236 fiduciam
549 1206 752 1239 obtinemus,
771 1205 928 1235 volumus
950 1204 1038 1243 quod
1056 1204 1139 1242 ipsa,
1161 1203 1188 1233 si
1202 1203 1272 1241 jam

1303 1247 1304 1267 ³
1335 1255 1414 1293 quia
1430 1278 1449 1284 ..
1466 1253 1657 1284 Lundensis
1671 1252 1957 1290 archiepiscopus,
1970 1251 2033 1281 loci
2053 1250 2348 1289 metropolitanus,

266 1260 488 1299 assumpserit
516 1260 566 1289 vel
593 1259 770 1298 sontigerit
806 1267 878 1288 eam
912 1266 1085 1287 assumere
1113 1257 1273 1287 similiter

265 1314 397 1351 signum
420 1313 540 1347 crucis,
563 1313 698 1342 tertiam
719 1313 846 1350 partem
865 1311 1062 1349 legatorum,
1088 1309 1271 1349 promisso-

267 1376 352 1402 rum,
384 1366 575 1396 relictorum
603 1367 631 1395 et
667 1365 935 1403 redemptionum
970 1363 1161 1402 hujusmodi
1198 1371 1272 1392 cum

268 1419 458 1458 integritate
479 1419 641 1457 percipiat
665 1417 917 1456 expendendam
945 1417 976 1446 in
1002 1417 1119 1447 eodem
1139 1416 1273 1454 negotio

266 1472 351 1502 sicut
374 1472 494 1502 viderit
524 1471 694 1509 expedire.
723 1471 847 1501 Datum
874 1470 961 1508 apud
983 1469 1271 1504 Urbemveterem,

268 1535 288 1554 n
307 1525 510 1563 nonasjulii,
529 1533 615 1554 anno
632 1524 704 1554 1110.
723 1534 737 1552 >1

355 1695 422 1725 1391

842 1690 966 1720 Orvicto,
983 1692 997 1716 7
1009 1690 1102 1725 juillet
1127 1689 1201 1716 lsstj'r.

302 1777 520 1812 Areliicpiseopo
543 1776 698 1803 'l‘uronensi
720 1775 931 1810 praedictorum
955 1774 1110 1802 committit
1135 1774 1276 1801 cxccutio-

268 1836 332 1854 nem
348 1826 533 1853 indultorum.
552 1825 631 1859 (Risu.
648 1826 692 1855 28,
711 1824 758 1851 sol.
776 1826 809 1851 73
830 1833 866 1851 w,
889 1830 919 1850 n‘*
937 1824 1010 1855 293.)

311 1948 322 1960 ιι
345 1960 350 1965 .
367 1959 372 1965 .
392 1934 557 1963 Tun-oneum·
570 1932 811 1972 archiepiscopo.
828 1931 911 1961 Cum
927 1930 1087 1960 dilectum
1102 1929 1209 1959 tilium
1227 1946 1273 1959 ——.

267 1989 389 2018 Datum
405 1987 493 2025 apud
512 1985 798 2017 Urbemveterem,
813 1983 910 2013 nonis
925 1983 1016 2022 julii,
1029 1990 1115 2012 anno
1133 1983 1201 2012 111⁰.
1220 1992 1236 2010 »

825 2150 948 2176 Orvictov
969 2151 1002 2176 23
1016 2148 1107 2183 juillet
1130 2149 1204 2175 tzor.

357 2156 430 2185 (392

306 2237 483 2272 Wibcrgcnsi
513 2239 537 2263 ct
564 2235 709 2262 arusiensi
741 2235 882 2269 episcopis
910 2235 1022 2261 mandat
1050 2237 1076 2260 ut
1105 2233 1277 2267 magistrum

268 2288 425 2315 Joliannem
443 2287 475 2312 de
497 2285 594 2312 llctlie.
616 2285 691 2319 regis
707 2287 732 2311 ct
751 2285 867 2318 reginae
884 2283 984 2310 Daciae
1002 2283 1194 2318 capellanum,
1211 2283 1277 2308 Bur-

269 2336 397 2371 ginuensi
421 2335 557 2361 ecclcsiae
588 2333 615 2360 in
643 2333 808 2367 episcopum
833 2332 994 2367 praeficiunt
1022 2341 1054 2358 ac
1080 2331 1185 2366 ipsum,
1211 2339 1277 2357 cum

268 2384 498 2418 archiepiscopus
518 2382 675 2409 {lundensis
700 2381 810 2408 viuculo
832 2380 1139 2408 excommunicationis
1168 2379 1203 2406 sit
1231 2380 1278 2406 ad-

269 2434 395 2465 strictus,
413 2434 597 2467 promoveant
622 2432 657 2457 ad
674 2431 788 2457 ordines
805 2433 830 2456 et
854 2432 1032 2459 consuerent,
1049 2429 1127 2455 salvo
1149 2431 1277 2455 cclcrum

265 2483 330 2517 jure
349 2481 504 2508 Lundensis
520 2480 666 2508 ccclesiae.
690 2480 771 2514 (Rea.
793 2480 836 2509 228,
859 2479 905 2505 l'ol.
930 2479 973 2508 Τί,
998 2486 1065 2505 ann.
1088 2478 1132 2509 111,
1161 2483 1192 2504 11⁰
1211 2477 1277 2508 20¹5
1308 2490 1309 2499 1

271 2531 416 2558 Porrussr
435 2530 540 2562 182191.)

313 2650 326 2664 «
351 2660 378 2665 ..
417 2635 600 2675 Wtberqcusi
628 2639 654 2663 ct
674 2657 702 2663 ..
736 2633 893 2663 Arusiensi
924 2632 1087 2673 episcopis.
1122 2632 1279 2663 Rationis

273 2690 379 2721 oculis
399 2690 627 2719 intuentes-.
652 2688 738 2717 Sane
753 2687 793 2717 ad
812 2686 1017 2717 audientiam
1038 2688 1186 2715 nostram
1206 2693 1279 2724 per-

273 2744 363 2774 venit
386 2743 473 2781 quod
494 2740 735 2779 ssurglanensis
757 2740 899 2770 ecclesia
916 2741 1006 2769 tanto
1032 2740 1183 2776 tempore
1208 2738 1277 2776 jam

273 2796 413 2831 vacavit,
434 2795 522 2834 quod
540 2794 580 2824 ad
598 2793 711 2823 sedem
731 2793 952 2832 apostolicali]
969 2794 1020 2822 est
1040 2791 1148 2830 ipsius
1170 2790 1280 2830 provi-

1021 271 1262 302 REGISTRES
1284 270 1496 301 D’URBAIN
1523 270 1578 299 [v.

1332 353 1491 390 patiatur,
1515 352 1572 382 sed
1593 352 1622 382 ei
1648 352 1688 381 de
1717 351 1775 381 tali
1807 360 1951 390 persona
1971 351 2149 390 providere
2176 352 2339 389 volentes,

1331 405 1427 443 cnjus
1450 405 1562 434 studio
1582 406 1613 434 et
1633 404 1847 443 providentia
1875 403 2104 433 laudabilibus
2129 404 2217 434 circa
2244 405 2343 443 spiri-

1331 458 1436 488 tualia
1454 461 1483 488 et
1498 458 1697 496 temporalia
1715 458 1834 496 possit,
1849 459 1983 487 auctore
2002 457 2162 492 Domino,
2180 457 2344 496 proficere

1333 511 1560 545 incrementis,
1575 510 1777 541 fraternitati
1797 512 1907 540 vestre
1928 510 1968 540 de
1987 519 2052 548 qua
2071 510 2104 539 in
2126 510 2271 540 Domino
2290 510 2345 540 ob-

1331 565 1480 594 tinemus
1506 564 1675 598 fiduciam,
1696 572 1755 601 per
1776 563 1961 601 apostolica
1989 563 2115 602 scripta
2144 563 2345 592 mandamus

1332 617 1502 656 quatinus,
1528 617 1556 646 si
1580 617 1669 655 quod
1688 617 1728 646 de
1748 616 1920 646 vacatione
1939 616 2049 654 ipsius
2066 616 2207 646 ecclesie
2226 624 2346 654 propo-

1334 671 1435 706 nitur,
1456 671 1597 700 veritate
1626 669 1774 705 fulcitur,
1809 669 1971 699 dilectum
2004 669 2113 698 silium
2143 669 2343 707 magistrum

1331 722 1514 753 ‚lolianncm
1528 723 1706 766 uelletne,
1724 722 1894 752 carissimi
1912 722 1943 751 in
1963 721 2097 751 Christo
2115 721 2176 751 filii
2193 721 2297 751 nostri
2315 744 2343 751 ..

1334 776 1433 814 regis,
1462 778 1491 806 et
1513 799 1542 804 ..
1567 775 1743 805 carissime
1767 775 1800 804 in
1827 775 1962 805 Christo
1994 774 2062 804 filie
2094 776 2208 804 nostre
2239 799 2267 804 ..
2293 782 2346 803 re-

1333 829 1410 867 gine
1439 829 1540 859 Dacie
1569 829 1754 858 illustrium
1785 827 2010 866 capellanum,
2041 828 2073 857 in
2101 836 2166 865 qno
2200 827 2288 866 regis
2314 829 2346 856 et

1335 882 1447 921 regine
1475 882 1701 920 predictorum
1730 881 1888 920 cupimus
1912 881 2077 910 honorare
2103 889 2277 918 personas,
2299 880 2340 915 si,

1333 935 1556 965 csmsideratis
1575 935 1754 973 diligenter
1771 934 2037 963 circumstantiis
2055 932 2347 969 unix·ersis,vobis

1333 988 1521 1018 constiterit
1541 988 1628 1027 quod
1648 988 1734 1017 idem
1754 987 1914 1026 magister
1931 987 2113 1023 Johannes,
2132 985 2346 1025 suifraganti-

1334 1095 1476 1127 meritis,
1499 1096 1592 1124 tanto
1611 1094 1771 1132 congruat
1792 1094 1885 1122 oneri
1903 1095 1933 1123 et
1952 1093 2082 1127 honori,
2102 1101 2162 1122 vos
2184 1092 2238 1121 vel
2262 1091 2348 1122 alter

1333 1150 1483 1178 vestrum
1503 1147 1686 1186 preticiatis
1707 1147 1815 1176 eidem
1835 1146 1976 1176 ecclesie
1998 1145 2221 1184 Burglanensi
2238 1147 2348 1175 aueto—

1336 1202 1433 1231 ritate
1459 1203 1573 1230 nostra
1603 1201 1635 1230 in
1668 1200 1864 1238 episcopum
1891 1201 1923 1228 et
1953 1200 2135 1236 pastorem,
2155 1207 2191 1227 ac
2221 1198 2346 1236 ipsum,

1335 1309 1433 1346 prout
1465 1307 1642 1341 asseritur,
1684 1305 1883 1335 auctoritate
1915 1304 2103 1343 apostolica
2133 1303 2268 1333 vinculo
2297 1305 2349 1334 est

1335 1359 1695 1390 exeomnmnicationis
1723 1358 1895 1393 astrictus,
1923 1357 2008 1387 alter
2035 1359 2187 1387 vestrum
2211 1356 2350 1387 statutis

1334 1413 1545 1452 temporibus
1563 1413 1759 1451 promoveat
1777 1411 1817 1440 ad
1836 1411 1984 1446 ordines,
2003 1413 2044 1446 et,
2061 1409 2254 1440 convocatis
2270 1409 2349 1439 duo-

1335 1466 1398 1496 bus
1417 1466 1469 1496 vel
1488 1465 1598 1496 tribus
1615 1465 1797 1504 episeopis,
1817 1464 1845 1494 ei
1865 1472 1989 1494 munus
2003 1463 2270 1493 consecrationis
2290 1462 2350 1492 im-

1335 1520 1471 1559 pendat,
1499 1519 1625 1549 faciens
1654 1517 1721 1548 sibi
1749 1527 1766 1547 a
1795 1517 1868 1547 suis
1892 1517 2040 1546 subditis
2066 1516 2291 1547 obedientiam
2318 1517 2351 1546 et

1336 1572 1559 1603 reverentiam
1589 1571 1737 1602 debitam
1766 1570 1932 1601 exhiberi.
1957 1571 2031 1600 Non
2051 1569 2207 1600 obstante
2241 1569 2269 1599 si
2298 1587 2349 1598 —.

1337 1626 1610 1656 Contradictores
1635 1641 1683 1653 ——.
1712 1625 1783 1655 Nos
1807 1623 1897 1653 enim
1922 1623 2136 1653 decernimus
2160 1622 2294 1652 irritum
2318 1622 2351 1651 et.

1306 1694 1307 1704 1
1337 1680 1436 1710 inane
1472 1679 1632 1719 quicquid
1671 1680 1787 1708 contra
1824 1677 2019 1716 hujusmodi
2058 1677 2207 1707 mandati
2243 1675 2350 1706 nostri

1336 1735 1487 1764 tenorem
1511 1742 1529 1762 a
1555 1740 1725 1771 quoquam
1745 1731 1923 1770 contigerit
1948 1730 2154 1769 attemptari.
2180 1729 2350 1760 Nolumus

1337 1789 1450 1817 autem
1479 1786 1568 1825 quod
1602 1794 1662 1824 per
1688 1785 1748 1815 hoc
1780 1784 1954 1814 Lundensi
1983 1783 2124 1813 ecclesie
2152 1782 2291 1822 aliquod
2316 1782 2349 1812 in

1337 1841 1510 1878 posterum
1527 1838 1752 1878 prejudicium
1768 1839 1957 1877 generetur.
1969 1837 2094 1867 Datum
2110 1836 2199 1875 apud
2211 1835 2352 1866 Urbem-

1338 1895 1496 1927 veterem,
1517 1902 1537 1922 x
1556 1892 1718 1922 kalendas
1736 1891 1882 1930 augusti,
1899 1899 1986 1921 anno
2002 1890 2072 1920 111⁰.
2096 1901 2109 1916 »

1427 2083 1500 2113 693
1892 2079 2017 2105 Orvieto.
2038 2080 2073 2105 20
2089 2078 2181 2113 juillet
2204 2078 2279 2105 1204.

1375 2166 1513 2200 Episcopo
1524 2164 1657 2190 'l‘recensi
1672 2164 1787 2190 mandat
1807 2167 1834 2190 ut
1851 2166 1944 2190 certos
1957 2165 2134 2190 mercatores
2146 2162 2347 2193 lust-arienses,

1338 2218 1452 2249 recepto
1469 2214 1545 2249 prius
1560 2213 1596 2239 ab
1611 2213 1651 2239 cis
1662 2213 1829 2248 juramento
1845 2213 1878 2239 dc
1896 2212 2022 2247 parendo
2036 2211 2181 2238 mandatis
2199 2211 2349 2243 ccclesiae,

1338 2273 1353 2291 a
1382 2263 1525 2291 sententia
1548 2261 1857 2289 excommunicationis
1881 2261 2023 2289 absolvat.
2048 2261 2130 2292 (Rae.
2157 2262 2202 2291 28,
2229 2261 2278 2288 fol.
2308 2260 2354 2291 54,

1338 2322 1406 2341 ann.
1421 2313 1466 2340 111.
1484 2317 1517 2339 n⁰
1535 2313 1608 2340 295.)

1380 2430 1394 2449 «
1426 2444 1431 2449 .
1457 2443 1462 2448 .
1493 2418 1634 2458 episcopo
1665 2416 1814 2446 Trccensi.
1840 2416 1930 2446 Licet
1958 2424 2019 2445 nos
2046 2415 2174 2445 (ludum
2202 2415 2236 2444 in
2265 2415 2352 2445 festo

1340 2471 1560 2502 Ascensionis
1575 2469 1828 2508 Dominiccjam
1842 2468 1990 2498 secundo
2005 2468 2179 2506 preterito,
2195 2470 2352 2506 presente

1340 2525 1489 2556 maxima
1505 2526 1637 2554 caterva
1656 2522 1818 2556 fidelium,
1837 2521 1985 2561 perfidos
2006 2521 2096 2551 cives
2110 2521 2351 2557 pistorienses

1341 2579 1396 2618 qui
1415 2578 1585 2608 civitatem
1604 2576 1849 2606 Pistoriensem
1863 2577 1942 2604 tunc
1959 2576 1991 2604 et
2006 2574 2108 2604 etiam
2125 2573 2188 2604 hoc
2202 2575 2353 2612 tempore

1340 2632 1540 2664 detinentes,
1561 2629 1718 2668 persequi
1749 2629 1889 2658 devotos
1921 2627 2064 2658 ecclesie
2094 2635 2131 2657 ac
2165 2626 2353 2662 Manfredo,

1340 2684 1508 2724 quondam
1527 2683 1672 2722 principi
1689 2681 1884 2715 Tarentino,
1905 2680 2114 2719 persecutori
2131 2679 2284 2718 ejusdem
2300 2688 2354 2710 ec-

1340 2738 1453 2768 clesie.
1481 2745 1555 2766 cum
1585 2736 1658 2765 suis
1686 2733 1888 2765 fautoribus,
1917 2736 1984 2763 tam
2010 2742 2070 2772 per
2094 2741 2274 2771 nosquam
2294 2740 2354 2771 per

1308 2787 1309 2794 ¹
1341 2790 1450 2821 felicis
1471 2788 1714 2820 recordationis
1734 2786 1968 2818 Alexandrum
1987 2795 2120 2825 papam,
2140 2785 2354 2824 predecesso-

273 2848 528 2883 sio‚secundum
541 2846 708 2886 generalis
720 2847 847 2876 statuta
860 2845 1006 2880 concilii,
1016 2844 1165 2883 legitime
1180 2844 1277 2873 devo·
1308 2877 1309 2883 ἵ

274 2903 353 2933 luta.
375 2902 445 2932 Nos
467 2901 590 2939 itaque,
610 2899 763 2930 nolentes
781 2899 921 2929 eandem
946 2898 1122 2928 ecclesiam
1151 2897 1278 2928 diutius

1308 2943 1310 2954 ²
1342 2950 1471 2984 favere,
1505 2947 1736 2977 monuerimus
1777 2946 1894 2984 eisque
1931 2943 2130 2974 auctoritate
2167 2943 2353 2982 apostolica

275 2956 346 2985 sine
362 2954 496 2993 presule
515 2961 698 2987 remanere,
723 2961 764 2982 ne
780 2952 876 2991 longe
895 2951 1080 2981 vacationis
1100 2950 1279 2988 dispendia

1341 2852 1410 2874 rem
1426 2845 1590 2876 nostrum,
1605 2839 1751 2871 diversis
1764 2839 2154 2870 excommunicationum
2172 2838 2353 2868 sententiis

1341 2896 1511 2927 innodato.
1530 2893 1767 2934 presumebant
1782 2895 1811 2923 et
1829 2891 1935 2922 adhuc
1953 2893 2153 2930 presumunt
2173 2891 2353 2922 manifeste
