2547 3289
1093 230 1333 268 TROISIFJME
1360 230 1526 268 ANNEE.
2295 239 2352 268 199

270 323 466 353 nullatenus
497 322 697 361 negligatur.
718 322 886 352 Volumus
908 323 1019 351 autem
1040 321 1128 359 quod
1152 320 1282 358 prefata

270 376 523 414 dispensatione
541 375 622 405 dicti
640 375 892 413 predecessoris
907 375 1015 413 quoad
1033 374 1099 404 alia
1118 373 1279 403 beneficia

270 438 335 459 non
364 429 482 459 utaris.
508 429 603 459 Nulli
630 437 707 467 ergo
737 429 850 457 nostre
874 427 1140 465 dispensationis
1157 428 1218 456 etc.
1243 444 1280 448 —

268 483 393 513 Datum
430 482 518 520 apud
547 481 835 517 Urbemveterem,
866 490 894 509 vi
926 480 1086 510 kalendas
1121 479 1278 514 octobris,

270 544 356 565 anno
372 535 482 565 tertio.
504 545 518 563 »

797 721 921 746 Orvicto.
946 721 975 746 Ιΐ)
995 720 1111 745 octobre
1130 720 1206 746 1203.

359 723 431 754 416

304 805 522 840 Bonajunctam.
536 805 681 838 quondam
699 804 928 830 Rccanatenscin
946 804 1125 837 episcopum,
1137 803 1278 829 coeles-iao

268 854 390 880 ,xi—sinae
404 854 430 880 in
443 854 609 887 episcopum
623 852 762 887 praeficit.
778 852 858 885 (Rau.
876 852 921 883 28,
936 851 985 879 fol.
1003 854 1029 877 Γ).
1044 860 1112 877 nnn.
1130 851 1175 876 111.
1189 857 1220 876 n⁰
1234 852 1278 883 lo:

268 903 416 929 PorruAsr
438 902 547 935 18078.)

308 1027 321 1042 «
343 1014 546 1054 Bonajuncte,
567 1013 719 1053 quondam
747 1012 961 1048 Racanatcnsi,
989 1022 1067 1041 nnnc
1087 1012 1184 1041 Esino
1203 1013 1279 1052 epis-

267 1077 350 1107 copo.
370 1067 529 1098 Debitum
549 1066 656 1096 nostri
675 1066 1012 1105 requirit—Datum
1031 1066 1119 1103 apud
1139 1064 1280 1096 Urbem-

266 1122 425 1156 veterem,
444 1121 521 1150 idus
538 1119 698 1155 octobris,
720 1127 806 1149 anno
823 1119 935 1149 tertio.
957 1129 972 1147 1)

306 1223 344 1252 Ι11
363 1232 391 1253 e.
411 1231 454 1253 m.
475 1222 623 1260 capitulo
640 1221 756 1252 Esino.

306 1276 344 1306 In
364 1284 391 1306 e.
411 1284 456 1306 m.
477 1275 565 1305 clero
583 1275 732 1305 civitatis
749 1276 781 1304 et
799 1274 944 1304 diocesis
962 1273 1156 1303 Esinarurn.

306 1329 343 1358 In
362 1338 389 1359 e.
412 1337 454 1358 111.
473 1328 597 1367 populo
616 1327 765 1358 civitatis
784 1329 815 1357 et
833 1327 979 1357 diocesis
994 1326 1189 1356 Esinarmn.

356 1518 427 1548 417
800 1515 924 1541 Orvicto.
944 1516 974 1542 21
996 1516 1111 1542 octobre
1130 1516 1205 1542 1203.

302 1601 523 1635 Archicpiscopo
550 1600 731 1626 Narbonensi
758 1600 877 1626 mandat
894 1602 1036 1634 quatenus
1058 1599 1278 1634 archiepiscopo

266 1644 461 1677 Corinthiensi
490 1650 652 1676 incentum
680 1648 805 1675 marchis
833 1649 1039 1683 sterlingorum
1071 1649 1106 1674 ab
1133 1649 1278 1683 aliquibus

265 1699 396 1725 ecclesiis
418 1707 469 1725 scu
487 1698 672 1725 monasteriis
691 1706 758 1724 suae
782 1697 946 1732 provinciae
969 1698 1111 1731 provideri
1132 1707 1221 1732 usquc
1242 1699 1277 1724 ad

263 1748 423 1774 triennium
443 1747 540 1773 faciat.
559 1746 638 1783 [Rae.
662 1748 705 1778 28,
728 1746 776 1773 fol.
794 1748 810 1773 o
824 1751 864 1774 νῦ,
882 1755 949 1773 ann.
968 1746 1014 1777 ΙΙΙ,
1034 1752 1063 1773 n⁰
1078 1746 1136 1779 20.)

303 1871 317 1890 1(
344 1885 374 1892 .,
401 1861 632 1900 archiepiscopo
660 1859 861 1890 Narbonensi.
890 1860 955 1889 Pro
983 1859 1190 1889 venerabilis
1213 1859 1278 1889 fra-

261 1915 324 1945 tris
350 1914 497 1950 nostri..‚
522 1913 768 1952 archiepiscopi
792 1913 1052 1947 Corinthiensis,
1081 1912 1213 1951 egentia
1230 1921 1279 1942 re-

262 1968 416 2001 levanda,
445 1976 483 1997 eo
501 1975 563 1997 nos
582 1966 765 1997 sollicitius
783 1966 928 2005 cogitare
953 1966 1046 1996 decet
1069 1967 1099 1995 et
1122 1966 1279 1996 convenit

263 2030 328 2060 quo
346 2021 419 2059 ipse
438 2020 567 2058 absque
582 2022 699 2050 nostra
717 2021 749 2050 et
765 2019 950 2058 apostolice
969 2019 1060 2048 sedis
1078 2027 1145 2048 non
1162 2020 1278 2056 posset

261 2073 496 2104 erubescentia
509 2073 713 2104 mendicare.
728 2073 812 2103 Cum
831 2072 958 2111 itaque,
977 2072 1064 2102 sicut
1083 2071 1197 2102 dilecti
1216 2071 1278 2101 filii

261 2127 369 2158 nostri
393 2127 447 2161 A.,
466 2126 607 2156 basilice
632 2126 809 2156 duodecim
837 2126 1070 2164 apostolorum
1096 2124 1276 2163 presbiter,

262 2182 294 2211 et
313 2181 367 2213 R,
388 2181 423 2211 S.
444 2180 565 2219 Angeli
585 2180 748 2210 diaconus
766 2179 968 2214 cardinaleS,
990 2187 1027 2208 ac
1044 2179 1132 2208 idem
1153 2178 1278 2209 archie-

261 2234 421 2272 piscopus
439 2233 538 2264 nobis
561 2235 793 2271 exposuerunt
809 2235 841 2263 et
860 2233 1003 2263 aliorum
1021 2232 1277 2271 quamplurium

261 2287 508 2326 fidedignorum
532 2287 696 2317 relatione
708 2287 902 2322 didicimus,
922 2286 1074 2316 redditus
1090 2288 1122 2315 et
1138 2294 1278 2323 proven-

259 2342 316 2371 tus
332 2340 581 2371 Corinthiensis
597 2340 750 2375 ecclesie,
762 2341 899 2378 propter
911 2339 1102 2378 generalem
1119 2347 1276 2377 guerram

260 2394 356 2424 illius
374 2394 493 2432 patrie,
513 2393 582 2424 sint
608 2393 690 2423 adeo
717 2393 888 2429 diminuti,
908 2393 997 2431 quod
1015 2401 1081 2422 non
1105 2394 1217 2431 potest
1234 2401 1276 2422 ex

261 2447 311 2478 eis
338 2446 489 2484 prefatus
507 2446 783 2485 archiepiscopus
800 2455 945 2485 congrue
973 2446 1169 2479 sustentari,
1200 2454 1274 2481 nos,

262 2500 437 2530 ciro-reum
454 2499 617 2529 habentes
626 2499 737 2530 debite
751 2499 1000 2538 compassionis
1018 2499 1185 2535 affectum,
1200 2507 1276 2528 cum

262 2553 448 2584 secundum
466 2553 669 2591 Apostolum
688 2553 773 2583 alter
787 2553 929 2583 alterius
944 2561 1046 2583 onera
1062 2551 1181 2582 debeat
1198 2561 1275 2590 sup-

261 2608 408 2645 portare,
432 2605 571 2636 obtentu
595 2606 790 2636 eorumdem
808 2605 1044 2639 cardinalium,
1070 2605 1275 2635 fraternitati

243 2662 317 2691 .tue
347 2659 549 2689 mandamus
575 2659 733 2697 quatinus
753 2659 862 2689 eidem
885 2658 1138 2696 archiepiscopo
1159 2657 1199 2688 ab
1219 2658 1275 2688 ali-

263 2712 387 2752 quibus
413 2712 568 2742 ecclesiis
586 2711 639 2741 vel
656 2711 874 2741 monasteriis
897 2713 953 2741 aut
970 2711 1048 2741 aliis
1072 2711 1155 2741 locis
1174 2711 1276 2741 eccle-

262 2765 425 2800 siasticis,
440 2763 651 2794 secularibus
662 2764 716 2794 vel
727 2763 953 2803 regularibus.
966 2764 1137 2802 provincie
1148 2763 1276 2793 Narbo-

262 2818 391 2854 nensis,
411 2818 509 2847 annis
528 2817 684 2856 singulis,
700 2826 808 2856 usque
823 2817 862 2847 ad
874 2817 1071 2852 triennium,
1091 2817 1125 2846 in
1142 2818 1275 2846 centum

263 2871 411 2901 marchis
432 2870 673 2909 sterlingorum
685 2870 789 2900 facias
807 2871 907 2908 perte
922 2869 975 2899 vel
992 2869 1096 2899 alium
1116 2871 1172 2899 aut
1190 2869 1277 2899 alios

263 2924 444 2962 provideri.
475 2922 748 2954 Contradictores
766 2924 828 2953 etc.
846 2923 922 2953 Non
944 2921 1098 2952 obstante
1117 2922 1146 2952 si
1164 2921 1275 2952 ordini

1343 321 1555 351 Cluniacensi
1568 322 1574 340 ¹
1589 322 1643 350 aut
1656 321 1809 358 personis
1824 321 2054 355 ecclesiarum,
2068 322 2349 351 monasteliorum

1343 382 1401 403 seu
1432 374 1594 409 locorum,
1618 374 1647 403 111
1675 373 1799 412 quibus
1825 374 1853 403 ei
1884 374 2051 411 provideri
2084 374 2308 407 mandaveris,
2333 386 2348 403 :1

1343 427 1420 456 sede
1439 427 1623 465 apostolica
1641 427 1943 456 indultumexistat
1957 427 2043 465 quod
2063 427 2101 455 ad
2121 427 2349 465 provisicmcin

1343 488 1401 509 sou
1422 479 1678 509 subventionem
1698 480 1841 517 alicujus
1859 480 2029 517 ctunpidli,
2043 482 2097 509 aut
2115 480 2201 518 quod
2220 489 2350 509 excom-

1344 533 1519 567 municari,
1549 533 1711 571 suspendi
1738 533 1790 562 vel
1823 533 1976 562 interdici
2006 542 2065 571 per
2089 533 2220 562 litteras
2245 533 2350 571 ipsius

1343 585 1433 614 sedis
1465 588 1643 624 nequeant·
1674 594 1736 614 non
1765 585 1926 615 faciontes
1952 586 2083 623 plenam
2105 588 2135 615 et
2154 595 2349 624 expressam

1342 642 1397 667 aut
1415 638 1454 668 dc
1472 638 1572 668 verbo
1593 639 1632 667 ad
1651 638 1789 668 verbum
1808 639 1847 667 de
1865 638 1995 667 indulto
2010 639 2202 675 hujusmodi
2221 641 2251 669 et
2274 640 2351 669 Clu-

1343 691 1512 720 niacensis
1529 691 1678 720 ordinis-2
1693 691 1909 727 mentionem,
1922 693 1952 721 ct
1967 691 2115 730 qnalibet
2132 692 2283 729 ejusdem
2303 702 2351 722 se-

1342 743 1394 772 dis
1412 744 1619 782 indulgentia
1635 743 1904 782 (1111111150111111111ε»1
1924 754 2081 773 concessa
2100 745 2149 774 vel
2162 746 2261 775 etiam
2277 754 2350 775 ‹fon—

1342 796 1499 832 cedenda,
1532 806 1590 834 per
1619 805 1719 835 quam
1754 797 1947 835 hujusmodi
1977 798 2183 835 provisionis
2212 799 2350 828 affectus

1342 848 1498 887 impediri
1512 850 1619 879 valeat
1637 850 1687 879 vel
1704 850 1842 883 differri,
1859 852 1890 879 ot
1911 851 2150 879 constitutione
2167 851 2206 880 dc
2220 851 2349 881 dualnis

1342 901 1442 931 dietis
1466 902 1554 931 edita
1581 902 1613 931 in
1635 902 1777 931 concilio
1801 903 1949 941 generali
1968 921 2016 932 —.
2040 904 2162 933 Datum
2183 904 2269 941 npnd
2290 905 2349 933 l'r-

1341 953 1579 984 bemveterem.
1603 964 1648 983 xii
1668 955 1831 984 kalendas
1850 956 2054 987 novembris.
2075 965 2161 985 anno
2181 957 2292 986 tertio.
2319 967 2332 984 11

1875 1141 1998 1166 ori-ictu,
2021 1142 2048 1167 19
2065 1142 2180 1166 octobre
2202 1142 2278 1167 1:03.

1430 1141 1503 1172 418

1377 1228 1536 1255 Ecclesiam
1559 1230 1585 1254 S.
1609 1229 1705 1255 Hilarii
1730 1229 1905 1255 l‘ictavcnsis
1933 1229 2019 1263 injus
2038 1232 2061 1255 vt
2084 1230 2289 1263 pr·‡›prictat·=m
2318 1231 2344 1258 b.

1341 1277 1417 1303 Petri
1445 1280 1470 1303 ct
1496 1277 1671 1311 apostolicas·
1695 1277 1769 1303 scdis
1794 1277 1923 1311 suscipit.
1947 1278 2026 1303 dtas..
2051 1279 2095 1309 38,
2114 1277 2162 1304 fol.
2184 1281 2200 1303 ⁴}
2216 1284 2252 1304 v0.
2279 1288 2348 1307 ann.

1342 1325 1388 1357 111,
1406 1331 1436 1352 no
1451 1326 1510 1360 21.)

1381 1447 1395 1462 «
1416 1460 1421 1466 .
1441 1461 1445 1465 .
1468 1435 1668 1471 thesaurario,
1692 1461 1711 1465 ..
1733 1434 1844 1464 decano
1869 1440 1896 1464 et
1917 1436 2072 1464 canonicis
2093 1436 2213 1465 ecclesie
2231 1436 2265 1467 S.
2288 1436 2350 1475 Hy-

1342 1489 1414 1518 larii
1433 1489 1630 1523 Pictavensis,
1656 1493 1716 1517 tam
1736 1488 1928 1528 presentibus
1944 1499 2032 1528 quam
2048 1489 2175 1527 fictur-is,
2195 1489 2223 1517 in
2240 1499 2351 1529 perpe-

1340 1548 1439 1573 tuum.
1472 1543 1545 1572 Etsi
1578 1542 1736 1572 universe
1767 1541 1858 1571 orbis
1891 1542 2031 1572 ecclesie
2062 1543 2245 1580 apostolice
2279 1543 2351 1573 sedi

1341 1605 1418 1635 que,
1436 1596 1636 1635 disponente
1657 1595 1815 1629 Domino,
1840 1604 1941 1633 super
1960 1595 2036 1625 illas
2055 1595 2223 1625 ordinarie
2243 1598 2351 1634 potes-

1340 1650 1420 1679 tatis
1437 1649 1565 1679 obtinet
1583 1648 1822 1687 principatum,
1839 1647 1980 1678 subesse
2004 1650 2197 1683 noscantur,
2219 1649 2351 1688 aliquas

1340 1704 1452 1732 tamen
1468 1702 1557 1732 dicta
1576 1702 1673 1732 sedes
1690 1701 1859 1732 interdum
1879 1701 1918 1731 de
1939 1710 1998 1731 sue
2017 1701 2228 1731 auctoritatis
2246 1702 2351 1740 pleni-

1340 1756 1456 1786 tudine
1483 1755 1667 1794 specialius
1686 1754 1751 1784 sibi
1771 1754 1897 1791 subdit,
1920 1755 1968 1784 sic
1986 1763 2042 1785 eas
2064 1764 2082 1784 a
2105 1754 2283 1793 cujuslibet
2301 1755 2351 1793 ju-

1340 1809 1534 1839 risdictione
1544 1817 1684 1847 prorsus
1701 1808 1862 1846 eripiens,
1880 1810 1915 1838 ut,
1929 1807 2061 1837 nullum
2076 1808 2142 1837 nisi
2160 1808 2270 1837 solum
2284 1809 2349 1839 Ro—

1340 1871 1478 1892 manum
1496 1862 1689 1900 pontificem
1707 1861 1917 1899 superiorem
1936 1863 1965 1891 et
1983 1861 2157 1891 dominum
2174 1870 2349 1899 recognos-

1340 1917 1426 1951 cant,
1454 1915 1688 1945 constituendo
1714 1915 1808 1952 ipsas
1830 1914 1976 1953 quodam
2004 1914 2143 1952 speciali
2174 1914 2350 1953 privilegio

1340 1968 1465 1999 liberas
1501 1969 1636 2007 penitus
1662 1969 1694 1997 et
1722 1969 1908 2006 exemptas.
1940 1968 2139 2005 Eapropter,
2176 1967 2289 1997 dilecti
2317 1968 2351 1997 in

1339 2022 1480 2052 Domino
1498 2022 1571 2058 filii,
1590 2021 1767 2051 ecclesiam
1783 2022 1931 2050 vestram
1947 2020 1978 2050 S.
1998 2020 2107 2050 Ylarii
2124 2020 2348 2057 pictavensis,

1341 2076 1372 2105 in
1393 2075 1467 2115 {qua
1493 2075 1651 2105 devotum
1678 2074 1876 2113 impenditis
1900 2074 2044 2104 Domino
2077 2074 2288 2107 famulatum,
2310 2074 2351 2104 ob

1340 2129 1564 2160 reverentiam
1589 2128 1740 2166 ejusdem
1758 2127 1876 2163 sancti,
1905 2127 2001 2166 cujus
2026 2135 2148 2165 corpus
2168 2127 2349 2166 requiescit

1340 2184 1374 2213 in
1392 2183 1463 2219 illa,
1485 2183 1524 2212 de
1544 2182 1686 2211 fratrum
1705 2182 1899 2211 nostrorum
1928 2180 2082 2216 consilio,
2105 2181 2139 2210 in
2156 2180 2212 2219 jus
2228 2182 2259 2210 et
2276 2189 2350 2218 pro-

1339 2237 1517 2275 prietatem
1536 2235 1626 2265 beati
1636 2235 1728 2265 Petri
1747 2236 1778 2265 et
1790 2234 1939 2273 predicte
1957 2233 2140 2272 apostolice
2150 2234 2242 2263 sedis
2257 2242 2350 2263 assu-

1340 2290 1476 2325 mimus,
1497 2297 1570 2318 eam
1586 2288 1626 2318 ab
1642 2288 1733 2318 omni
1751 2288 1913 2323 dominio,
1926 2287 2163 2326 jiirisdictione
2182 2296 2219 2316 ac
2238 2288 2349 2324 potes-

1338 2345 1406 2374 tate
1435 2343 1631 2382 primatum,
1667 2341 2006 2379 archiepiscoporum,
2047 2339 2282 2378 episcoporum
2316 2341 2347 2369 et

1339 2395 1568 2436 quorumlibet
1594 2395 1738 2425 aliorum
1765 2393 1972 2432 prelatorum
1999 2392 2347 2422 ecclesiastusarumve

1339 2458 1573 2489 personarum,
1598 2451 1627 2478 et
1656 2448 1695 2477 ab
1721 2446 1878 2477 omnibus
1898 2454 1961 2484 que
1981 2445 2021 2475 ad
2041 2454 2098 2475 eos
2119 2445 2170 2474 vel
2195 2445 2348 2483 ipsorum

1339 2503 1484 2542 aliquos,
1496 2502 1624 2532 ratione
1641 2500 1882 2539 cujuscumque
1895 2498 2146 2537 jurisdictionis
2165 2498 2347 2535 ordinarie,

1338 2557 1518 2596 pertinent,
1535 2554 1685 2585 totaliter
1697 2553 1897 2587 eximentes,
1919 2552 1964 2582 ita
1975 2551 2063 2589 quod
2076 2550 2191 2581 eadem
2205 2550 2349 2581 ecclesia

1338 2610 1370 2641 S.
1391 2609 1499 2640 Ylarii
1516 2608 1602 2638 dicte
1617 2607 1689 2637 sedi
1705 2605 1888 2645 apostolice
1906 2604 2099 2634 immediate
2117 2606 2348 2642 perpetuoque

1339 2663 1488 2702 subjecta
1507 2662 1690 2694 remaneat,
1710 2668 1769 2689 nec
1788 2659 1890 2688 iidem
1910 2658 2084 2696 primates,
2103 2656 2348 2695 archiepiscopi

1338 2719 1369 2746 et
1388 2715 1538 2754 episcopi
1570 2722 1628 2744 nec
1653 2713 1772 2752 quevis
1793 2712 1857 2741 alie
1875 2719 2018 2749 persone
2045 2710 2274 2740 ecclesiastice
2297 2719 2348 2740 ec-

1338 2769 1477 2799 clesiam
1495 2768 1616 2806 ipsam,
1636 2768 1751 2804 utpote
1769 2773 1908 2804 prorsus
1926 2765 2129 2802 exemptam,
2148 2763 2200 2794 vel
2216 2771 2276 2793 vos
2292 2765 2349 2793 aut

1375 2884 1392 2905 1.
1408 2882 1461 2906 Ces
1477 2880 1548 2904 deux
1565 2881 1637 2903 mots
1653 2881 1701 2902 ont
1714 2878 1756 2902 cte
1774 2876 1883 2908 ajoutes
1901 2877 1972 2901 dans
1991 2875 2176 2907 l'int·2rlign‹1·.

1370 2928 1392 2951 ἑ.
1412 2926 1491 2950 Idem.
