2547 3289
1157 229 1371 262 D‘URBAIN
1395 232 1453 263 IV.

250 312 407 342 Romane
426 310 567 340 ecclesie
585 310 822 346 cardinalium,
845 311 902 350 qui
918 312 1012 341 erant
1030 312 1181 350 tempore
1201 320 1273 350 pre-

249 363 446 394 decessoris
462 363 583 402 ipsius,
601 363 634 393 in
653 363 855 402 octingentis
871 364 995 394 marcis
1009 364 1178 403 obIIgatus
1189 365 1274 395 exis-

248 416 304 447 tit.
320 416 432 452 Quare
445 416 535 446 idem
549 417 730 455 episcopus
750 416 848 446 nobis
870 416 1046 447 humiliter
1068 417 1273 456 supplicavit
1301 428 1302 431 ¹

250 471 301 506 ut,
320 478 397 499 cum
414 469 576 508 magister
589 469 764 500 Galt'ridus
781 470 820 500 de
836 470 1010 509 Feringes,
1026 470 1173 500 decanus
1186 471 1272 500 Lon-

249 522 440 558 doniensis,
460 521 585 552 nobilis
609 522 662 552 vir
678 523 886 553 Guillelmus
907 523 947 553 de
963 523 1131 553 Valentiis
1150 525 1181 553 et
1200 523 1271 559 alii,

249 584 340 614 quos
355 575 466 605 dictus
487 575 708 614 predecessor
722 577 920 606 executores
941 576 993 605 sui
1012 576 1189 606 constituit
1206 578 1272 606 tes-

249 629 408 664 tamenti,
429 628 593 658 nonnulla
611 628 651 658 de
675 628 773 658 bonis
792 637 856 667 (1110
880 628 1016 658 fuerunt
1040 629 1183 667 predicti
1202 638 1273 667 pre-

250 681 457 715 decessoris,
476 681 632 716 habeant,
653 690 717 720 que
738 681 780 711 ad
799 681 1006 711 solutionem
1026 681 1220 719 hujusmodi
1242 683 1274 712 et
1302 687 1303 692 ¹

249 734 400 764 aliorum
424 734 617 764 debitorum
641 734 751 771 ipsius
779 734 1031 772 predecessoris
1050 733 1206 764 sufficere
1225 734 1272 764 di-

253 788 453 823 noscuntur,
466 786 708 817 etconveniens
721 787 848 816 existat
859 788 895 816 ut
909 786 948 816 de
966 786 1161 824 hujusmodi
1175 786 1274 817 bonis

252 840 493 878 persolvantur
507 839 702 878 hujusmodi
712 839 854 878 pecunie
867 839 1086 877 quantitates,
1096 839 1274 878 providere

253 892 322 922 sibi
343 901 446 931 super
467 892 529 922 1100
544 893 686 930 paterna
706 891 938 922 sollicitudine
959 900 1167 922 curaremus.
1187 892 1274 928 Quo-

248 945 343 975 circa
359 945 556 975 discretioni
573 946 629 974 tue
643 953 703 983 per
723 944 912 983 apostolica
931 945 1059 983 scripta
1071 945 1274 975 mandamus
1303 952 1304 971 ὲ

251 998 416 1037 quatinus
429 999 561 1028 tantum
575 1006 617 1028 ex
628 997 791 1036 predictis
801 997 899 1027 bonis
912 997 1029 1034 facias,
1043 998 1115 1028 sine
1131 998 1275 1028 difficul-

249 1052 321 1081 tate
362 1059 400 1080 ac
423 1050 587 1080 dilatione
609 1050 771 1089 qualibet,
801 1051 890 1081 dicto
919 1050 1079 1089 episcopo
1108 1051 1272 1087 exhiberi,

250 1103 344 1143 quod
357 1103 447 1133 idem
463 1112 505 1134 ex
518 1112 557 1134 eo
574 1103 770 1142 persolvere
785 1104 895 1142 possit
914 1104 1121 1142 quantitates
1132 1105 1273 1143 pecunie

250 1156 480 1195 supradictas.
505 1156 793 1193 Contradictores,
816 1158 877 1187 etc.
892 1165 1000 1195 usque
1015 1158 1270 1195 compeSJendo.
1302 1151 1304 1166 ²

250 1210 330 1241 Non
340 1209 495 1240 obstante
504 1226 553 1239 -.
568 1210 693 1240 Datum
704 1209 793 1248 apud
808 1209 1099 1245 Urbemveterem,
1111 1219 1143 1239 v1
1158 1210 1274 1240 kalen-

249 1262 316 1293 das
333 1262 494 1299 octobris,
511 1271 598 1293 anno
618 1263 730 1294 tertio.
754 1275 769 1290 »
1302 1254 1304 1285 i

345 1444 418 1476 475

757 1443 882 1476 Orvieto,
899 1444 932 1470 24
948 1444 1101 1471 novembre
1122 1445 1200 1471 1263.

292 1521 516 1556 Archiepiscopo
532 1521 715 1548 Armachano
739 1522 844 1549 iterum
869 1521 968 1549 seribit
987 1523 1021 1550 de
1040 1523 1161 1557 pecunia
1177 1532 1193 1550 a
1209 1532 1272 1551 ma-
1302 1526 1303 1537 ¹

250 1570 346 1605 gistro
363 1571 490 1598 Johanne
508 1571 542 1597 de
557 1571 713 1597 Frusinone
730 1570 758 1597 in
771 1571 907 1598 Hibernia
921 1571 1051 1599 collecta.
1068 1572 1146 1607 (Rae.
1166 1573 1211 1607 27,
1225 1573 1272 1600 fol.
1303 1580 1304 1587 ¹

258 1620 319 1651 ¹4¹,
340 1625 370 1646 n⁰
388 1622 414 1652 ¹3
435 1621 582 1646 Powfflsr
600 1620 708 1653 18720.)
1303 1621 1304 1648 i

295 1724 311 1742 1(
331 1714 338 1732 ¹
358 1714 610 1753 [Archiepiscopo
625 1712 846 1752 Armuclmno.]
863 1713 1015 1743 Firmani
1035 1714 1128 1750 olim,
1148 1723 1224 1744 cum
1242 1716 1274 1745 te

254 1767 461 1806 prefecimus
485 1766 626 1797 ecclesie
656 1766 877 1799 Armachane,
901 1767 942 1796 de
972 1768 1031 1796 tua
1059 1768 1275 1806 concepimus

255 1820 455 1850 sinceritate
480 1820 640 1850 fiduciam
669 1820 760 1858 quod
788 1820 822 1849 in
849 1819 1009 1850 omnibus
1035 1829 1098 1859 que.
1133 1821 1173 1851 ad
1198 1830 1274 1851 1105-

254 1874 348 1903 trum
366 1875 397 1903 et
416 1873 557 1903 ecclesie
586 1874 738 1904 Romane
755 1873 935 1902 comodum
952 1873 1121 1911 pertinere
1138 1883 1275 1913 cognos-

253 1935 364 1962 ceres,
384 1928 414 1956 te
433 1926 619 1956 sollicitum
637 1927 669 1956 et
685 1925 824 1964 vigilem
842 1925 1021 1956 exhiberes
1035 1935 1071 1956 ac.
1089 1927 1128 1957 de
1140 1927 1276 1965 juribus
1305 1948 1306 1958 1

256 1980 292 2010 et
309 1978 531 2018 proventibus
549 1979 722 2009 universis
743 1979 785 2009 ad
806 1978 947 2008 eandem
964 1979 1142 2009 ecclesiam
1158 1981 1276 2011 Roma-

258 2041 338 2062 nam
371 2033 406 2062 in
434 2032 611 2070 provincia
638 2033 697 2062 tua
719 2031 953 2070 spectantibus
981 2034 1107 2063 attente
1135 2042 1171 2063 ac
1202 2033 1277 2063 dili-
1306 2039 1307 2051 ³

253 2086 375 2125 genter
392 2085 595 2124 inquireres,
625 2093 754 2124 nosque
780 2093 882 2124 super
906 2085 973 2115 hiis
995 2085 1136 2116 deberes
1153 2086 1278 2117 suffici-

255 2140 355 2169 enter
376 2147 435 2177 per
446 2140 524 2169 tuas
539 2138 672 2168 litteras
688 2140 745 2168 aut
761 2139 899 2168 nuntios
919 2138 1114 2170 informare.
1136 2140 1276 2174 Verum,

256 2191 339 2222 licet
366 2194 403 2222 tu
431 2191 543 2227 nobis,
570 2191 651 2222 dum
676 2191 784 2222 adbuc
805 2200 899 2222 esses
919 2192 1009 2230 apud
1038 2193 1152 2223 sedem
1184 2201 1278 2232 apos-

257 2244 400 2275 tolicam
417 2245 634 2281 constitutus,
658 2245 703 2282 id,
731 2243 858 2275 sibene
877 2245 1073 2280 recolimus,
1095 2246 1173 2276 viva
1197 2255 1278 2277 voce
1307 2244 1308 2267 l

261 2288 478 2336 promiseris,
504 2298 544 2328 de
566 2297 628 2328 hoc
646 2299 761 2328 tamen
778 2298 911 2328 nullum
934 2299 1089 2329 effectum
1107 2300 1279 2330 sensimus

256 2351 488 2389 processisse;
504 2351 594 2389 quod
607 2351 668 2381 tibi
679 2351 763 2381 satis
777 2353 894 2390 posset
911 2352 952 2381 ad
967 2352 1208 2391 negligentiam
1218 2353 1280 2383 im-
1308 2380 1310 2387 χ

259 2404 388 2442 putari,
402 2403 470 2433 nisi
484 2411 526 2433 ex
540 2404 687 2443 quadam
700 2403 847 2443 benigna
860 2405 994 2435 credere
1004 2405 1279 2436 dissimulatione

261 2456 409 2487 velimus
430 2457 462 2486 te
487 2456 591 2486 nimis
612 2456 720 2487 fuisse
747 2457 825 2487 aliis
849 2457 1048 2496 urgentibus
1066 2459 1210 2497 negotiis
1229 2467 1280 2489 00-

256 2511 436 2548 vcupatum.
458 2510 509 2539 Ne
526 2510 641 2548 itaque
664 2511 701 2539 tu
727 2518 830 2548 super
852 2510 918 2540 hiis
941 2511 1086 2541 ulterius
1103 2512 1280 2542 occasione
1309 2524 1310 2531 ¹

259 2562 379 2601 aliqua
406 2562 589 2592 retarderis
619 2562 672 2592 vel
705 2563 936 2593 excusationis
968 2564 1072 2602 pallio
1098 2565 1278 2600 muniaris,
1310 2564 1311 2587 ἓ

260 2615 338 2651 11111,
358 2615 398 2645 (10
414 2615 510 2654 cujus
524 2624 608 2653 pura
627 2615 692 2645 fide
710 2624 747 2645 ac
764 2615 933 2646 industria
945 2617 1191 2656 circumspecta
1209 2626 1280 2656 spe-

261 2776 297 2805 et
319 2774 461 2805 ecclesie
488 2774 640 2804 Romane
669 2773 818 2808 nomine,
834 2774 868 2804 in
884 2775 1059 2813 provincia
1080 2778 1280 2812 memorata,

259 2826 396 2858 necnon
414 2826 608 2866 inquirendi
633 2827 673 2856 de
701 2827 845 2865 pecunia
869 2828 901 2857 et
928 2827 1026 2858 bonis
1048 2837 1111 2867 (1110
1136 2829 1281 2860 dilectus

300 2916 322 2939 1.
340 2914 492 2939 L’adresse
511 2922 527 2939 a
544 2914 587 2939 ete
602 2914 745 2946 emportee
762 2921 830 2939 avec
848 2914 877 2939 la
894 2922 989 2946 marge
1007 2916 1056 2947 qui
1072 2923 1087 2940 a
1104 2915 1146 2941 010
1161 2916 1283 2941 11100100.

2292 242 2349 272 139

1302 349 1303 355 ¹
1334 313 1425 344 filius
1444 316 1605 353 magister
1617 317 1787 347 Johannes
1801 318 1840 349 dc
1852 320 2049 357 Frusinone,
2067 322 2261 360 capellanus
2273 332 2349 354 nos·

1333 368 1384 397 ter
1399 367 1479 397 olim
1496 370 1635 399 nuntius
1653 372 1837 409 apostolice
1856 373 1945 403 sodis
1966 374 1998 403 iu
2013 375 2167 412 partibus
2190 376 2346 416 Yberuie,

1334 420 2346 468 1101111110111511150(·(·10510,11015011111111105(110111111000111550,

1333 481 1369 502 ac
1384 474 1497 503 omnia
1514 475 1581 511 illa,
1598 485 1661 514 que
1674 477 1865 515 depecunia
1881 481 1912 508 01
1930 479 2230 518 bouishujusmodi
2243 491 2346 520 penes

1333 534 1564 565 quoscumque
1593 537 1651 567 per
1678 530 1889 568 capellanum
1913 532 2024 570 ipsum
2048 533 2188 572 ejusque
2209 535 2348 565 nuntios

1332 578 1485 616 deposita
1504 580 1555 610 vel
1574 582 1825 619 quomodolibet
1839 586 2073 615 00111111011ι111111
2088 596 2146 616 seu
2163 588 2303 618 collecta
2315 590 2348 619 et

1302 667 1303 670 Ἰ
1333 631 1467 661 detenta
1496 632 1678 670 inveneris,
1704 635 1847 665 faciendi
1874 637 1931 666 tibi
1960 647 2019 676 pro
2047 639 2145 669 nobis
2174 642 2204 670 et
2230 641 2347 671 eadem

1334 683 1477 714 ecclesia
1519 685 1647 724 integre
1685 688 1865 726 assignari,
1905 692 2169 721 contradi-*tores
2213 702 2347 732 (1110111ιο

1304 766 1305 772 ¹
1334 744 1393 773 per
1411 745 1589 767 censuram
1609 739 1885 777 ecclesiasticam,
1905 744 2130 781 appellatiou·²
2145 747 2345 784 1105111051111,

1335 791 1581 827 compescendi,
1602 800 1661 829 per
1681 793 1845 830 quasdam
1860 794 1944 824 alias
1963 800 2095 825 nostras
2111 798 2250 833 litteras,
2263 808 2347 837 quas

1335 841 1397 871 tibi
1420 843 1697 878 transmittimus,
1728 845 1862 883 plenam
1888 848 2104 877 cca‘ujwulimus
2138 850 2344 881 facultatem.

1335 894 1499 929 Quocirca
1528 896 1777 927 fraternitatem
1810 901 1901 929 tuam
1933 910 2091 937 rogamus
2115 905 2144 931 01
2175 903 2349 934 hortamur

1335 948 1472 982 attente,
1488 957 1548 986 per
1560 950 1745 987 apostolica
1760 951 1821 981 tibi
1838 953 1964 991 scripta
1981 954 2348 994 tirmiterprecipiendo

1303 1027 1304 1031 ,
1336 1000 1544 1036 mandantes,
1564 1003 1723 1040 quatinus
1742 1003 1935 1043 hujusmodi
1958 1007 2091 1045 negotist
2113 1009 2351 1046 acceptissima

1335 1053 1426 1082 cordi
1444 1056 1571 1091 nostro,
1591 1056 1631 1085 ad
1656 1065 1800 1094 quorum
1827 1059 2061 1089 executionem
2091 1062 2121 1090 10
2151 1061 2237 1091 inter
2263 1062 2350 1092 alios

1334 1105 1473 1136 devotos
1492 1107 1629 1138 illarum
1646 1110 1795 1147 partium
1819 1112 2012 1149 specialiter
2036 1113 2198 1143 duximus
2225 1114 2349 1153 eligen-

1335 1159 1426 1195 dum,
1446 1160 1565 1190 affectu
1584 1164 1738 1200 prompto
1758 1171 1913 1193 assumas
1930 1167 1959 1194 01
1979 1165 2047 1201 illa,
2067 1166 2163 1203 juxta
2182 1167 2350 1197 diti-arum

1335 1211 1525 1242 litterarum
1536 1215 1698 1251 tenorem,
1714 1215 1799 1245 sicut
1814 1216 1986 1246 efficacius
2000 1219 2139 1255 poteris,
2155 1219 2349 1257 exequaris,

1335 1274 1371 1294 ac
1390 1266 1503 1295 omnia
1520 1268 1550 1296 et
1561 1267 1706 1305 singula,
1719 1277 1783 1306 que
1795 1269 1835 1298 ad
1853 1271 1883 1298 te
1901 1269 1939 1299 de
1950 1271 2129 1308 prr-missis
2141 1273 2349 1309 servenieffl,

1334 1326 1394 1356 per
1412 1318 1546 1349 fidelem
1565 1321 1734 1357 nuntium,
1748 1322 1806 1360 qui
1824 1322 1886 1352 sub
1899 1324 1956 1353 tuo
1970 1323 2097 1353 deserat
2117 1325 2348 1363 111111101101110,

1335 1371 1433 1401 nobis
1458 1373 1597 1403 tamcito
1622 1382 1698 1403 011111
1720 1375 1914 1414 integritate
1932 1377 2154 1407 transmittas.
2175 1378 2348 1413 Quantita-

1333 1426 1402 1454 tem
1419 1434 1498 1455 vero
1518 1426 1667 1463 illorum,
1688 1436 1752 1465 que
1772 1428 1811 1458 de
1828 1429 2008 1467 premissis
2025 1431 2056 1460 te
2076 1431 2223 1468 10011101(λ
2248 1432 2352 1461 001111-

1302 1518 1303 1522 *
1333 1479 1430 1517 gerit,
1454 1488 1472 1509 a
1489 1479 1612 1518 quibus
1632 1482 1663 1510 et
1691 1490 1733 1510 ex
1755 1491 1821 1520 qua
1844 1492 1946 1512 causa
1974 1485 2005 1513 et
2027 1485 2161 1522 quando
2192 1486 2222 1514 et
2246 1485 2302 1514 ubi
2320 1487 2352 1515 et

1335 1540 1447 1562 coram
1465 1532 1587 1570 quibus
1604 1542 1643 1563 ea
1658 1535 1839 1573 receperis,
1851 1544 1910 1573 per
1921 1538 2076 1574 patentes
2092 1537 2234 1570 litteras,
2249 1540 2303 1567 tuo
2320 1539 2351 1568 et

1335 1585 1484 1620 illorum,
1507 1587 1564 1624 qui
1590 1589 1766 1624 presentes
1798 1587 1934 1624 fuerilit,
1955 1598 1991 1618 ac
2021 1589 2112 1619 illius
2140 1590 2192 1619 vel
2212 1591 2350 1620 illorum

1335 1638 1393 1676 qui
1409 1647 1447 1668 ea
1462 1638 1524 1668 tibi
1541 1639 1706 1676 dederint,
1726 1641 1851 1679 sigillis
1877 1642 2038 1680 signatas,
2059 1652 2141 1681 quas
2170 1652 2228 1681 per
2252 1646 2347 1673 tuum

1334 1691 1547 1721 transmittes
1566 1693 1734 1727 nuntium,
1752 1693 1849 1723 nobis
1867 1695 2024 1725 distincte
2051 1698 2081 1725 et
2101 1696 2245 1726 fideliter
2273 1697 2350 1726 inti·

1335 1752 1427 1774 mare
1445 1753 1617 1782 procures.
1638 1746 1772 1782 Verum,
1798 1746 1875 1777 licet
1900 1756 2001 1786 super
2028 1748 2232 1778 insinuanda
2253 1749 2352 1779 nobis

1336 1798 1547 1835 receptorum
1565 1799 1752 1836 quantitate
1770 1802 1896 1830 certam
1914 1800 2057 1830 sormam
2076 1801 2109 1830 ti'
2129 1802 2135 1830 i
2155 1811 2214 1840 per
2235 1811 2352 1841 supra-

1335 1850 1444 1880 dictas
1464 1852 1599 1880 nostras
1628 1851 1760 1881 litteras
1780 1853 2025 1891 exprimamus,
2053 1856 2087 1883 ut
2111 1856 2224 1885 tamen
2246 1856 2352 1885 totius

1336 1903 1543 1941 suspicionis
1561 1904 1692 1934 occasio
1703 1904 1861 1935 demedio
1872 1906 2053 1942 auferatur,
2068 1907 2171 1937 talem
2189 1916 2206 1936 a
2227 1910 2256 1937 10
2275 1917 2350 1937 cau-

1305 1962 1306 1967 *
1336 1956 1439 1986 telam
1459 1956 1493 1985 in
1518 1955 1586 1985 hiis
1604 1957 1790 1995 adjecimus
1806 1958 2062 1993 observandam,
2081 1960 2236 1990 videlicet
2262 1961 2352 1998 quod

1337 2009 1425 2039 circa
1436 2008 1537 2039 tinem
1551 2009 1746 2048 hujusmodi
1759 2012 1928 2049 presentis
1938 2012 2028 2048 anni,
2039 2021 2152 2051 exquo
2163 2013 2351 2052 delegatam

1336 2061 1400 2092 tibi
1424 2062 1666 2093 comissionem
1690 2063 1857 2102 inceperis
1874 2066 2008 2103 exequi,
2031 2066 2189 2096 omuibus
2212 2066 2269 2104 qui
2290 2066 2352 2096 tibi

1338 2116 1395 2145 aut
1411 2115 1642 2154 subdelegatis
1656 2117 1707 2146 vel
1730 2117 1859 2148 nuntiis
1877 2118 1945 2148 tuis
1964 2118 2051 2148 infra
2077 2119 2208 2149 eunden
2228 2128 2354 2149 annum

1338 2168 1468 2207 aliquid
1480 2169 1634 2199 dederint
1649 2169 1688 2199 de
1704 2171 1896 2208 premissis,
1913 2180 1955 2201 ex
1976 2173 2069 2210 parte
2087 2174 2201 2202 nostra
2220 2172 2354 2202 deman-

1339 2221 1398 2252 des
1420 2223 1456 2252 ut
1481 2222 1583 2252 certis
1606 2222 1678 2252 loco
1697 2224 1729 2253 01
1747 2224 1892 2254 termino
1915 2233 1933 2254 a
1961 2226 1992 2254 tc
2014 2225 2216 2260 statuendis,
2240 2234 2353 2256 coram

1308 2282 1309 2306 1
1339 2274 1520 2304 diocesano
1539 2283 1600 2304 suo
1617 2276 1674 2306 et..
1692 2276 1804 2313 priore
1816 2277 2071 2307 Predicatorum
2085 2286 2146 2307 ac..
2167 2278 2353 2316 guardiano

1339 2327 1510 2357 Minorum
1528 2327 1684 2363 frat-rum,
1700 2328 1773 2358 1000
1789 2329 1823 2359 111
1838 2338 1903 2368 quo
1922 2330 2137 2360 convenerint
2154 2331 2263 2369 magis
2279 2339 2354 2369 pro-

1340 2380 1809 2420 111111155111101·1111,11110(111111
1824 2391 1935 2412 coram
1950 2383 2089 2412 totidem
2102 2382 2281 2413 abbatibus
2296 2385 2354 2414 aut

1339 2433 1512 2472 prioribus
1523 2434 1576 2463 vel
1589 2434 1667 2463 aliis
1679 2434 1936 2465 honorabilibus
1950 2438 1979 2465 01
1993 2436 2171 2474 tidedignis
2183 2437 2350 2474 personis,

1309 2498 1310 2521 ς
1340 2485 1471 2516 litteras
1489 2487 1565 2516 tuas
1590 2486 1656 2516 sibi
1676 2496 1856 2517 concessas
1880 2496 1980 2526 super
2006 2488 2174 2521 omnibus,
2194 2497 2258 2526 que
2286 2488 2353 2527 ipsi

1340 2538 1403 2569 tibi
1420 2541 1477 2569 aut
1504 2539 1580 2569 aliis
1599 2541 1702 2578 prote
1727 2541 1766 2570 de
1792 2541 1970 2578 premissis
1992 2541 2079 2571 infra
2098 2543 2205 2571 totum
2227 2550 2353 2571 annum

1341 2592 1454 2630 ipsum
1464 2592 1628 2629 dederint,
1641 2593 1798 2623 studeant
1811 2596 2019 2631 presentare,
2038 2594 2152 2632 sicque
2171 2595 2353 2633 transcrip-

285 2669 290 2674 .
418 2668 445 2678 „
503 2668 508 2672 .
1170 2670 1175 2676 .
1258 2671 1263 2676 .
1310 2666 1311 2670 ,
1341 2646 1413 2675 tum
1441 2646 1593 2675 omnium
1616 2645 1805 2675 litterarum
1831 2646 1982 2684 ipsarum
2007 2647 2151 2676 tideliter
2179 2649 2353 2686 sumptum

255 2668 386 2699 -cialem
410 2668 568 2697 nduciam
596 2676 712 2706 gerere
737 2677 804 2698 non
824 2677 1010 2706 cessamus,
1042 2670 1189 2708 petendi,
1211 2679 1281 2700 exi·
1309 2688 1311 2695 ‚

259 2721 363 2761 gendi
383 2722 414 2751 et
430 2720 617 2759 recipiendi
634 2722 819 2759 proventus
833 2721 951 2760 etjura
963 2723 1145 2760 premissa,
1162 2725 1279 2754 nostro
1310 2747 1312 2752 2

1342 2697 1405 2728 sub
1422 2698 1548 2737 sigillis
1576 2698 1772 2728 diocesani..
1797 2699 1922 2737 prioris
1948 2701 2003 2729 et..
2029 2700 2205 2738 guardiam
2226 2701 2354 2738 predic-

1341 2752 1454 2781 torum
1474 2751 1528 2781 vel
1551 2751 1694 2781 aliarum
1717 2751 1821 2781 trium
1846 2760 2068 2789 personarum
2093 2752 2350 2791 lidediguarum,

1342 2812 1427 2842 quos
1442 2804 1484 2834 ad
1502 2804 1769 2834 conveniendum
1790 2805 1928 2842 propter
1950 2804 2011 2834 1100
2029 2805 2254 2843 compellendi
2272 2806 2354 2837 libe-

1342 2856 1484 2887 ramtibi
1492 2857 1708 2887 concedimus
1716 2857 1921 2893 facultatem,
1931 2866 1989 2895 per
1998 2866 2101 2887 unum
2110 2859 2296 2897 proprium.
2304 2883 2309 2889 .
2317 2883 2323 2890 .
2331 2882 2338 2889 .

1343 2918 1385 2940 ex
1404 2911 1483 2940 tunc
1499 2909 1587 2939 infra
1603 2912 1675 2940 octo
1685 2909 1758 2939 dies
1774 2909 1839 2939 iter
1854 2910 1993 2948 arripiat
2012 2911 2167 2941 veniendi
2181 2912 2221 2941 ad
2239 2912 2354 2943 sedem
