2547 3289
276 285 339 314 360

369 367 440 398 7334
824 362 948 395 Orvietc,
967 364 998 389 10
1014 362 1117 389 sevrier
1137 363 1212 390 1264.

311 454 412 481 Omnia
427 457 489 480 acta
509 453 536 479 in
557 452 672 478 civitate
692 451 814 478 Ostiensi
833 459 849 477 a
874 451 1010 478 lticeardo
1042 451 1117 477 Petri
1141 451 1284 478 Anibaldi.

275 503 318 529 vot-l
341 503 427 537 ipsius
447 501 562 528 nomine
591 500 675 532 sarta,
697 502 791 527 cassat
819 501 847 526 ct
872 499 974 526 irritat.
998 500 1079 534 (Rae.
1100 502 1145 531 28,
1169 500 1216 527 t'ol.
1240 502 1284 531 911,

274 562 333 579 cur.
349 560 416 578 11011.
437 550 480 577 111,
504 556 532 576 n⁰
553 550 609 581 441.)

313 694 328 713 (1
349 683 398 712 Ad
418 684 554 721 futuram
578 683 622 711 rei
641 682 827 712 memoriam.
849 682 934 712 Cum
960 681 1165 712 venerabilis
1184 682 1287 711 frater

273 739 387 767 noster
403 736 458 771 H.,
469 736 640 767 Ostiensis
657 737 689 765 et
701 735 926 765 Velletrensis
941 735 1132 774 episcopus,
1147 735 1287 773 eJ'usque

273 790 531 829 predecessores
540 790 718 819 altomana
730 788 884 824 ecclesia,
894 797 958 827 1108
971 788 1122 818 omnium
1131 787 1288 818 ecclesia-

273 852 348 873 rum
367 844 418 872 est
435 842 572 871 domina
600 843 631 871 et
650 842 824 880 magistra,
846 841 1019 871 civitatem
1041 841 1237 872 Ostiensem
1254 840 1287 870 in

274 896 422 931 feudum,
440 905 457 924 a
472 897 620 933 tempore
634 894 730 933 cujus
748 903 815 924 non
831 896 922 924 extat
940 894 1233 933 mem01·ia,usque
1247 893 1287 923 ad

273 949 332 979 hec
342 951 494 986 tempora
506 947 675 978 tenuerint
687 948 717 977 et
730 947 1094 986 posscderintpacifice
1113 949 1145 977 et
1162 947 1286 985 quiete,

275 1010 348 1037 nos,
363 1001 539 1039 indignum
553 1002 585 1030 et
601 1000 765 1030 absonum
780 1001 976 1038 reputantes
991 1000 1077 1038 quod
1095 999 1220 1029 nobilis
1238 1000 1289 1029 vir

274 1054 461 1086 Riccardus
472 1054 560 1083 Petri
571 1053 728 1083 Anibaldi
738 1076 744 1089 ‚
754 1053 838 1083 civis
849 1054 1034 1088 Romanus3
1044 1053 1077 1083 in
1085 1053 1202 1083 cadem
1211 1053 1289 1083 civi-

274 1110 351 1142 tate,
363 1107 396 1137 in
407 1107 516 1146 ipsius
524 1106 672 1145 episcopi
686 1106 1135 1145 prejudicium,dominatur,
1145 1106 1286 1137 eundem

276 1160 478 1192 Riccardum
508 1160 700 1198 frequenter
727 1161 758 1190 et
784 1159 963 1198 diligenter
989 1159 1117 1189 moneri
1147 1159 1288 1189 fecimus

276 1216 312 1244 ut
331 1213 502 1243 civitatem
520 1213 640 1251 ipsam,
663 1221 764 1251 quam
780 1214 895 1243 contra
920 1213 1030 1243 Deum
1060 1214 1091 1243 et
1117 1212 1288 1251 justitiam

277 1266 453 1305 occupavit
473 1267 503 1295 et
529 1266 673 1295 detinuit
697 1274 755 1304 per
776 1266 861 1295 duos
888 1274 993 1295 annos
1019 1267 1050 1295 et
1073 1265 1231 1304 amplius,
1257 1266 1288 1296 et

276 1319 382 1349 adhuc
398 1318 524 1348 detinet
542 1320 749 1356 occupatam,
760 1318 891 1356 prefato
907 1318 1064 1356 epist-,opo
1080 1318 1288 1354 restitueret,

280 1381 316 1401 ac
334 1372 373 1401 dc
400 1371 576 1406 fructibus,
595 1371 705 1400 medio
723 1372 874 1408 tempore
900 1370 1067 1409 perceptis
1088 1380 1128 1400 ex
1158 1370 1227 1406 illa,
1248 1370 1287 1400 de

277 1425 434 1463 dampnis·
453 1432 585 1463 1111011118
601 1426 628 1453 ct
651 1424 785 1461 injuriis
807 1423 915 1453 cidem
934 1424 1093 1462 episcopo
1115 1423 1285 1462 irrogatis,

276 1477 544 1507 satisfactionem
563 1477 752 1515 plenariam
774 1476 957 1506 exhiberet.
986 1476 1080 1511 Quod
1099 1476 1178 1514 1111111
1197 1476 1285 1506 idem

276 1530 401 1560 nobilis
424 1530 531 1560 tacere
555 1538 619 1559 non
640 1529 781 1565 curavit,
803 1529 959 1568 pluribus
981 1531 1011 1558 et
1037 1529 1185 1559 diversis
1210 1538 1285 1559 eum

274 1583 662 1613 excommunicatioiiuni
681 1582 860 1612 sententiis
880 1582 1038 1611 duximus
1056 1582 1285 1612 innodandum

274 1637 305 1666 et
317 1635 646 1665 excommunicatum
665 1635 806 1665 lecimus
818 1634 951 1673 publice
967 1635 1128 1665 nuntiari.
1140 1628 1286 1665 Demum

273 1697 363 1725 vero,
385 1689 473 1718 idem
491 1688 626 1721 nobilis,
643 1689 835 1727 aliquorum
854 1688 967 1718 t'orsan
986 1688 1139 1718 devictus
1158 1689 1284 1718 instan-

273 1742 330 1777 tia,
346 1742 569 1780 personaliter
591 1742 629 1771 ad
650 1750 710 1771 nos
733 1741 823 1771 venit
846 1743 888 1777 ct,
908 1742 1026 1779 petens
1047 1741 1222 1772 humiliter
1245 1741 1285 1771 ab

272 1794 399 1824 eisdem
422 1795 600 1825 sententiis
620 1804 655 1824 sc
674 1794 816 1830 absolvi,
836 1795 958 1832 optulit
978 1803 1013 1824 se
1034 1796 1187 1832 paratum
1208 1795 1287 1824 civi·
1316 1810 1317 1816 1

256 1849 375 1877 -tatcm
394 1847 590 1885 prodita-am,
611 1856 685 1877 cum
703 1847 848 1877 edificiis
867 1849 897 1877 ct
919 1848 1057 1878 fossatis
1073 1851 1105 1877 et
1123 1847 1202 1877 aliis
1219 1856 1286 1878 me—

273 1900 511 1930 liorationibus
531 1909 615 1939 quas
629 1909 663 1929 se
682 1900 804 1930 fecisse
820 1900 1142 1937 asserebatibidem,
1155 1901 1286 1939 pretato

273 1954 430 1992 episcopo
453 1954 503 1983 vel
522 1953 593 1989 alii,
609 1954 707 1991 juxta
731 1956 882 1983 nostrum
912 1953 1173 1992 beneplacitum,
1200 1954 1284 1983 assi-

274 2016 374 2045 gnare
390 2016 425 2036 111·
441 2006 565 2041 munia,
578 2015 641 2044 11111·
658 2006 691 2035 111
710 2006 825 2035 eadem
841 2006 977 2036 civitate
996 2007 1173 2045 ipsiusque
1190 2007 1286 2036 terri-

272 2059 358 2089 torio
391 2070 409 2088 a.
439 2059 602 2089 Romanis
633 2059 683 2088 vcl
717 2059 795 2088 aliis
826 2059 1096 2097 quibuscuimpie
1130 2060 1284 2097 personis
1316 2056 1317 2063 ¹

277 2114 416 2149 emerat,
439 2112 582 2141 vendere
606 2113 634 2141 et
661 2113 751 2141 extra
777 2120 897 2141 manus
921 2120 1000 2141 suas
1020 2120 1143 2150 ponere
1167 2122 1226 2142 seu
1252 2113 1284 2142 in

273 2165 407 2203 aliquas
426 2174 587 2203 personas
606 2173 669 2194 uon
691 2166 866 2202 suspectas
890 2165 963 2195 sine
985 2165 1146 2195 dilatione
1178 2166 1284 2195 trans·
1316 2181 1317 2191 1

273 2219 371 2252 ferre,
400 2227 459 2248 nec
486 2227 550 2247 non
577 2219 608 2247 et
641 2218 852 2247 universitati
883 2218 1031 2247 civitatis
1063 2218 1214 2256 ejusdem
1249 2228 1286 2248 ac

272 2271 416 2310 singulis
435 2280 474 2301 ex
493 2271 607 2300 cadem
625 2271 737 2300 omnia
756 2270 893 2300 servitia
911 2272 941 2301 et
960 2271 1125 2307 redditus,
1143 2271 1283 2310 quesibi
1316 2278 1317 2283 ¹

271 2324 406 2354 exibere
436 2323 676 2362 promiserant,
707 2332 782 2353 cum
812 2323 1004 2362 integritate
1044 2325 1215 2354 remittere
1249 2334 1285 2354 ac

270 2377 421 2408 totaliter
444 2377 607 2415 quietare,
628 2377 770 2415 prestito
794 2377 1036 2407 nichilominus
1065 2378 1286 2416 corporaliter

266 2430 457 2469 juramento
476 2430 515 2459 110
531 2429 678 2468 parendo
701 2429 786 2459 alias
810 2429 935 2459 nostris
952 2430 1083 2469 precise
1104 2431 1283 2467 mandatis,

274 2492 337 2522 que
357 2482 421 2512 sibi
440 2491 542 2521 super
560 2482 740 2521 premissis
750 2483 853 2512 semel
869 2485 925 2513 aut
941 2483 1070 2521 pluries
1084 2483 1283 2522 faceremus,

273 2544 376 2574 seque
397 2536 437 2565 ad
460 2536 492 2565 id
511 2535 573 2565 sub
592 2544 674 2574 1101111
702 2535 795 2565 1111110
819 2544 1010 2566 marcarum
1033 2537 1173 2575 argenti,
1197 2537 1285 2568 datis

272 2588 542 2627 fidejussoribus,
562 2588 736 2627 obligavit.

313 2642 384 2672 Nos
403 2641 515 2680 igitur,
528 2644 703 2680 sperantes
721 2642 808 2680 1111011
829 2642 918 2672 idem
936 2642 1062 2672 nobilis
1082 2652 1119 2673 ca
1136 2652 1200 2682 11118
1217 2645 1285 2674 tam

272 2695 516 2732 sollempniter,
544 2695 685 2733 prestito
709 2695 912 2733 juramento,
936 2694 1150 2734 promiserat,
1179 2697 1284 2727 adim·

272 2748 391 2786 pleret‚
412 2748 553 2778 dilectos
574 2748 664 2778 lilios
683 2772 706 2778 ..
726 2747 1057 2788 archipresbyterinn
1079 2750 1282 2785 Ostiensem,

272 2802 303 2831 et
322 2801 546 2837 Leonardum,
562 2801 760 2831 canonicum
779 2801 970 2838 Reatinum,
993 2802 1129 2833 1111111105
1149 2805 1283 2834 11051105

273 2853 313 2883 ad
329 2862 404 2883 euni
423 2854 583 2883 duximus
599 2847 828 2890 destinandos,
842 2857 875 2885 ut
892 2854 1004 2893 ipsum
1022 2864 1085 2894 que
1104 2857 1283 2895 optulerat,

271 2906 448 2936 facientem
481 2915 539 2945 per
570 2916 605 2936 se
635 2907 687 2937 vel
718 2915 775 2945 per
802 2907 907 2937 alium
935 2916 994 2938 seu
1020 2908 1117 2943 alios,
1143 2918 1159 2939 a
1183 2909 1283 2940 dictis

271 2959 657 2989 excommunicationum
702 2960 880 2990 sententiis
918 2960 1148 3000 absolverent,
1185 2963 1282 3002 juxta

1037 280 1282 310 REGISTRES
1304 280 1519 311 D'URBAIN
1543 281 1600 311 lv.

1347 364 1491 394 formam
1513 365 1666 400 ecclesie,
1688 365 1759 395 vice
1781 367 1909 402 nostra,
1927 366 2003 404 jure
2026 366 2196 398 Ostiensis
2218 369 2360 399 ecclesie

1347 426 1385 447 ac
1417 418 1586 448 mandatis
1614 418 1752 455 nostris,
1785 427 1850 457 que
1883 419 1970 449 alias
2001 420 2032 449 ei
2065 428 2167 458 super
2197 420 2264 451 hiis
2301 431 2362 460 pro

1348 470 1473 509 quibus
1507 471 1818 501 excommunicatus
1853 471 1978 508 suerat,
2009 473 2162 511 pensatis
2199 473 2364 512 qualitate

1349 523 1427 553 facti
1446 525 1478 554 et
1497 524 1576 553 aliis
1600 524 1877 561 circumstantiis,
1900 525 2067 555 1811811105
2088 525 2209 560 facere,
2229 535 2364 565 semper

1349 576 1465 606 salvis.
1491 576 1642 616 Cumque
1670 577 1813 616 predicti
1844 578 1954 608 nuntii
1979 586 2014 608 58
2039 580 2176 617 paratos
2205 579 2365 610 offerrent

1348 638 1426 659 eum
1451 629 1639 664 absolvere,
1664 630 1846 661 dummodo
1874 631 2026 669 predicta
2056 640 2120 670 que
2146 632 2362 670 promiserat,

1349 682 1536 721 adimplere
1562 685 1705 720 curaret,
1732 683 1820 713 idem
1846 683 1982 719 nobilis,
2015 693 2075 714 sue
2098 684 2220 715 salutis
2247 685 2364 716 imme-

1349 744 1432 771 mor,
1471 736 1606 774 prestiti
1640 736 1825 774 juramenti
1859 737 2020 775 religione
2057 739 2260 776 contempta,
2296 747 2362 768 non

1349 789 1461 819 solum
1491 789 1633 819 eandem
1662 789 1841 819 restituere
1871 789 1979 819 noluit
2010 789 2182 820 civitatem
2205 792 2237 820 et
2266 789 2365 821 abso-

1349 842 1491 872 lutionis
1528 841 1729 872 beneficium
1770 842 1918 881 recipere
1959 852 2024 873 non
2063 843 2211 879 curavit,
2246 852 2364 874 verum

1350 896 1464 930 etiam.
1484 895 1569 926 sicut
1590 895 1679 926 idem
1707 895 1887 934 episcopus
1911 895 2009 926 nobis
2032 896 2161 932 retulit,
2187 896 2364 927 nonnullis

1350 949 1503 987 ejusdem
1525 949 1674 979 civitatis
1701 948 1912 985 hominibus,
1943 958 2119 980 vaccarum
2147 951 2302 980 armenta
2331 950 2365 980 et

1350 1002 1453 1032 boves
1471 1002 1650 1041 plurimos,
1670 1002 1823 1039 jumenta
1844 1004 1875 1032 et
1900 1002 2026 1041 pullos,
2052 1002 2256 1041 quibusdam
2282 1011 2362 1033 vero

1350 1064 1507 1094 magnam
1524 1057 1748 1094 quantitatem
1773 1055 1933 1086 frumenti
1952 1057 1983 1085 et
2007 1058 2117 1086 certas
2141 1056 2362 1095 pecuniarum

1350 1117 1514 1145 summas,
1527 1108 1700 1148 aliquibus
1713 1111 1825 1139 autem
1840 1109 1952 1138 omnia
1964 1108 2050 1138 bona
2060 1117 2188 1145 eorum,
2199 1109 2362 1148 predictis

1350 1162 1478 1192 nuntiis
1500 1162 1627 1192 nostris
1649 1161 1877 1200 presentibus,
1898 1162 1931 1191 in
1953 1164 2104 1191 nostram
2124 1164 2155 1191 et
2177 1162 2362 1200 apostolice

1350 1216 1441 1246 sedis
1466 1215 1635 1254 injuriam,
1655 1215 1820 1245 violenter
1842 1214 1974 1244 auferre
1993 1214 2214 1253 presumpsit,
2236 1214 2277 1244 ab
2301 1214 2362 1244 ali-

1349 1268 1473 1307 quibus
1492 1277 1570 1298 1810
1589 1268 1752 1306 quasdam
1767 1268 1886 1297 domos
1903 1269 1934 1297 et
1952 1267 2190 1305 possessiones
2209 1268 2305 1304 inibi,
2321 1267 2364 1298 si-

1351 1322 1477 1351 mulato
1497 1322 1680 1354 contractu,
1695 1321 1902 1359 comparavit
1922 1321 1953 1350 in
1972 1320 2138 1357 fraudem,
2157 1320 2191 1350 in
2211 1320 2364 1360 ejusdem

1349 1374 1499 1412 episcopi
1518 1382 1584 1403 non
1601 1374 1771 1403 modiCum
1789 1369 2014 1412 prejudicium
2028 1375 2057 1403 et
2077 1382 2270 1412 gravamen.

1388 1427 1459 1456 Nos
1486 1426 1611 1465 itaque,
1635 1426 1777 1465 predicti
1801 1427 1951 1465 episcopi
1973 1428 2003 1456 et
2030 1426 2170 1456 ecclesie
2194 1426 2365 1458 Ostiensis

1350 1488 1451 1519 super
1463 1479 1523 1509 hoc
1535 1479 1838 1518 indempnitalibus
1850 1479 2035 1518 apostolica
2049 1479 2280 1510 sollicitudine
2291 1488 2366 1518 pre·

1317 1543 1318 1546 ¹
1348 1542 1466 1563 cavere
1482 1533 1646 1568 volentes,
1666 1542 1783 1563 omnes
1804 1533 2125 1571 condempnationes
2142 1533 2247 1563 factas
2263 1535 2294 1564 et
2309 1541 2366 1572 pe·

1348 1595 1409 1616 nas
1431 1586 1578 1616 inflictas
1596 1588 1627 1616 et
1645 1585 1755 1616 banna
1774 1586 1945 1624 imposita,
1970 1595 2154 1625 omnesque
2175 1586 2364 1617 sententias

1348 1639 1434 1669 latas
1452 1648 1510 1678 per
1528 1640 1670 1670 eundem
1690 1639 1838 1670 nobilem
1862 1640 1894 1669 in
1916 1648 2134 1678 quoscunque
2156 1639 2364 1670 habitatores

1348 1693 1496 1722 civitatis
1514 1693 1678 1731 ejusdem,
1693 1702 1711 1721 a
1725 1694 1876 1731 tempore
1891 1701 1956 1731 quo
1973 1692 2035 1722 fuit
2054 1693 2088 1722 in
2105 1692 2218 1731 ipsum
2232 1701 2364 1723 excom-

1349 1746 1589 1776 municationis
1600 1746 1768 1776 sententia
1780 1746 2004 1785 promulgata,
2018 1749 2223 1785 cunctosque
2232 1754 2365 1785 proces-

1348 1808 1407 1829 sus
1420 1808 1504 1838 quos
1516 1808 1575 1838 per
1587 1799 1735 1830 nobilem
1748 1799 1861 1837 ipsum
1874 1799 2037 1829 adversus
2047 1799 2200 1838 ejusdem
2214 1799 2363 1830 civitatis

1347 1852 1555 1883 habitatores
1575 1853 1746 1891 deinceps,
1774 1853 1983 1882 contumacia
2002 1852 2112 1890 ipsius
2131 1852 2285 1889 durante,
2305 1851 2362 1882 ha-

1348 1905 1419 1936 beri
1432 1906 1620 1945 contigerit,
1636 1914 1764 1936 necnon
1781 1907 1812 1936 et
1837 1914 1954 1936 omnes
1963 1905 2157 1944 hujusmodi
2173 1906 2361 1945 emptiones

1348 1959 1523 1989 domorum
1553 1969 1611 1989 sen
1640 1959 1897 1997 possessionum
1924 1959 2112 1989 aliarumve
2139 1967 2264 1994 rerum,
2294 1958 2361 1988 ins-

1347 2014 1518 2042 trumenta
1545 2021 1679 2051 quoque
1699 2012 1884 2051 superbiis
1898 2000 2048 2042 contecta
2078 2013 2110 2042 et
2140 2011 2358 2048 conficienda,

1348 2065 1478 2095 viribus
1505 2066 1642 2095 omnino
1671 2074 1784 2095 carere
1815 2074 1851 2095 ac
1883 2065 2010 2095 nnllam
2038 2073 2180 2103 prorsus
2206 2064 2359 2095 obtinere

1347 2119 1560 2148 decernimus
1578 2118 1784 2148 firmitatem.
1803 2118 1963 2148 Notarios
1982 2127 2061 2148 vero
2079 2126 2139 2148 seu
2158 2117 2360 2149 tabelliones

1348 2173 1379 2202 et
1390 2172 1534 2210 judices,
1553 2172 1609 2210 qui
1635 2172 1781 2201 scientes
1798 2171 1925 2201 dictum
1956 2171 2102 2201 nobilem
2128 2171 2361 2202 excommuni-

1348 2227 1476 2258 catum,-
1490 2234 1591 2263 super
1609 2224 1788 2263 premissis
1807 2224 1920 2263 aliqua
1939 2225 2164 2254 instrumenta
2183 2225 2360 2260 conticere,

1347 2280 1378 2308 et
1397 2279 1632 2308 auctoritatem
1651 2278 1845 2317 hujusmodi
1860 2277 2090 2308 contractibus
2107 2277 2361 2316 presentialiter

1348 2333 1513 2371 prestare,
1523 2341 1559 2361 ac
1570 2331 1764 2370 hujusmodi
1777 2331 1862 2362 serre
1882 2333 2011 2361 sentent
2019 2331 2068 2361 ias
2077 2332 2360 2370 presumpserunt

1348 2386 1379 2415 et
1398 2387 1591 2423 111-8501118111
1609 2385 1643 2414 111
1659 2386 1846 2423 posterum,
1863 2384 2106 2415 tabellionatus
2133 2386 2165 2414 et
2186 2384 2361 2423 judicatus

1348 2438 1471 2469 officiis
1490 2438 1523 2468 in
1540 2440 1741 2477 perpetuum
1758 2438 1941 2477 apostolica
1952 2438 2151 2468 auctoritate
2169 2437 2358 2478 privamus.

1347 2491 1441 2522 Nulli
1473 2500 1550 2530 ergo
1583 2494 1696 2522 nostre
1726 2491 1980 2522 constitutionis
2011 2493 2041 2521 et
2070 2491 2274 2529 privationis
2293 2491 2357 2521 etc.

1348 2545 1472 2575 Datum
1506 2545 1595 2583 apud
1628 2544 1916 2581 Urbemveterem,
1950 2553 1993 2574 xv
2025 2543 2188 2574 kalendas
2231 2543 2359 2580 mart-ii,

1349 2606 1434 2628 anno
1452 2598 1524 2628 111⁰.
1545 2607 1561 2627 »

1436 2789 1508 2819 755
1895 2786 2020 2817 Orvieto,
2041 2786 2072 2812 15
2088 2784 2191 2811 sevrier
2211 2784 2287 2812 1264.

1381 2869 1537 2896 Nonnullas
1565 2869 1673 2904 prot'ert
1701 2867 1861 2895 sententias
1891 2867 1919 2894 in
1945 2866 2096 2893 Ricardum
2125 2866 2269 2898 Auibaldi,
2294 2866 2362 2894 civi-

1345 2919 1412 2945 tatis
1433 2918 1572 2945 Ostiensis
1597 2917 1770 2944 invasorem.
1796 2916 1876 2952 (ltssc.
1894 2916 1938 2946 28,
1958 2915 2004 2942 t'ol.
2025 2918 2059 2942 tm
2078 2920 2113 2945 Ψ,
2137 2923 2197 2942 cur-
2218 2924 2286 2942 uun.
2313 2915 2359 2946 ΙΙΙ,

1345 2974 1374 2994 0ο
1390 2968 1449 3003 41.)
