2547 3289
259 205 320 233 200

256 294 419 325 personas
449 285 481 314 iu
513 294 550 313 ea
582 282 792 321 temporibus
822 282 1021 319 servituras,
1054 283 1265 316 interdicere,
1298 312 1299 328 ἶ

257 338 461 376 suspendere
490 337 539 365 vel
560 335 854 365 ‹2¹x‹*‹›1‘1111111nica1·e
874 335 1005 365 valeant
1031 337 1088 365 aut
1108 344 1268 374 quocum·
1298 373 1299 381 ἵ

257 400 320 430 que
349 391 445 420 modo
473 389 558 419 alias
584 389 616 417 in
646 388 810 427 prefatam
841 388 1019 418 ecclesiam
1043 390 1073 418 et
1104 397 1267 426 personas

256 444 364 482 ipsius
394 443 594 480 potestatem
621 441 674 470 vel
697 441 971 479 jurisdictionem
997 441 1147 480 aliquam
1173 450 1266 471 exer-

256 506 340 530 cere,
362 498 393 525 ct
411 495 439 524 si
458 496 573 524 contra
591 495 827 532 presumptum
854 494 966 527 suerit,
990 494 1034 524 sit
1056 494 1194 524 onmino
1211 504 1267 524 va—

255 557 366 584 cuum,
397 547 528 577 irritum
558 548 590 577 et
617 547 729 581 inane,
761 547 866 576 salvis
895 555 1029 585 semper
1054 547 1120 577 hiis
1144 556 1208 586 que
1234 547 1267 577 in
1298 573 1299 587 ¹

255 600 465 631 ordinatione
483 609 541 629 seu
558 599 764 638 provisione,
783 608 884 638 quam
899 608 1004 638 nuper
1023 601 1110 630 inter
1129 609 1266 630 venera-

254 653 356 683 bilem
384 653 520 683 fratrem
540 654 693 682 nostrum
720 653 908 691 Hugoncm,
928 653 1161 683 Pictavensem
1182 654 1269 692 epis-

254 715 386 744 copum,
397 707 429 736 et
441 714 511 742 vos,
523 706 562 735 de
573 705 740 735 dictorum
753 705 895 735 fratrum
911 705 1066 742 consilio,
1083 706 1264 742 edidimus,

253 759 476 789 continentur.
505 759 556 789 Ad
591 758 752 788 indicium
784 760 896 788 autem
929 759 1030 798 hujus
1062 761 1217 798 percepte
1249 768 1267 788 a

254 812 405 850 predicta
434 812 511 842 sede
540 811 721 848 libertatis,
749 813 935 842 memorata
959 812 1101 842 ecclesia
1127 813 1267 842 vestra¹

254 865 285 895 S.
307 865 415 895 Ylarii
433 873 533 894 unam
555 865 689 894 unciam
716 865 789 895 anri
814 865 985 903 persolvet
1010 865 1110 895 nobis
1127 865 1268 895 nostris-

254 926 317 956 que
336 917 591 948 successoribus
603 918 790 948 annuatim.
803 918 1026 948 Decernimus
1043 927 1120 957 ergo
1131 921 1166 948 ut
1181 918 1266 948 nulli

255 971 392 1001 omnino
411 972 421 990 2
437 970 612 1000 hominum
630 971 731 1001 liceat
746 971 931 1010 predictam
947 972 1123 1002 ecclesiam
1140 973 1267 1002 temere

254 1023 451 1062 perturbare
469 1025 525 1054 aut
541 1033 620 1053 suas
636 1025 873 1062 possessiones
890 1025 1022 1055 auferre
1041 1025 1092 1055 vel
1109 1025 1192 1063 ablas
1202 1026 1264 1063 tas]

256 1077 412 1112 retinere,
439 1077 592 1107 minnere
616 1086 675 1107 seu
700 1077 911 1116 quibuslibet
936 1078 1174 1108 vexationibus
1194 1078 1266 1108 fati-

254 1138 342 1168 gare,
363 1130 422 1160 sed
441 1130 554 1160 omnia
568 1130 696 1170 integre
713 1132 965 1167 conserventur,
981 1140 1097 1161 eorum
1114 1140 1174 1170 pro
1189 1141 1268 1170 quo-

255 1191 329 1212 rum
366 1183 609 1221 gubernatione
642 1193 678 1213 ac
709 1184 958 1214 sustentatione
990 1193 1149 1215 concessa
1176 1186 1265 1220 sunt,

240 1235 373 1266 -usibus
390 1236 594 1266 omnimodis
611 1237 800 1275 profutura,
818 1237 946 1276 prefate
960 1238 1051 1268 sedis
1068 1238 1267 1268 auctoritate

255 1289 288 1318 in
311 1289 468 1318 omnibus
494 1298 628 1328 semper
656 1290 761 1319 salva.
782 1290 816 1320 Si
835 1299 900 1329 qua
925 1291 1027 1329 igitur
1058 1291 1091 1320 in
1117 1291 1266 1321 futurum

253 1341 483 1372 ecclesiastica
505 1342 710 1372 secularisve
732 1352 877 1381 persona
895 1343 979 1373 hanc
998 1346 1110 1373 nostre
1132 1353 1266 1382 exemp-

252 1394 356 1424 tionis
376 1397 530 1433 pagiuam
547 1395 668 1429 sciens,
683 1398 881 1425 contraeam
894 1398 1018 1427 temere
1033 1397 1147 1427 venire
1164 1399 1266 1436 temp-

252 1447 385 1483 taverit,
397 1448 542 1478 secundo
552 1449 695 1478 tertiove
713 1449 927 1485 cmmnmfita,
943 1450 1149 1480 nisireatuni
1166 1459 1265 1480 suum

251 1508 397 1539 congrua
430 1501 660 1531 satisfactione
689 1502 885 1538 correxerit,
914 1503 1095 1540 potestatis
1116 1503 1268 1534 honoris-

251 1561 314 1591 que
344 1554 395 1583 sui
422 1555 532 1584 careat
560 1554 724 1593 dignitate
754 1564 913 1594 reamque
937 1564 972 1585 se
1003 1556 1117 1586 divino
1137 1557 1265 1595 judis-io

250 1606 396 1636 existere
417 1607 456 1636 de
482 1609 674 1645 perpetrata
702 1608 881 1647 iniquitate
912 1612 1102 1648 cognoscat,
1121 1611 1153 1640 et
1176 1619 1193 1640 a
1211 1619 1261 1640 sa-

249 1659 442 1689 cratissimo
459 1669 598 1698 corpore
614 1670 650 1690 ac
664 1652 827 1700 sanguine
839 1662 900 1691 Dei
914 1663 946 1692 et
962 1662 1100 1692 Domini
1112 1663 1265 1702 redemp-

250 1712 334 1742 toris
353 1713 459 1742 nostri
487 1713 569 1743 Jesu
587 1713 713 1744 Christi
732 1714 842 1744 aliena
862 1715 918 1744 fiat
936 1716 1037 1754 atque
1061 1716 1093 1745 in
1112 1718 1263 1746 extremo

251 1765 405 1795 examine
433 1766 586 1796 districte
621 1766 792 1806 subjaceat
825 1768 958 1798 ultioni.
989 1769 1128 1799 Cunctis
1151 1771 1263 1799 autem

250 1818 357 1848 eidem
388 1819 528 1849 ecclesie
548 1828 609 1849 sua
633 1820 711 1859 jura
739 1821 954 1851 servantibus
974 1822 1016 1851 sit
1041 1831 1107 1861 pax
1126 1823 1263 1852 Domini

252 1871 357 1901 nostri
376 1871 456 1901 Jesu
482 1872 607 1902 christi
641 1873 801 1911 quatinus
819 1876 850 1904 et
868 1874 921 1904 hic
945 1874 1091 1905 fructum
1109 1875 1194 1905 bone
1212 1885 1264 1906 ac—

250 1924 353 1953 tionis
373 1925 571 1963 percipiant,
592 1927 623 1955 et
642 1926 730 1964 apud
753 1927 946 1957 districtum
962 1928 1110 1966 judicem
1134 1929 1264 1967 premia

251 1978 364 2006 eterne
385 1978 478 2015 pacis
502 1978 685 2008 inveniant.
718 1980 834 2010 Amen.
861 1981 983 2010 Datum
1009 1982 1096 2019 apud
1120 1981 1263 2013 Urbem-

251 2030 410 2065 veterem,
429 2039 487 2068 per
506 2039 641 2061 manum
667 2033 821 2071 magistri
846 2033 1021 2063 Michaelis
1038 2035 1077 2064 de
1103 2034 1261 2070 Tholosa,

249 2083 281 2111 S.
319 2083 467 2113 Romane
500 2084 640 2114 ecclesie
674 2085 955 2121 vicecancellarii,
987 2096 1062 2116 xn11
1100 2087 1262 2117 kalendas

250 2135 455 2172 novembris,
486 2136 669 2167 indictione
690 2139 849 2177 septima,
877 2139 1119 2170 incarnationis
1142 2141 1260 2171 Domi-

250 2188 322 2218 nice
342 2197 429 2218 anno
448 2190 491 2219 Mn
509 2190 574 2220 CC⁴7
592 2191 725 2227 anr,
744 2192 961 2230 pontificatus
984 2202 1062 2223 vero
1081 2194 1183 2223 donni
1201 2194 1260 2224 Ur-

249 2240 325 2270 bani
345 2250 429 2280 pape
446 2242 493 2272 ΙΙῘ
511 2251 596 2273 auno
615 2244 714 2274 tertio
732 2244 753 2273 ³.
775 2254 789 2273 »

336 2434 409 2465 419
731 2436 855 2463 Orvieto.
872 2438 905 2463 27

922 2438 1088 2471 septembre.
1110 2439 1185 2465 1253.

283 2517 447 2551 Praeposito
464 2521 488 2544 ct
507 2519 631 2553 capitulo
650 2520 770 2546 ecclesie
789 2522 816 2546 S.
835 2521 990 2548 Audomari
1019 2522 1144 2556 indulget
1164 2526 1204 2550 ut,
1221 2524 1257 2550 si-

247 2568 290 2591 cut
325 2567 463 2593 ecclcsiae
493 2567 684 2594 cathedrales.
709 2569 835 2603 ipsorum
861 2571 983 2596 ecclesia
1002 2580 1017 2597 a
1041 2571 1255 2605 provisionibus

248 2615 475 2647 praebcmlarum
493 2625 507 2641 a
526 2617 591 2642 sedi·
605 2618 762 2651 apostolica
783 2618 973 2652 imlwlrandis
990 2620 1160 2654 excipiatur.
1172 2621 1255 2655 1111111.

247 2663 290 2688 28.
309 2662 357 2689 sol.
374 2665 399 2689 7.
414 2673 480 2690 ann.
505 2665 550 2692 lllv
569 2666 669 2699 11022.)

280 2770 301 2791 1.
318 2769 370 2792 (les
385 2770 454 2792 trois
471 2770 600 2794 dvrniers
616 2775 664 2796 ont
678 2772 720 2796 eto
737 2772 838 2796 νίκη-115
856 2780 906 2797 sur
923 2781 959 2798 un
975 2777 1118 2805 ρει-11111138.

281 2808 305 2830 2.
328 2809 416 2832 Miimo
432 2810 630 2835 obsvrvaiion.

280 2848 301 2870 3.
322 2848 363 2871 Eu
393 2855 500 2879 margo,
519 2850 603 2874 ‹l'nnc
624 2851 699 2875 main
723 2852 760 2876 du
780 2858 839 2876 xvv
857 2853 961 2878 siecle:

987 2854 1096 2879 Soli-unt
1119 2856 1255 2880 annuatim
1287 2872 1289 2891 J

250 2894 327 2911 unam
346 2888 448 2912 unciam
466 2890 526 2913 auri
541 2890 646 2914 ecclesie
660 2892 780 2916 Romane.

1017 199 1264 230 REGISTREs
1286 199 1501 230 D'URRAIN
1526 199 1580 229 IV.

1370 292 1383 311 11
1405 307 1411 312 .
1431 308 1437 313 ,
1457 283 1616 322 preposilo
1640 287 1667 312 el
1693 282 1828 322 capitulo
1849 282 1970 312 ecclesie
1987 284 2021 314 S.
2042 284 2222 322 Andomam',
2250 285 2343 315 Mori-

1328 336 1426 364 nensz's
1443 335 1578 366 diocesis.
1604 336 1816 365 Provisionis
1839 338 1953 366 nostre
1974 337 2151 374 provenire
2171 356 2220 369 —.
2241 339 2340 374 Sane,

1329 388 1416 418 sicut
1433 388 1552 427 petitio
1571 390 1684 418 vestra
1705 388 1803 418 nobis
1823 388 1974 419 exhibita
1992 389 2194 426 continebat,
2213 392 2341 421 contin-

1297 446 1299 451 ’
1328 441 1375 480 git
1388 441 1557 471 interdum
1574 441 1662 480 quod
1673 441 1846 480 aliquibus
1861 442 1894 471 in
1910 442 2065 472 ecclesiis
2078 443 2170 481 regni
2184 444 2337 479 Franeie,

1329 494 1579 524 cathedralibus
1595 495 1773 524 dumtaxat
1791 495 1953 534 exceptis,
1974 496 2176 526 mandamus
2193 505 2252 535 per
2266 505 2341 527 nos-

1328 549 1399 577 tras
1415 547 1547 577 litteras
1564 548 1604 577 de
1622 547 1796 577 beneficiis
1814 548 1984 587 provideri
2005 557 2042 578 ac
2058 558 2114 579 cos
2137 549 2170 579 in
2186 549 2272 587 ipsis
2294 559 2342 580 re-

1328 600 1394 639 cipi
1411 601 1443 630 in
1461 600 1639 630 canonicos
1657 602 1688 630 et
1706 601 1739 630 in
1754 600 1886 631 fratres.
1902 602 2029 631 Verum
2049 602 2127 640 ipsi,
2146 602 2187 632 ad
2202 602 2340 633 eandem

1298 678 1299 684 ,
1328 655 1475 684 vestram
1495 653 1673 684 ecclesiam
1689 654 1805 684 oculos
1820 654 2017 693 dirigentes,
2038 655 2070 684 in
2090 664 2128 684 ea
2144 655 2208 685 sibi
2227 657 2340 694 postu-

1298 714 1299 730 1
1328 706 1399 737 lant
1419 707 1602 745 provideri.
1622 707 1733 742 Quare
1750 707 1849 737 nobis
1871 707 2046 738 humiliter
2065 708 2288 747 supplicastis
2307 710 2343 738 ut

1328 759 1505 798 providere
1534 759 1629 790 vobis
1647 769 1748 799 super
1765 760 1825 791 hoc
1844 762 1984 799 paterna
2003 761 2233 791 sollicitudine
2249 770 2343 791 cura-

1329 822 1453 844 remus.
1473 814 1544 844 Nos
1562 813 1688 852 itaque,
1707 814 1919 844 attendentes
1938 815 2024 853 quod
2038 815 2188 854 predicta
2200 814 2344 845 ecclesia

1328 868 1451 903 vestra,
1471 876 1676 906 quamquam
1694 876 1759 897 non
1779 867 1823 897 sit
1843 867 2028 897 cathedrali
2049 868 2149 898 titulo
2168 867 2342 906 insignita,

1328 921 1440 950 tamen
1457 921 1594 958 propter
1603 920 1655 950 sui
1669 922 1779 950 status
1789 921 2007 951 eminentiam
2024 921 2121 951 valde
2131 920 2342 951 honorabilis

1329 973 1481 1003 redditur
1503 973 1658 1012 quodque
1684 974 1792 1012 ipsius
1816 973 1984 1012 prebende
2004 974 2200 1013 pinguiores
2218 974 2341 1005 habent

1329 1026 1481 1056 redditus
1498 1036 1598 1065 qnam
1617 1026 1759 1057 habeant
1777 1027 1997 1066 quamplures
2010 1027 2152 1057 ecclesie
2169 1027 2344 1057 cathedra-

1328 1079 1377 1109 les
1398 1079 1490 1119 regni
1508 1080 1672 1118 ejusdem,
1697 1081 1820 1110 vestris
1840 1080 2149 1119 supplicationibus
2174 1080 2339 1117 inclinati,

1328 1133 1527 1163 auctoritate
1545 1133 1642 1163 vobis
1664 1136 1872 1172 presentium
1893 1134 2110 1171 indulgemus
2131 1136 2165 1164 ut
2186 1134 2273 1164 tales
2289 1142 2342 1173 ge-

1329 1186 1461 1216 nerales
1476 1185 1588 1216 littere
1604 1195 1706 1225 super
1723 1186 2157 1225 provisionequorumlibet
2175 1187 2207 1216 in
2223 1186 2340 1217 eodem

1329 1248 1430 1278 regno
1449 1248 1467 1269 a
1491 1239 1569 1269 sede
1592 1239 1777 1278 apostolica
1798 1239 2019 1278 impetrande,
2048 1239 2081 1269 in
2105 1239 2230 1278 quibus
2253 1239 2342 1270 exci-

1328 1292 1467 1330 piuntur
1491 1292 1631 1322 ecclesie
1663 1292 1885 1328 cathedrales,
1911 1293 1950 1322 ad
1978 1293 2164 1331 predictam
2191 1294 2340 1323 vestram

1328 1345 1505 1375 ecclesiam
1528 1345 1666 1376 minime
1685 1345 1922 1381 extendantur,
1945 1347 1977 1376 et
1992 1354 2052 1384 per
2075 1346 2154 1376 illas
2174 1346 2214 1376 ad
2231 1348 2341 1384 provi-

1328 1398 1458 1428 sionem
1485 1407 1544 1428 seu
1573 1398 1800 1437 receptionem
1832 1398 1977 1437 alicujus
1996 1408 2062 1429 non
2085 1399 2228 1438 possitis
2251 1407 2340 1429 com-

1327 1451 1407 1489 pelli
1439 1451 1506 1481 nisi
1534 1451 1618 1482 forte
1652 1452 1691 1482 de
1724 1452 1933 1490 indulgentia
1969 1452 2164 1491 hujusmodi
2200 1452 2340 1482 fecerint

1326 1504 1544 1535 mentionem.
1576 1505 1671 1535 Nulli
1698 1513 1776 1544 ergo
1803 1507 1916 1535 nostre
1942 1505 2184 1542 concessionis,
2215 1507 2277 1536 etc.
2302 1523 2340 1527 —

1326 1558 1451 1588 Datum
1470 1558 1558 1597 apud
1568 1557 1858 1594 Urbemveterem,
1871 1569 1887 1587 v
1906 1559 2068 1588 kalendas
2078 1558 2237 1594 octobris,
2253 1567 2340 1589 anno

1326 1611 1437 1641 tertio.
1460 1620 1475 1640 »

1414 1806 1488 1837 420
1858 1806 1983 1832 ervit-u».
2001 1808 2035 1833 23
2051 1807 2167 1833 octobre
2188 1808 2264 1834 1:203.

1361 1889 1499 1924 Episcopo
1517 1891 1729 1916 ‹lenonianvnsi
1752 1891 1866 1917 mandat
1895 1893 1920 1916 ut
1943 1893 2084 1917 statutum
2108 1892 2143 1917 dc
2162 1892 2286 1918 ecclesia
2308 1892 2335 1918 b.

1322 1938 1437 1965 Martini
1455 1939 1629 1965 Turonensis
1650 1940 1771 1972 editam,
1793 1939 1941 1965 observari
1958 1938 2058 1966 saciat.
2077 1940 2158 1974 (REG.
2176 1942 2220 1968 28.
2241 1940 2292 1968 sol.
2311 1942 2337 1971 T,

1323 1996 1390 2014 ann.
1408 1987 1453 2013 ΙΙΙ,
1470 1994 1498 2013 n⁰
1513 1989 1569 2021 23.)

1364 2108 1377 2121 11
1398 2121 1403 2125 .
1423 2120 1427 2124 .
1448 2096 1593 2135 episcopo
1620 2095 1841 2125 Cenomanensi
1869 2095 1918 2125 Ad
1950 2095 2158 2125 audientiam
2186 2098 2336 2126 nostram

1322 2149 1473 2187 pervenit
1490 2149 1592 2187 quod,
1613 2158 1688 2178 cum
1706 2150 1741 2178 tu
1759 2150 1789 2178 et
1809 2148 1953 2178 dilectus
1973 2148 2065 2178 tilius
2086 2174 2091 2179 .
2107 2170 2127 2183 .,
2149 2148 2253 2179 abbas
2270 2158 2338 2180 mo-

1323 2202 1462 2232 nasterii
1494 2202 1635 2232 Fucardi
1667 2202 1803 2235 Montis,
1827 2202 2066 2232 Cisterciensis
2102 2202 2244 2237 ordiniS,
2272 2203 2336 2233 Ro-

1321 2255 1551 2294 thom-agensis
1567 2255 1725 2291 diocesis,
1752 2255 1786 2284 in
1808 2255 1950 2285 ecclesia
1967 2254 2056 2285 beati
2076 2255 2213 2285 Martini
2233 2255 2336 2286 Turo-

1320 2307 1436 2338 nensis
1451 2308 1492 2338 ad
1507 2309 1693 2339 Romanam
1704 2308 1881 2338 ecclesiam
1896 2308 1988 2338 nullo
2007 2308 2117 2338 medio
2133 2308 2334 2347 pertinente,

1320 2361 1519 2391 auctoritate
1544 2361 1729 2400 apostolica
1753 2361 1962 2391 visitationis
1995 2361 2239 2400 impenderetis
2264 2361 2336 2392 offi-

1320 2423 1420 2449 cium,
1450 2414 1630 2445 invenistis
1655 2414 1771 2453 plures
1799 2415 1979 2444 canonicos
2004 2414 2036 2444 in
2056 2414 2173 2445 eadem
2190 2414 2333 2445 ecclesia

1320 2476 1463 2506 quorum
1482 2467 1624 2507 quilibet
1642 2467 1726 2497 duas
1744 2468 1991 2506 preimsitnras,
2007 2468 2077 2497 sive
2095 2476 2197 2497 unam
2214 2475 2333 2506 prepo—

1320 2521 1462 2551 situram
1483 2523 1514 2551 et
1534 2520 1796 2551 unumosticium
1807 2521 1859 2551 vel
1876 2520 2332 2557 unamadininist1·atione1n‚

1320 2574 1375 2603 aut
1417 2575 1512 2612 plura
1545 2574 1657 2604 officia
1690 2582 1750 2604 seu
1785 2574 1870 2604 duas
1898 2580 1905 2595 ¹
1933 2574 2262 2609 administrationes,
2297 2582 2335 2604 ac

1320 2626 1523 2665 prebendam
1548 2628 1620 2657 sine
1648 2627 1900 2666 dispensatione
1923 2627 2107 2666 apostolica
2124 2626 2333 2657 detinebant.

1319 2679 1360 2710 Et
1377 2689 1452 2710 cum
1472 2680 1605 2711 velletis
1621 2689 1722 2719 super
1745 2679 1804 2711 hoc
1823 2680 1992 2716 ordinare,
2015 2680 2160 2710 dilectus
2184 2679 2295 2710 filius.
2312 2702 2332 2715 .‚

1319 2722 1476 2769 decanus,
1498 2735 1527 2763 et
1548 2733 1653 2772 aliqui
1672 2742 1712 2764 ex
1731 2733 1878 2772 capitulo
1899 2733 2051 2772 ejusdem
2072 2732 2214 2763 ecclesie
2241 2740 2334 2763 asse—

1319 2788 1459 2817 ruerunt
1488 2786 1575 2817 inter
1600 2786 1678 2823 alia,
1712 2787 1800 2826 quod
1827 2787 1859 2816 id
1888 2787 1921 2816 in
1947 2786 2096 2825 predicta
2121 2785 2266 2816 ecclesia
2292 2785 2333 2816 de

1354 2896 1373 2919 l.
1389 2897 1426 2919 Ge
1438 2895 1552 2920 dvi-nivi·
1570 2899 1625 2920 mot
1640 2898 1682 2920 est
1699 2896 1768 2920 ecrit
1786 2895 1857 2920 dans
1874 2896 1899 2919 la
1918 2902 2024 2926 margo.
