2547 3289
1256 266 1469 298 D‘URBAIN
1492 270 1551 312 iv.
2408 282 2446 311 23

368 344 521 374 nostrum
534 344 567 374 in
579 344 728 383 ejusdem
745 345 892 375 civitatis
906 345 1068 385 regimine
1081 346 1267 380 confovere,
1280 347 1376 385 eique

368 397 538 435 tamquam
559 397 702 427 Reatino
723 399 876 436 potestati
901 398 1035 428 obedire
1058 407 1095 428 ac
1115 399 1285 429 intendere
1306 409 1378 438 pre·

369 449 586 487 sumpserint,
604 450 974 485 excommunicationis,
996 451 1132 488 quidam
1153 459 1231 480 vero
1248 451 1379 490 jndices

368 502 400 531 et
417 501 617 532 tabelliones
634 502 780 533 civitatis
801 503 949 542 ejusdem
966 503 1165 541 privationis
1185 513 1203 533 a
1221 504 1291 533 suis
1308 504 1379 534 osti-

367 554 429 584 ciis
445 555 627 585 sententias
648 555 733 586 latas
753 555 787 585 in
807 555 890 585 tales
910 555 1102 585 auctoritate
1123 556 1304 593 apostolica
1321 565 1379 595 per

369 606 524 637 dilectum
542 608 651 638 filium
665 608 800 638 fratrem
812 608 1001 638 Florasium
1018 608 1057 638 de
1068 608 1233 643 Vicentia‚
1251 609 1378 638 ordinis

367 660 547 695 Minorum,
571 661 629 699 qui
650 662 761 691 nostra
781 661 816 690 in
836 661 896 690 hac
916 662 1008 699 parte
1028 661 1183 690 mandata
1206 661 1238 691 in
1263 662 1377 691 eadem

367 713 501 743 civitate
518 713 697 751 diligenter
720 713 829 743 extitit
850 714 1020 748 executus,
1040 713 1221 743 incurrisse
1238 723 1376 744 noscan-

366 766 430 801 tur,
453 766 628 804 providere
649 766 684 795 in
706 766 765 795 liac
785 766 879 803 parte
902 765 999 804 ipsis,
1023 766 1210 796 mandando
1234 767 1377 797 relaxari

366 817 548 847 sententias
565 817 771 855 hujusmodi,
788 817 965 855 presertim
982 826 1057 847 cum
1073 818 1286 857 postmodum
1311 818 1377 848 dic-

366 871 436 899 tum
454 869 680 900 Offreducium
697 870 737 899 ab
753 870 870 899 eodem
890 870 1052 908 regimine
1069 871 1164 908 juxta
1184 872 1377 901 mamlatum

364 924 516 953 nostrum
541 922 742 961 expulerint,
759 924 790 952 et
812 923 897 953 alias
912 923 1100 962 deperendo
1122 924 1188 960 isio)
1210 924 1376 954 mandatis

365 975 488 1005 nostris
510 970 611 1013 super
632 975 698 1005 hiis
715 975 869 1005 idoneam
888 976 1094 1014 prestiterint
1113 977 1312 1011 cautionem,
1337 977 1376 1007 de

361 1028 567 1066 benignitate
581 1028 679 1058 solita
694 1036 900 1058 curaremus.
916 1028 987 1059 Nos
1004 1029 1104 1068 igitur
1116 1029 1264 1067 ejusdem
1280 1029 1376 1060 devo-

361 1081 488 1111 tionem
506 1081 631 1110 nobilis
649 1081 844 1119 diligentius
866 1081 1084 1116 attendentes,
1106 1090 1142 1111 ac
1166 1082 1315 1112 volentes
1341 1083 1376 1112 ut

361 1134 501 1173 predicti
515 1134 605 1163 cives
618 1133 652 1163 in
664 1133 691 1171 ej
699 1143 735 1163 us
754 1134 795 1163 ad
807 1134 946 1164 eandem
963 1134 1131 1164 civitatem
1146 1135 1291 1164 adventu
1304 1144 1375 1173 spe-

361 1187 479 1217 cialem
496 1186 635 1225 gratiam
652 1186 716 1216 sibi
734 1187 900 1225 gaudeant
914 1187 1103 1225 provenire,
1125 1187 1233 1225 ipsius
1252 1188 1375 1218 nobilis

362 1239 664 1278 supplicationibus
687 1239 849 1274 inclinati,
868 1239 1067 1269 fraternitati
1090 1242 1144 1270 tue
1162 1249 1220 1278 per
1244 1243 1374 1279 aposto-

360 1293 425 1323 lica
447 1293 570 1331 scripta
592 1293 791 1322 mandamus
816 1293 991 1331 quatenus,
1018 1294 1158 1332 receptis
1182 1294 1222 1323 ab
1247 1294 1374 1324 eisdem

360 1345 493 1376 civibus
504 1346 694 1384 juramento
710 1349 741 1375 et
757 1345 823 1375 alia
836 1346 988 1376 cautione
1002 1346 1131 1381 idonea,
1145 1347 1232 1385 quod
1247 1348 1374 1386 precise

358 1398 522 1437 parebunt
538 1397 704 1427 mandatis
722 1398 855 1433 nostris,
870 1407 933 1436 que
949 1398 1033 1437 ipsis
1050 1400 1183 1437 propter
1196 1400 1256 1429 hoc
1271 1400 1373 1430 semel

359 1451 389 1480 et
408 1450 534 1489 pluries
556 1459 614 1488 per
635 1459 695 1480 nos
716 1451 769 1481 vel
791 1451 876 1481 alios
899 1451 1095 1481 duxerimus
1118 1452 1280 1487 facienda,
1306 1453 1373 1483 illis

362 1504 420 1542 qui
432 1504 710 1533 excommunicati
724 1504 782 1533 liar
792 1504 965 1534 occasione
978 1505 1219 1543 fuerunt‚juxta
1232 1505 1373 1535 formam

359 1556 498 1586 ecclesie
514 1556 707 1586 anctoritate
726 1557 837 1586 nostra
855 1556 1057 1586 beneficium
1075 1557 1296 1587 absolutionis
1314 1558 1373 1587 im-

358 1609 496 1647 pendas,
512 1608 560 1638 eis
576 1609 748 1638 dumtaxat
759 1610 904 1647 exceptis
917 1610 974 1647 qui
990 1610 1022 1639 in
1035 1610 1220 1648 predictum
1238 1610 1371 1640 fratrem

358 1661 549 1691 Florasium
583 1661 747 1691 insultum
779 1663 1035 1700 presumptuose
1068 1662 1217 1692 fecerunt
1248 1664 1279 1692 et
1312 1664 1369 1701 qui

357 1722 527 1744 cursorem
545 1715 694 1743 nostrum
717 1714 922 1752 percussisse
941 1715 1072 1753 sibique
1096 1716 1225 1745 nostras
1242 1715 1368 1746 litteras

355 1767 533 1797 abstulisse
548 1768 742 1801 noscuntur,
754 1775 829 1796 cum
842 1766 933 1805 ipsos
944 1768 1072 1797 tamdiu
1082 1768 1229 1806 predicta
1241 1777 1370 1798 excom-

354 1819 593 1850 municationis
615 1820 779 1849 sententia
798 1820 918 1858 ligatos
934 1829 1069 1850 manere
1088 1821 1245 1856 velimus,
1264 1821 1367 1851 donec

353 1873 488 1912 propter
508 1872 568 1902 hoc
589 1872 630 1901 ad
651 1872 765 1902 sedem
783 1872 1001 1911 apostolicam
1024 1874 1246 1911 personaliter
1263 1883 1369 1904 acces-

353 1926 458 1956 serint
477 1924 690 1958 absolvendi;
711 1924 788 1954 illos
804 1933 883 1955 vero
899 1925 1031 1963 judices
1048 1926 1078 1955 et
1099 1926 1295 1956 tabelliones
1311 1927 1368 1964 qui

353 1978 424 2008 suis
441 1977 575 2007 fuerunt
590 1976 712 2006 officiis
729 1977 846 2007 eadem
860 1977 1032 2007 occasione
1049 1978 1184 2016 privati,
1200 1979 1240 2008 ad
1252 1979 1368 2009 eadem

351 2031 463 2062 officia
486 2031 641 2060 restituas
663 2031 695 2060 et
717 2030 867 2065 reducas,
896 2031 1055 2069 predictis
1077 2031 1234 2061 omnibus
1257 2033 1367 2070 aperte

351 2083 552 2114 denuntians
568 2083 656 2121 quod
674 2083 748 2112 ideo
766 2083 807 2112 ad
823 2091 963 2121 presens
983 2084 1160 2121 procedere
1179 2085 1364 2115 differimus

350 2137 392 2167 ad
408 2136 625 2174 infligendum
640 2135 688 2165 eis
704 2144 808 2174 penas
823 2137 957 2175 propter
970 2137 1030 2166 hoc
1048 2137 1186 2172 debitas,
1205 2138 1283 2175 quia
1299 2146 1366 2168 om-

350 2190 430 2220 nino
451 2189 607 2220 volumus
627 2188 772 2226 experiri
793 2189 935 2227 qualiter
959 2189 1118 2228 deinceps
1142 2198 1176 2220 se
1200 2191 1365 2228 gesserint

350 2243 438 2273 circa
455 2242 610 2272 mandata
627 2241 717 2271 sedis
735 2242 915 2279 apostolice
931 2242 1158 2281 adimpleuda3
1176 2244 1207 2272 et
1222 2244 1365 2281 qualiter

351 2296 450 2326 etiam
476 2295 516 2325 ad
536 2295 696 2324 honorem
715 2295 746 2324 et
766 2294 960 2325 fidelitatem
977 2295 1126 2325 Romane
1150 2295 1288 2326 ecclesie
1310 2305 1362 2334 pa-

350 2357 423 2379 cem
438 2349 468 2378 et
482 2349 606 2378 bonum
625 2348 748 2377 statum
766 2348 916 2385 ejusdem
934 2349 1186 2386 procuraverint
1205 2349 1361 2384 civitatis,
1393 2356 1394 2359 ¹

350 2403 384 2431 ut
400 2401 582 2431 secundum
598 2400 687 2438 quod
703 2408 818 2430 eorum
833 2401 1003 2439 exegerint
1020 2402 1148 2436 merita,
1160 2402 1213 2431 vel
1228 2402 1269 2431 ad
1283 2402 1364 2432 info-

351 2454 471 2484 rendas
498 2454 546 2483 eis
570 2461 673 2490 penas
698 2453 891 2491 condignas,
921 2454 974 2483 vel
999 2455 1038 2484 ad
1064 2454 1254 2484 faciendum
1279 2455 1363 2493 ipsis

348 2559 580 2598 procedamus.
596 2558 720 2588 Datum
735 2558 822 2596 apud
835 2559 1121 2594 Urbcmveterem,
1139 2570 1171 2589 ιιι
1187 2561 1261 2590 idus
1276 2562 1360 2600 apri-

350 2612 405 2646 lis,
423 2619 510 2641 anno
527 2609 685 2640 secundo.
711 2622 725 2637 ι)

462 2818 510 2848 90
932 2815 1057 2849 Orvieto,
1077 2816 1108 2842 13
1122 2815 1194 2841 avril
1212 2817 1289 2842 1263.

384 2901 482 2928 Eidem
501 2901 619 2927 mandat
642 2902 672 2926 ut
694 2899 768 2926 bona
786 2898 932 2931 mainerii,
951 2898 1047 2925 clerici
1063 2899 1186 2932 Reatini,
1211 2899 1244 2925 de
1259 2899 1360 2926 haerc-

346 2959 410 2978 seos
425 2950 549 2977 crimine
566 2949 769 2980 condemnato,
784 2947 928 2973 Romanae
946 2947 1082 2973 ccclesiae
1099 2948 1215 2974 nomine
1240 2948 1360 2974 vendere

1441 350 1546 385 majori
1573 353 1599 377 et
1617 352 1680 378 aliis
1705 353 1830 380 Reatinis
1859 355 1989 381 ecclesiis
2018 359 2160 390 procuret.
2185 358 2264 391 (ltizc.
2280 361 2324 393 27,
2343 360 2392 387 fol.
2414 365 2446 387 ’.Νι

1438 401 1477 431 v0,
1494 406 1527 424 no
1545 400 1583 431 5.)

1483 489 1496 502 «
1521 477 1642 508 Eidem.
1665 480 1760 515 Cum,
1781 482 1947 519 quondam
1963 483 2121 521 magistro
2145 484 2309 516 Palmerio
2326 487 2445 517 clerico

1443 529 1586 560 Reatino
1605 531 1644 561 de
1664 531 1819 563 hereseos
1836 534 1974 565 crimine
1989 536 2241 575 condempnato,
2261 541 2443 577 possessio-

1439 590 1498 611 nes
1515 584 1546 612 et
1562 584 1674 613 omnia
1690 584 1778 615 bona
1793 595 1864 622 sua,
1887 595 1950 625 que
1967 588 2083 618 habult
2101 589 2133 619 In
2156 591 2288 621 civitate
2305 594 2334 622 vt
2351 594 2441 623 terri-

1438 635 1522 664 torio
1539 635 1690 670 Reatino,
1707 637 1747 666 ad
1760 638 1901 668 Romam
1919 640 1984 669 sint
1997 641 2168 671 ecclesiam
2183 643 2348 679 devoluta,
2368 646 2443 676 licet

1439 687 1674 724 possessiones
1690 689 1760 726 ipse
1778 698 1836 727 pro
1854 691 1943 720 mille
1962 692 2057 722 libris
2073 694 2285 725 denariorum
2308 700 2442 728 senatus

1438 741 1546 777 empte
1567 740 1671 769 fuisse
1692 741 1855 777 dicantur,
1880 743 2028 773 volentes
2048 746 2158 776 tamen
2180 748 2356 778 utilitatem
2379 760 2441 788 que

1436 800 1478 821 ex
1492 800 1606 821 earum
1617 794 1782 831 emptione
1800 796 1975 833 provenire
1993 798 2121 834 poterit,
2142 799 2180 827 ad
2200 800 2374 831 Reatinam
2392 811 2443 832 ec—

1435 845 1572 874 clesiam
1588 846 1700 883 potius
1716 855 1815 884 quam
1831 847 1872 877 ad
1888 857 2047 886 personas
2064 850 2165 879 laicas
2178 854 2362 889 provenire,
2383 864 2440 885 nos

1436 897 1475 927 de
1492 897 1680 929 sinceritate
1696 899 1773 928 fidei
1790 908 1825 929 ac
1838 900 2049 931 discretionis
2064 903 2117 932 tue
2135 903 2297 934 industria
2312 906 2441 944 plenius

1435 949 1652 985 confidentes,
1678 952 1845 981 vendendi
1871 954 1983 983 nostro
2004 955 2034 983 et
2059 955 2196 985 ecclesie
2220 957 2367 988 Romane
2387 968 2441 989 no-

1436 1002 1524 1032 mine
1543 1004 1774 1041 possessiones
1791 1006 1821 1034 et
1840 1005 1927 1035 bona
1946 1006 2017 1044 ipsa
2036 1016 2094 1045 pro
2112 1008 2203 1038 mille
2223 1009 2317 1039 libris
2335 1011 2440 1041 luren-

1435 1055 1522 1084 simn
1537 1056 1577 1085 ad
1589 1056 1700 1086 minus
1713 1058 1856 1096 capitulo
1871 1059 2006 1097 majoris
2018 1060 2154 1090 ecclesie
2167 1063 2197 1091 et
2209 1063 2283 1092 aliis
2294 1064 2441 1094 ecclesiis

1435 1107 1587 1138 Reatinis
1604 1117 1726 1147 easque
1743 1110 1783 1139 ad
1802 1111 2002 1149 emptionem
2022 1114 2273 1150 possessionum
2293 1115 2439 1154 ipsarum

1434 1169 1493 1198 per
1517 1169 1691 1191 censuram
1716 1162 1985 1198 ecclesiasticam,
2010 1165 2038 1194 si
2061 1174 2143 1204 opus
2167 1166 2276 1202 fuerit,
2301 1169 2441 1207 compel-

1434 1213 1537 1246 lendi,
1556 1223 1614 1244 nec
1636 1223 1700 1244 non
1717 1215 1941 1246 sufficientem
1963 1219 2132 1255 prestandi
2155 1221 2360 1258 emptoribus
2383 1230 2440 1259 pro

1434 1266 1627 1296 defensione
1644 1268 1895 1305 possessionum
1915 1269 2106 1308 hujusmodi
2129 1272 2314 1302 cautionem
2336 1277 2440 1304 aucto-

1433 1318 1528 1349 ritate
1548 1319 1608 1348 tibi
1629 1321 1835 1358 presentium
1858 1321 1990 1358 plenam
2013 1324 2044 1352 et
2064 1323 2203 1353 liberam
2229 1326 2440 1356 concedimus

1432 1371 1635 1402 facultatem.
1656 1373 1823 1402 Prefatam
1844 1375 1953 1403 autem
1974 1376 2114 1413 pecunie
2135 1377 2365 1414 ‹inantitatenn
2388 1379 2439 1409 vel

1433 1424 1461 1454 si
1478 1424 1636 1463 majorem
1652 1425 1728 1455 inde
1745 1427 1920 1464 receperis,
1939 1428 1980 1457 ad
1992 1429 2184 1458 mandatum
2201 1432 2349 1460 nostrum
2367 1432 2439 1461 tide-

1433 1477 1508 1507 liter
1524 1486 1695 1508 reservare
1711 1488 1867 1517 procures
1883 1488 1920 1510 ac
1937 1480 2125 1518 significare
2142 1483 2332 1519 quantotius
2349 1483 2438 1522 quic-

1432 1531 1511 1568 quid
1535 1540 1635 1569 super
1655 1531 1721 1561 hiis
1745 1532 1881 1562 duxeris
1902 1533 2103 1563 faciendum.
2123 1535 2246 1565 Datum
2269 1537 2355 1575 apud
2380 1538 2438 1568 Ur-

1431 1582 1666 1619 bemveterem,
1685 1585 1760 1614 idus
1779 1585 1906 1623 aprilis,
1923 1594 2009 1616 anno
2027 1587 2182 1617 secundo.
2208 1600 2221 1614 η

1540 1746 1585 1776 91
2018 1747 2141 1779 Orvieto,
2159 1749 2186 1774 13
2198 1749 2268 1775 avril
2289 1751 2363 1777 ¹263.

1464 1823 1587 1850 Consilio
1610 1825 1636 1849 et
1662 1824 1811 1850 communi
1833 1824 1960 1851 Reatinis
1978 1826 2097 1852 mandat
2112 1829 2138 1853 ut
2159 1827 2299 1860 Citadino,
2317 1829 2370 1856 civi
2384 1830 2435 1857 L'r·

1427 1871 1577 1904 bevetano,
1592 1880 1677 1906 quern
1696 1872 1736 1898 eis
1754 1872 1782 1898 in
1804 1874 1975 1906 potestatem
1987 1874 2084 1908 elegit,
2107 1875 2134 1901 in
2152 1876 2207 1902 hiis
2223 1885 2292 1911 quae
2308 1878 2342 1903 ad
2359 1881 2435 1905 tran-

1428 1920 1602 1954 quillitatem
1620 1922 1645 1946 et
1664 1921 1846 1947 concordiam
1862 1921 1986 1948 civitatis
2003 1925 2143 1957 spectant,
2160 1925 2292 1951 obediant
2304 1926 2435 1953 etinten-

1427 1968 1506 1994 dant.
1519 1969 1598 2001 (Rae.
1617 1969 1662 2000 ²27,
1681 1968 1730 1995 sol.
1751 1970 1784 1995 ‘20
1802 1977 1842 2001 vo,
1858 1977 1890 1995 no
1906 1971 1944 2002 6,)

1467 2058 1481 2073 «
1507 2046 1632 2075 Dilectis
1652 2047 1725 2085 filiis
1746 2048 1869 2076 consilio
1888 2053 1915 2077 ec
1938 2049 2085 2078 Communi
2103 2050 2247 2081 Reatinis.
2269 2052 2433 2084 Intellexi-

1426 2109 1501 2130 mus
1523 2100 1611 2138 quod
1633 2108 1670 2130 eo
1689 2117 1736 2128 —.
1761 2100 1845 2130 Cum
1868 2101 1970 2139 igitur
1993 2102 2030 2131 de
2052 2104 2139 2133 statu
2163 2106 2272 2134 vestro
2298 2108 2432 2143 paterna

1426 2153 1637 2183 solicitudine
1654 2153 1847 2191 cogitantes⁷
1861 2153 2018 2184 dilectum
2041 2155 2148 2185 filium
2166 2157 2367 2194 Citadinum,
2389 2161 2432 2190 ci-

1425 2214 1499 2236 vem
1520 2205 1781 2241 Urbevetanum,
1806 2205 1915 2235 virum
1938 2208 2115 2245 providum
2139 2211 2168 2239 et
2193 2211 2372 2242 discretum
2394 2222 2430 2244 ac

1393 2288 1395 2299 s
1427 2259 1447 2288 fi
1460 2259 1557 2288 lelem
1574 2259 1664 2288 sedis
1680 2259 1861 2297 apostolice
1877 2268 1913 2288 ae
1931 2260 2099 2295 devotum,
2118 2263 2231 2293 advos
2250 2273 2306 2302 pro
2324 2266 2431 2303 quiete

1424 2313 1534 2342 vestra
1546 2313 1577 2341 et
1591 2311 1677 2341 bono
1688 2311 1779 2349 pacis
1793 2313 1823 2341 et
1835 2313 2008 2342 concordie
2020 2316 2224 2351 procurando
2237 2317 2430 2348 duxerimus

1423 2364 1670 2398 destinandum,
1694 2364 1943 2394 universItatem
1967 2367 2110 2395 vestram
2135 2376 2299 2406 rogamus,
2320 2380 2430 2402 mone-

1391 2435 1393 2447 .
1422 2426 1486 2447 nus
1510 2419 1539 2447 et
1564 2417 1734 2446 hortamur
1758 2418 1878 2447 attente
1903 2426 1960 2455 per
1986 2420 2167 2456 apostolica
2192 2421 2286 2451 vobis
2308 2424 2429 2462 scripta

620 2506 624 2510 Ι
718 2505 723 2510 .
791 2506 796 2510 ι
1391 2473 1392 2509 3
1423 2470 1484 2499 sub
1500 2470 1634 2499 obtentu
1652 2470 1756 2508 gratie
1774 2471 1883 2499 nostre
1896 2470 2108 2509 precipiendo
2126 2474 2334 2509 mandantes,
2349 2485 2426 2514 qua-

349 2515 450 2545 super
466 2506 527 2536 hoc
543 2506 685 2544 gratiam
702 2505 841 2535 liberius
859 2507 1042 2541 etcautius,
1055 2509 1186 2537 auctore
1204 2508 1361 2542 Domino,
1390 2524 1391 2529 =

1421 2524 1518 2553 tenus
1531 2523 1640 2561 ipsum
1652 2524 1888 2560 proserprentes
1903 2523 2024 2553 bonore
2035 2532 2100 2561 quo
2115 2525 2205 2556 deret
2217 2536 2253 2556 ac
2269 2527 2427 2559 habentes

1421 2577 1620 2614 propensius
1636 2575 1914 2608 commendatum,
1938 2575 1969 2604 in
1986 2576 2051 2605 hiis
2067 2586 2129 2615 que
2148 2579 2188 2607 ad
2207 2580 2425 2618 tranquillita-

1420 2629 1486 2658 tem
1500 2629 1605 2658 status
1616 2628 1715 2657 vestri
1727 2627 1889 2665 pertinent
1901 2629 1931 2657 et
1944 2628 2034 2666 paris
2048 2629 2132 2660 inter
2145 2639 2203 2660 vos
2216 2633 2425 2663 concordiam

1420 2681 1679 2715 reformandam,
1696 2680 1766 2718 ejus
1785 2680 1974 2710 salubribus
1989 2682 2207 2720 acquiescatis
2217 2685 2379 2719 consiliis,
2394 2689 2426 2716 et

1421 2733 1707 2763 exhortationibus
1715 2733 1830 2763 devote
1840 2742 1876 2762 ac
1888 2733 2058 2764 humiliter
2068 2734 2258 2772 intemlatis;
2270 2738 2313 2769 ita
2323 2740 2422 2778 qnod.

1418 2786 1550 2816 sublata
1571 2787 1611 2815 de
1635 2785 1744 2815 1n·=dio
1763 2787 1911 2815 vestrum
1928 2787 2064 2816 materia
2080 2789 2326 2828 scamlalormn,
2347 2801 2422 2823 con-

1419 2839 1567 2877 quiescat
1587 2838 1730 2868 turbatio
1749 2839 1779 2867 ei
1799 2838 1884 2868 inter
1905 2847 1974 2873 VOS,
1997 2841 2128 2870 auctore
2147 2842 2227 2877 Deo,
2251 2844 2425 2882 proveniat

1419 2891 1544 2921 bonum
1564 2891 1667 2929 pacis,
1691 2899 1816 2928 nosque
1835 2890 1910 2920 inde
1928 2891 2018 2921 retici
2036 2892 2215 2925 debeamus
2236 2897 2357 2935 gaudIO
2374 2905 2424 2927 sa-

1388 2944 1389 2951 *
1419 2944 1529 2974 lutari.
1552 2944 1673 2973 Datum
1693 2945 1725 2972 ut
1744 2943 1775 2972 in
1792 2943 1944 2980 proxima
1961 2945 2134 2982 superiori.
2160 2958 2175 2974 »
