2547 3289
250 276 307 303 274

251 359 399 388 dicentes
418 358 504 396 qnod
523 358 555 386 in
574 356 718 385 heresim
739 356 885 394 populus
903 355 1083 387 laberetur,
1102 355 1127 383 si
1148 354 1254 384 fideli-
1286 357 1287 403 1

251 411 314 440 bus
334 411 433 440 aliam
459 411 557 440 tidem
578 418 677 447 quam
706 409 869 438 catholica
897 411 985 438 tcnet
1009 407 1162 440 ecclesia7
1184 416 1256 445 pre·
1286 408 1287 438 l

251 464 411 498 dicarent,
433 466 467 492 tu
485 462 642 492 dubitans
659 470 698 491 ne
717 462 747 491 id
767 462 805 491 ad
823 461 1028 491 audientiam
1053 461 1143 489 >tedis
1161 469 1256 499 apos-
1286 479 1287 485 1

250 517 349 546 tolice
369 516 567 554 perveniret,
593 514 767 544 extorsisti
799 514 839 543 ab
867 514 993 543 eisdem
1024 513 1256 543 sacerdotibus

247 570 486 606 juramentum,
503 568 589 606 qnod
600 576 783 605 numquam
797 569 921 597 tantam
938 568 1028 596 tuam
1040 567 1255 596 insolentiam

250 622 349 651 alicui
370 620 603 659 velaliquibus
618 620 822 654 revelarent:
841 620 941 658 quod,
957 620 985 649 si
1003 620 1144 650 veritate
1164 619 1257 649 sulci-

248 676 313 707 tur,
334 683 396 703 non
417 675 507 703 caret
522 673 744 711 proculdubio
764 673 923 711 scrupulo
946 672 1092 702 heretice
1111 673 1256 711 pravita-

248 727 303 756 tis.
326 726 375 756 Ad
394 726 465 760 hec,
485 726 633 764 qualiter
661 726 769 761 nobis,
788 725 972 763 apostolice
992 725 1074 760 sedi,
1095 725 1256 756 obediens

248 780 279 809 et
297 779 436 809 devotus
450 779 604 809 extiteris
622 781 651 808 et
671 779 809 814 existas,
825 787 1005 817 processus
1021 778 1256 817 dampnabiles

249 833 353 869 perte
376 831 456 861 olim
478 831 582 861 habiti
610 832 641 860 in
672 831 914 870 Burglanensis
940 834 971 861 et
992 831 1190 862 Arusiensis
1207 841 1256 862 ec-

247 885 438 919 clesiarum,
454 886 531 914 tunc
552 885 753 921 vacantium,
773 885 928 923 negotiis,
948 885 987 914 ad
1016 894 1158 923 quarum
1176 885 1256 915 alte-

247 947 331 975 ram,
374 937 529 967 videlicet
572 938 849 977 Burglanensem,
888 938 1056 976 quondam
1100 938 1254 974 Elavum,

246 990 392 1021 diversis
407 993 437 1021 et
451 991 647 1021 enormibus
659 991 859 1021 criminibus
873 991 1021 1030 graviter
1031 991 1253 1027 diffamatum,

246 1045 361 1074 contra
377 1044 548 1074 decretum
566 1046 597 1074 et
622 1045 819 1074 mandatum
842 1045 994 1083 ejusdem
1018 1044 1121 1079 sedis,
1150 1045 1190 1074 ad
1207 1053 1256 1074 re—

245 1096 374 1135 liquam
391 1105 481 1133 vero,
497 1097 718 1127 Arusiensem
737 1097 904 1131 videlicet,
917 1098 1128 1132 Arnt'astum,
1150 1098 1255 1127 mani-

245 1149 369 1180 festum
393 1150 534 1188 predicti
563 1150 653 1189 regis
672 1150 762 1180 Erici
783 1151 1027 1187 adversarium,
1057 1152 1171 1189 utpote
1197 1151 1255 1189 qui

244 1204 375 1240 patrem
394 1203 504 1241 ipsius
537 1203 625 1242 regis
648 1212 775 1233 veneno
800 1204 923 1233 dicitur
946 1204 1144 1242 peremisse,
1177 1213 1255 1242 pen·
1286 1225 1287 1242 ἱ

246 1256 345 1286 dente
365 1256 453 1294 apud
468 1257 608 1286 eandem
625 1257 738 1287 sedem
759 1257 934 1287 electionis
951 1257 1084 1295 negotio
1100 1257 1140 1286 de
1157 1265 1253 1287 vene-

245 1308 345 1339 rabili
379 1309 481 1339 t'ratre
510 1312 624 1340 nostro
661 1310 829 1345 ‘l'hucone‚
867 1310 1046 1339 Arusiensi
1082 1310 1252 1348 episcopo,

245 1362 448 1392 consecrasti
470 1363 509 1392 de
543 1362 629 1392 facto
651 1363 684 1392 in
708 1363 895 1401 episcopos,
916 1363 1019 1392 immo
1043 1363 1157 1392 verius
1179 1371 1255 1392 exe-

244 1415 364 1450 crastig
388 1424 515 1445 necnon
539 1418 569 1445 et
596 1418 808 1454 contemptus
824 1415 990 1449 notabiles
1010 1416 1184 1454 fastusque
1200 1425 1253 1445 su-

243 1468 350 1506 perbi,
370 1477 455 1506 quos
479 1468 565 1498 circa
591 1469 751 1498 dilectum
776 1469 895 1504 lilium,
920 1469 1120 1505 magistrum
1139 1468 1254 1498 Geral-

244 1520 335 1557 dum,
357 1521 513 1551 nuntium
542 1521 628 1551 dicte
669 1522 760 1551 sedis
788 1522 819 1550 in
852 1521 966 1556 Dacia,
994 1523 1254 1559 presumptuose

243 1573 346 1603 nimis
358 1576 389 1604 et
401 1573 662 1612 dampnabiliter
676 1575 871 1609 ostendisti;
892 1574 1103 1603 contumacia
1122 1583 1254 1612 quoque

244 1626 468 1662 detestabilis
485 1627 519 1656 in
537 1636 614 1665 qua,
629 1627 751 1657 citatus
768 1636 827 1665 per
845 1627 987 1657 eundem
1006 1627 1161 1657 nuntium
1180 1636 1255 1657 auc-

242 1680 376 1710 toritate
393 1682 518 1713 nostra,
538 1682 572 1710 ut
584 1680 807 1718 personaliter
822 1681 862 1710 ad
881 1681 1086 1718 presentiam
1103 1682 1254 1710 nostram

243 1733 429 1769 accederes,
450 1735 482 1763 et
503 1742 562 1771 per
584 1742 709 1763 annum
731 1736 761 1763 et
777 1733 926 1772 amplius
944 1735 1153 1772 expectatus,
1177 1742 1253 1763 con-

242 1787 443 1824 tempnendo
461 1786 502 1815 ad
526 1795 586 1816 nos
602 1787 716 1816 venire
740 1786 909 1816 obstinata
939 1788 1050 1817 mente
1074 1786 1250 1825 perduras,

243 1840 422 1870 manifeste
438 1839 619 1870 declarant.
641 1840 682 1870 Et
699 1840 775 1870 licet
797 1840 886 1870 idem
911 1841 1050 1870 nuntius
1074 1841 1107 1870 in
1122 1843 1165 1877 te,
1184 1841 1253 1870 tuis

242 1892 351 1931 culpis
386 1892 616 1931 exigentibus,
650 1893 1011 1923 excommunicationis
1050 1894 1253 1924 sententiam

243 1946 305 1976 rite
338 1946 536 1976 auctoritate
572 1946 755 1984 apostolica
806 1947 1039 1985 promulgarit,
1072 1949 1107 1977 tu
1140 1949 1253 1978 tamen

244 1999 624 2029 excommunicationem
659 1999 852 2038 hujusmodi
883 2000 1108 2038 vilipendens,
1145 2001 1253 2039 ponti·
1283 2024 1284 2033 1

243 2051 337 2081 ticale
352 2052 501 2081 ot'licium
519 2061 673 2082 exercere
689 2055 787 2091 teque
803 2052 928 2082 divinis
943 2053 1066 2083 officiis
1086 2053 1252 2083 ireveren-

243 2105 294 2134 ter
324 2105 474 2143 ingerere
503 2114 568 2134 non
592 2105 730 2140 vereris,
766 2106 798 2135 in
826 2106 936 2135 anime
964 2108 1020 2136 tue
1050 2107 1250 2145 periculum,

245 2157 470 2196 plurimorum
503 2158 699 2188 scandalum
728 2161 758 2188 et
802 2159 1030 2189 ecclesiastice
1072 2159 1251 2198 discipline

243 2211 483 2249 contemptum.
508 2212 576 2241 Hoc
602 2214 633 2241 et
661 2212 727 2241 alia
744 2212 945 2250 quamplura
973 2213 1088 2251 gravia
1110 2215 1141 2243 et
1159 2222 1252 2243 enor-

243 2264 310 2293 mia
328 2265 539 2294 commisisse
557 2265 718 2295 hactenus
741 2268 771 2296 et
789 2266 895 2296 adhuc
923 2267 1133 2296 committere
1160 2267 1249 2297 inde-

242 2317 393 2347 sinenter
415 2318 590 2351 assereris⁷
620 2327 684 2356 que
708 2319 892 2357 apostolice
921 2319 1140 2349 correctionis
1170 2320 1251 2350 lima

242 2371 274 2400 et
292 2369 401 2400 debite
420 2370 725 2401 animadversionis
739 2374 921 2403 noscuntur
934 2373 1083 2411 indigere
1096 2381 1248 2403 censura.

281 2423 351 2452 Nos
369 2423 482 2461 igitur,
503 2423 676 2462 cupientes
699 2424 792 2454 finali
812 2425 952 2455 ecclesie
971 2425 1119 2464 predicte
1140 2426 1247 2462 ruine,

240 2477 338 2514 prout
372 2477 536 2506 tenemus,
557 2485 743 2511 occurerre,
764 2479 796 2507 et
814 2480 976 2516 quantum
1004 2479 1037 2508 in
1066 2478 1163 2509 nobis
1185 2481 1247 2512 est,

241 2528 415 2558 exsolvere
433 2529 518 2559 circa
540 2529 633 2559 illam
654 2530 697 2567 id,
728 2531 768 2561 ad
788 2531 875 2569 quod
903 2540 963 2561 nos
982 2531 1108 2571 obligat
1129 2532 1248 2571 jugum

241 2581 421 2618 apostolice
438 2582 624 2619 servitutis
645 2583 722 2613 licet
739 2592 757 2613 a
772 2585 816 2619 te,
838 2586 998 2623 tanquam
1016 2593 1034 2614 a
1052 2584 1166 2615 villico
1187 2585 1248 2615 dif-

240 2633 375 2671 famato,
395 2637 448 2665 tue
469 2636 686 2667 villicationis
703 2638 834 2677 exigere
853 2639 1029 2674 rationem,
1052 2640 1184 2679 cognita
1207 2640 1246 2670 de

240 2686 292 2716 his
310 2688 461 2724 veritate,
482 2698 671 2727 liosseiiius,
689 2691 783 2720 illius
803 2695 914 2722 tamen
932 2695 1113 2731 sequentes
1133 2702 1246 2723 cxem-

240 2739 345 2777 plum,
366 2741 421 2778 qui
442 2742 608 2772 neminem
627 2743 699 2773 vult
721 2744 843 2782 perire,
861 2745 1021 2783 quoniam
1044 2754 1061 2775 a
1078 2747 1108 2776 te
1136 2746 1245 2784 ipsius

238 2792 378 2822 ecclesie
409 2794 562 2830 panditur
592 2804 688 2826 omne
719 2797 857 2833 malum,
880 2797 1122 2829 fraternitatem
1152 2801 1242 2829 tuam

239 2854 426 2881 monemus,
452 2855 608 2883 rogamus
635 2850 665 2877 et
686 2849 859 2880 hortamur
879 2853 1013 2887 attente,
1047 2852 1244 2882 mandantes

237 2899 269 2927 et
295 2898 468 2929 caritative
487 2900 587 2929 etiam
611 2903 825 2932 consulentes
851 2905 896 2939 ut,
920 2904 1084 2943 colligens
1106 2914 1242 2935 causam

236 2951 327 2981 tuam
344 2951 376 2981 in
389 2952 466 2982 sinu
483 2955 551 2987 tuo,
565 2955 661 2991 teque
683 2955 793 2992 ipsum
811 2958 916 2986 totum
937 2959 1012 2987 ante
1031 2958 1147 2988 oculos
1166 2960 1242 2988 tuos
1272 2989 1273 2994 ,

1004 273 1029 301 Ι).
1038 271 1248 301 1ῧίὶΙέΊῬιΕ5
1272 270 1483 300 D‘L'RBAIN
1507 270 1565 300 IV.

1316 362 1454 392 ponens,
1477 355 1508 384 et
1523 354 1610 384 dicte
1631 355 1723 384 sedis
1746 355 1834 385 circa
1854 356 1886 385 te
1905 356 2071 394 patientia
2093 364 2158 386 non
2174 355 2328 394 abutens,

1316 407 1514 444 ampliorem
1544 411 1729 438 memorate
1753 408 2000 439 desolationem
2023 409 2165 439 ecclesie
2183 409 2330 440 ulterius

1317 468 1382 489 non
1401 461 1569 498 expectes,
1589 461 1647 490 sed
1672 461 1781 499 ipsius
1813 461 1955 492 ecclesie
1977 464 2100 500 tueque
2119 462 2192 500 paci
2223 463 2333 501 provi·

1286 518 1289 537 ι’
1318 512 1401 542 dens
1417 515 1447 543 et
1468 513 1585 551 quieti,
1605 513 1678 551 ejus
1700 514 1868 552 regimini,
1889 514 1977 544 infra
1997 517 2069 544 octo
2091 514 2165 545 dies
2187 518 2261 553 post
2285 524 2334 545 re-

1317 565 1505 604 ceptionem
1533 567 1754 604 presentium,
1773 567 1806 596 in
1830 567 2026 603 manibus„
2047 567 2172 606 prioris
2197 568 2236 598 de
2254 567 2334 598 Hal-

1318 618 1475 654 1115131113,
1493 619 1685 649 Lundensis
1704 620 1861 656 diocesis⁵
1884 622 1955 657 et..,
1978 621 2171 659 supprioris
2191 621 2334 650 fratrum

1319 671 1574 702 Predicatorum
1605 672 1850 707 Lundensium,
1885 682 1970 712 quos
1989 674 2029 703 ad
2060 676 2091 704 te
2107 677 2244 712 propter
2273 673 2335 704 hoc

1318 724 1512 762 specialiter
1536 725 1705 755 mittimus
1726 727 1757 755 et
1777 725 1902 764 quibus
1929 726 2031 756 etiam
2061 726 2245 765 recipiendi
2265 734 2336 756 ces-

1286 775 1288 814 ,
1318 777 1447 807 sionem
1467 777 1661 816 hujusmodi
1686 778 1839 815 ecclesie,
1857 779 1928 809 vice
1948 781 2074 813 nostra,
2089 779 2223 818 plenam
2247 781 2277 809 et
2297 779 2336 809 li—

1286 834 1288 842 '
1318 830 1432 860 beram
1452 831 1645 861 facultatem
1664 840 1723 870 per
1739 831 1826 862 alias
1845 834 1980 862 nostras
2003 833 2219 863 concedimus
2244 832 2331 863 litte-

1286 886 1288 918 ’.
1318 893 1384 918 ras,
1405 886 1522 924 sponte
1541 886 1651 916 cedas.
1683 886 1861 922 Quoniam,
1888 887 1917 917 si
1947 889 2063 917 nostro
2084 887 2116 916 in
2147 886 2207 916 hac
2237 888 2332 925 parte

1319 938 1491 968 curaveris
1519 939 1662 969 consilio
1691 941 1722 969 et
1742 940 1900 970 mandato
1926 948 2056 978 parere.
2085 940 2126 969 de
2154 941 2269 969 nostra
2299 941 2333 970 et

1286 998 1288 1003 ·
1318 990 1405 1021 dicte
1422 992 1513 1021 sedis
1533 992 1778 1029 misericordia,
1799 1002 1863 1032 que
1884 993 2058 1023 consuevit
2079 992 2276 1023 obedientes
2302 994 2335 1023 et

1286 1066 1288 1083 e
1318 1044 1464 1074 humiles
1499 1045 1532 1074 in
1561 1053 1621 1075 sue
1649 1044 1897 1076 benedictionis
1927 1046 2105 1076 dulcedine
2135 1045 2331 1084 prevenire,

1318 1097 1533 1135 aliquatenus
1558 1106 1622 1127 non
1642 1098 1788 1128 diffidas.
1823 1099 1889 1129 Sed
1919 1099 1947 1129 si
1978 1099 2121 1137 elegeris
2145 1098 2334 1137 predictam

1318 1150 1494 1180 ecclesiam
1520 1151 1552 1180 in
1571 1151 1764 1189 hujusmodi
1793 1151 2073 1182 tribulationibus
2102 1151 2250 1190 amplius
2277 1151 2333 1181 de-

1316 1203 1422 1233 tinere
1438 1204 1633 1242 nostrisque
1652 1205 1846 1234 nullatenus
1866 1213 1968 1242 super
1996 1205 2056 1234 hoc
2074 1204 2234 1234 adherere
2253 1212 2330 1234 con—

1317 1256 1417 1292 siliis,
1438 1265 1510 1294 nos,
1531 1265 1571 1286 ne
1601 1257 1718 1295 culpas
1748 1260 1824 1287 tuas
1851 1259 1986 1287 nostras
2015 1257 2123 1287 facere
2141 1257 2333 1293 videamur,

1316 1309 1534 1339 dissimulare
1553 1310 1696 1340 ulterius
1715 1319 1781 1340 non
1809 1311 1997 1348 poterimus
2017 1311 2099 1349 quin
2116 1309 2158 1339 ad
2174 1309 2334 1349 indagan-

1316 1362 1394 1391 dum
1408 1364 1438 1392 et
1453 1363 1662 1400 puniendum
1682 1364 1714 1393 in
1730 1366 1761 1394 tc
1778 1364 1926 1402 graviter
1943 1372 2106 1394 excessus
2123 1363 2330 1402 hujusmodi,

1316 1415 1471 1453 exigente
1484 1416 1630 1454 justitia,
1655 1418 1860 1453 constanter,
1887 1418 2022 1446 auctore
2039 1417 2198 1451 Domino,
2215 1424 2330 1455 proce-

1316 1467 1448 1504 damus,
1468 1468 1579 1500 eidem
1611 1469 1752 1500 ecclesie
1783 1469 2009 1508 spiritualiter
2036 1471 2067 1500 et
2097 1469 2331 1508 temporaliter

1316 1521 1499 1558 provisuri.
1543 1522 1667 1552 Datum
1709 1523 1798 1561 apud
1833 1515 2124 1558 Urbemveterem,
2158 1532 2180 1552 11
2220 1530 2330 1552 nonas

1317 1573 1448 1612 aprilis,
1465 1583 1551 1605 anno
1571 1575 1643 1605 1110.
1661 1585 1677 1604 »

1404 1763 1477 1793 545
1917 1766 2041 1796 Orvieto,
2057 1766 2073 1793 4
2089 1766 2161 1793 avril
2180 1767 2256 1794 1254.

1352 1845 1528 1880 Infracriptis
1546 1846 1663 1871 mandat
1682 1847 1817 1871 moneant
1845 1844 1994 1871 Jacobum.
2016 1845 2198 1872 Lundensem
2221 1845 2331 1873 archie-

1314 1894 1474 1928 piscopum,
1493 1897 1520 1920 ut
1538 1894 1611 1919 infra
1633 1895 1696 1920 octo
1712 1894 1776 1920 dies
1798 1895 1862 1927 post
1879 1893 2044 1920 litterarum
2059 1894 2234 1928 apostolicae
2250 1895 2329 1922 sedis

1314 1943 1521 1977 receptionem,
1541 1942 1676 1977 regimini
1693 1942 1853 1968 Lundensis
1873 1942 2013 1969 ecclesiae
2036 1943 2063 1969 in
2083 1943 2210 1977 ipsorum
2236 1944 2328 1971 mani-

1314 1992 1365 2018 bus
1379 1993 1471 2018 ccdat.
1486 1992 1565 2026 tlh-za.
1579 1993 1622 2021 2⁸,
1635 1990 1682 2017 t‘ol.
1698 1992 1732 2017 45
1741 1997 1777 2021 v⁰‚
1791 1999 1858 2018 ann.
1873 1991 1918 2021 111,
1933 1997 1962 2017 [1ο
1978 1992 2044 2023 1483
2058 1992 2206 2018 Formam
2220 1992 2328 2027 18850.)

1354 2116 1367 2133 1(
1391 2127 1398 2134 .
1419 2129 1423 2133 .
1440 2105 1540 2143 priori
1557 2104 1594 2133 cle
1610 2103 1998 2138 llnlmstadia,Lundensis
2011 2105 2150 2140 diocesis,
2167 2112 2195 2135 el
2211 2131 2216 2135 .
2231 2132 2236 2137 .
2256 2117 2326 2147 sup-

1311 2159 1412 2197 priori
1434 2158 1569 2196 fratrum
1586 2157 1816 2187 predicatorum
1843 2158 2059 2189 Limdensium.
2087 2160 2253 2195 Quoniam
2282 2161 2324 2191 ad

1312 2211 1372 2241 hoc
1391 2220 1452 2241 nos
1469 2212 1683 2250 omnipotens
1704 2211 1873 2241 Dominus
1894 2212 2126 2250 speculatores
2148 2213 2239 2244 dedit
2266 2214 2324 2244 do-

1312 2265 1381 2294 mui
1404 2265 1523 2300 Israel,
1544 2267 1581 2294 ut.
1604 2265 1845 2294 annuntiantes
1872 2265 1996 2303 populo
2014 2265 2143 2295 scelera
2166 2266 2251 2305 ejus,
2270 2275 2322 2298 ar-

1312 2327 1455 2357 guamus
1480 2320 1512 2348 et
1531 2318 1745 2356 increpemus
1777 2318 1811 2348 in
1834 2326 1873 2348 eo
1901 2327 1980 2348 voce
2000 2327 2066 2348 non
2093 2319 2236 2358 trepida,
2257 2328 2323 2359 que

1312 2372 1481 2411 arguenda
1500 2371 1687 2401 viderimus
1717 2374 1748 2401 et
1778 2371 1880 2401 etiam
1904 2371 2120 2410 increpanda,
2143 2372 2230 2407 ideo,
2251 2373 2325 2412 qui·

1310 2425 1453 2455 busdam
1475 2424 1635 2463 gravibus
1655 2424 1695 2454 de
1718 2423 1905 2454 venerabili
1928 2424 2032 2455 fratre
2053 2427 2169 2455 nostro
2186 2425 2323 2463 Jacob0‚

1310 2478 1482 2508 Lundensi
1516 2477 1781 2516 archiepiscopo,
1812 2477 1852 2507 ad
1884 2480 2038 2508 nostrum
2068 2479 2208 2516 prolatis
2233 2479 2326 2510 audi-

1309 2534 1392 2565 tum,
1411 2541 1471 2562 nos
1491 2532 1548 2561 illa
1567 2532 1731 2570 ponentes
1759 2533 1835 2561 ante
1862 2539 1943 2561 suos
1963 2531 2079 2561 oculos
2103 2540 2163 2571 per
2187 2534 2324 2563 nostras

1308 2586 1442 2615 clausas
1475 2585 1607 2615 litteras
1641 2584 1806 2620 seriatim,
1844 2585 1988 2614 eundem
2026 2584 2319 2625 archiepiscopum

1308 2639 1513 2669 monendum
1530 2638 1691 2668 duximus
1709 2638 1872 2668 attentius
1890 2640 1920 2668 et
1940 2637 2154 2673 hortandum,
2174 2647 2233 2677 per
2249 2647 2321 2669 eas-

1307 2692 1383 2722 dem
1402 2693 1430 2722 ei
1450 2692 1569 2722 dantes
1588 2691 1720 2722 litteras
1739 2691 1771 2721 in
1791 2691 1961 2721 mandatis
1978 2693 2008 2721 et
2029 2691 2202 2722 caritative
2215 2692 2319 2723 etiam

1307 2745 1533 2780 consulentes,
1553 2746 1589 2774 ut.
1616 2744 1704 2774 infra
1721 2746 1793 2774 octo
1815 2744 1888 2774 dies
1910 2745 1986 2782 post-
2015 2744 2205 2774 litterarum
2231 2744 2318 2783 ipsa-

1306 2808 1380 2829 rum
1396 2798 1633 2837 receptionem,
1651 2797 1806 2836 regimini
1829 2797 2021 2827 Lundensis
2039 2797 2180 2827 ecclesie
2196 2797 2228 2827 in
2244 2805 2317 2828 ves·

1307 2852 1368 2882 tris
1385 2851 1541 2881 manibus
1556 2853 1674 2890 sponte
1687 2851 1792 2880 cedat.
1807 2850 1984 2885 Quocirca.
1996 2850 2191 2880 discretioni
2203 2852 2316 2881 vestre

1304 2913 1364 2943 per
1384 2905 1569 2943 apostolica
1595 2904 1720 2943 scripta
1750 2904 1783 2933 in
1810 2904 1933 2933 virtute
1954 2903 2145 2934 obedientie
2163 2903 2316 2935 districte

1304 2958 1519 2996 precipiendo
1547 2957 1748 2987 mandamus
1776 2957 1936 2996 quatinus
1967 2965 2026 2987 vos
2057 2957 2108 2987 vel
2140 2956 2226 2987 alter
2243 2965 2314 2987 ves-
