2547 3289
1150 291 1364 322 nunssAiN
1388 291 1445 321 IV.
2285 299 2342 329 429

256 373 330 413 ipse
360 373 457 403 vobis
486 373 710 412 expresserit,
742 381 802 403 seu
831 372 981 410 deposita
1012 373 1181 402 custodire
1210 380 1270 410 pro

255 428 373 457 nostra
397 428 429 456 et
462 426 648 465 apostolice
683 426 775 456 sedis
806 425 994 455 reverentia
1028 425 1172 454 fideliter
1204 426 1272 454 stu-

256 479 377 515 deatis,
406 481 452 509 ita
481 479 569 518 quod
586 488 659 513 nos,
681 479 738 518 qui
763 480 895 517 gratum
918 478 950 508 id
974 477 1175 507 habebimus
1199 486 1273 515 pro-

256 521 415 562 culdubio
443 533 475 562 et
500 534 693 570 acceptum,
719 531 932 561 devotionem
958 532 1106 560 vestram
1131 530 1272 568 proinde

258 593 334 615 cum
352 585 539 624 gratiarum
559 584 748 615 actionibus
766 584 887 614 merito
907 583 1142 613 commendare
1164 582 1273 621 possi-

258 646 346 667 mus.
366 638 540 676 Alioquin,
564 638 750 668 sententias
768 645 852 675 quas
870 637 959 666 idem
976 636 1138 674 magister
1156 635 1274 665 tulerit

258 691 294 720 in
320 690 477 725 rebelles,
496 690 620 729 quibus
638 690 770 720 nullum
788 689 1007 727 privilegium
1029 688 1081 718 vel
1101 688 1273 726 indulgen-

257 744 341 774 tiam
369 744 462 774 sedis
493 743 690 782 apostolice,
713 743 815 772 etiam
847 742 876 771 si
904 742 943 771 de
963 741 1030 770 hiis
1058 743 1209 779 oporteat
1232 741 1272 770 (le

258 796 360 827 verbo
376 797 417 827 ad
435 796 573 827 verbum
592 797 626 826 111
644 795 771 825 nostris
788 795 912 825 litteris
931 794 1065 832 plenam
1087 796 1117 823 et
1137 802 1272 832 expres-

257 859 331 880 sam
351 850 424 879 lieri
445 849 664 883 mentionem,
679 848 836 878 volumus
850 847 1065 885 aliquatenus
1080 847 1270 885 suflragari,

258 905 349 933 ratas
365 902 578 937 habebimus,
596 903 626 931 et
639 901 814 936 faciemus,
836 902 972 930 auctore
989 900 1146 933 Domino,
1166 908 1273 938 usque

257 955 298 985 ad
327 955 594 985 satisfactionem
623 953 836 992 condignam,
872 953 1100 991 appellatione
1132 955 1272 988 remota,

256 1007 502 1038 inviolabiliter
520 1006 704 1036 observari.
727 1007 851 1036 Datum
873 1006 960 1044 apud
982 1005 1272 1043 Urbemvetereim

256 1070 279 1091 x
297 1061 462 1091 kalendas
480 1060 626 1099 augusti,
650 1059 868 1098 pontificatus
889 1059 995 1088 nostri
1015 1067 1101 1088 anno
1122 1059 1235 1089 tertio.
1258 1071 1272 1086 »

348 1212 420 1243 462

813 1209 937 1240 Orvicto,
962 1210 993 1235 23
1008 1208 1104 1243 juillet
1124 1209 1198 1235 1262.

602 1260 639 1286 a„
654 1240 773 1264 ⁴121sz
782 1241 903 1264 „mun
921 1255 969 1267 „m
988 1247 1016 1274 ᾗ
1027 1242 1094 1272 *tholo

291 1292 366 1322 Quae
383 1290 523 1325 magister
541 1289 667 1324 Synitius
683 1297 768 1323 agere
784 1289 884 1315 debeat
902 1289 929 1315 in
949 1289 1155 1315 commissione
1172 1297 1189 1315 a
1206 1289 1273 1314 sede

256 1339 415 1375 apostolica
427 1339 482 1366 sibi
500 1339 584 1369 facta,
600 1338 699 1365 desiuit
717 1341 745 1365 et
758 1338 883 1364 ordinat.
901 1338 982 1372 (11011.
998 1339 1043 1369 27,
1056 1337 1104 1364 sol.
1120 1339 1179 1367 132,
1194 1343 1223 1363 n⁰
1234 1339 1273 1371 2.)

297 1433 312 1448 «
343 1420 490 1460 111119131ιό
508 1419 646 1459 Syne'tio,
668 1428 784 1447 cmnere
813 1423 913 1447 nostre
934 1416 1056 1447 clerico.
1084 1416 1272 1447 Furit-atem

259 1474 449 1504 devotionis
468 1475 499 1503 et
518 1473 608 1509 tidei,
628 1481 729 1511 (piam
745 1471 834 1501 circa
851 1480 912 1501 nos
929 1472 960 1501 et
977 1471 1165 1501 Romanam
1183 1470 1274 1509 geris

258 1527 448 1563 ecclesiam,
477 1535 513 1556 ac
545 1527 638 1556 tuam
664 1524 842 1564 probatam
865 1523 1067 1554 industriam
1091 1532 1151 1562 per
1174 1532 1274 1562 expe-

257 1580 417 1610 rientiam
439 1581 670 1618 agnoscentes,
698 1580 729 1608 te
752 1578 793 1607 ad
822 1579 935 1616 partes
962 1576 1096 1615 Ispanie
1126 1585 1162 1605 ac
1187 1576 1273 1606 alias

258 1631 427 1672 regiones,
444 1641 504 1671 pro
521 1631 727 1670 quibusdam
746 1630 873 1660 nostris
890 1632 921 1660 et
936 1629 1045 1669 ipsius
1059 1629 1200 1659 ecclesie
1219 1637 1274 1658 ne<

257 1686 373 1725 gotiis,
395 1686 557 1716 duximus
584 1684 824 1714 destinandum
846 1684 890 1714 Ut
911 1683 1024 1721 itaque
1047 1682 1181 1721 negotia
1200 1682 1275 1720 ipsa

258 1748 296 1770 eo
317 1739 489 1770 efficacius
508 1738 632 1777 exequi
650 1738 764 1768 valeas
783 1747 848 1776 quo
869 1737 990 1776 majori
1012 1736 1119 1766 fueris
1136 1744 1195 1775 per
1213 1744 1274 1765 nos

259 1793 459 1823 auctoritate
476 1792 640 1828 1110111103,
662 1790 861 1821 discretioni
886 1791 940 1820 tue
966 1789 1123 1828 exigendi
1140 1798 1176 1818 ac
1194 1788 1275 1818 reci-

256 1845 372 1885 piendi
387 1854 447 1884 per
465 1846 496 1875 te
516 1845 569 1875 vel
586 1853 645 1883 per
660 1844 765 1873 alium
785 1852 845 1873 sen
863 1843 961 1879 alios,
988 1847 1104 1872 nostro
1121 1843 1153 1872 et.
1172 1842 1274 1871 eccle-

259 1899 309 1929 sie
325 1899 477 1929 Romane
490 1897 637 1934 nomine,
653 1897 687 1927 in
700 1897 833 1935 Ispanie
847 1898 877 1926 et
892 1895 1059 1935 Aragonie
1077 1895 1201 1934 regnis,
1215 1894 1274 1924 Ca-

256 1952 408 1982 thalonia
421 1953 452 1982 et
469 1951 661 1981 Guasconia
676 1959 713 1980 ac
731 1948 1094 1988 circumadjacentibus
1106 1948 1272 1987 partibus,

256 2013 385 2036 necnon
412 2006 443 2035 et
467 2004 502 2034 in
526 2003 741 2035 Narbonensi
762 2005 793 2033 et
813 2002 1058 2041 Burdegalensi
1076 2001 1272 2040 provinciis,

256 2067 297 2089 ea
318 2058 432 2088 omnia
453 2066 518 2096 que
550 2058 590 2088 de
620 2056 779 2087 censibus
798 2058 829 2086 et
860 2055 984 2086 debitis
1003 2055 1274 2094 quibuscumque

257 2113 315 2142 aut
332 2120 373 2142 ex
387 2111 569 2150 promissis
585 2119 644 2141 seu
662 2109 828 2148 depositis
845 2109 898 2139 vel
914 2108 1127 2139 testamentis
1145 2108 1215 2137 sive
1234 2107 1274 2137 de

258 2165 356 2195 bonis
382 2164 584 2194 clericorum
596 2163 831 2194 decedentium
851 2162 892 2192 ab
912 2162 1083 2198 intestato,
1107 2163 1164 2191 aut
1189 2161 1274 2191 alias

259 2226 472 2257 quocumque
494 2217 625 2253 robore,
645 2217 744 2247 modo
761 2216 814 2246 vel
828 2224 930 2245 causa
948 2215 1020 2245 sedi
1042 2214 1226 2253 apostolice
1254 2222 1273 2243 a

261 2270 533 2310 quibuscumque
568 2269 726 2308 personis
758 2269 933 2305 debentur,
966 2277 1095 2298 necnon
1129 2267 1276 2305 compel-

259 2323 352 2354 lendi
382 2322 551 2354 debitores
581 2324 612 2353 et
645 2323 837 2353 detentores
864 2321 1059 2360 hujusmodi
1083 2320 1274 2351 debitorum

261 2377 303 2407 ad
316 2375 521 2406 solutionem
537 2376 765 2414 predictorum
788 2375 938 2405 omnium
964 2374 1162 2408 faciendam,
1186 2375 1275 2412 post-

261 2438 363 2468 quam
378 2428 441 2459 tibi
460 2429 512 2458 vel
530 2429 596 2458 hiis
614 2428 739 2467 quibus
749 2437 851 2467 super
870 2428 931 2458 hoc
951 2427 1165 2457 commiseris
1184 2427 1274 2456 vices
1306 2436 1307 2442 ¹

261 2484 349 2519 tuas,
360 2482 399 2512 de
409 2481 470 2511 hoc
481 2490 541 2520 per
554 2482 812 2520 inquisitionem
823 2482 876 2511 vel
886 2481 952 2511 alio
963 2481 1061 2511 modo
1072 2480 1274 2515 constiterit,

261 2544 387 2574 eosque
405 2535 462 2574 qui
477 2543 538 2573 pro
554 2535 749 2574 hujusmodi
765 2534 890 2565 debitis
906 2536 962 2565 aut
976 2535 1107 2565 decima
1124 2533 1175 2564 vel
1189 2533 1275 2563 vice-

261 2588 350 2619 sima
365 2587 430 2617 sibi
448 2595 508 2625 pro
527 2587 679 2626 ejusdem
695 2587 836 2617 ecclesie
854 2596 913 2618 seu
932 2587 1067 2626 imperii
1085 2587 1275 2618 Constanti-

261 2640 451 2680 nopolItani
468 2641 525 2670 aut
540 2640 642 2670 Terre
668 2640 789 2670 Sancte
817 2640 970 2670 subsidio
999 2640 1183 2679 impositis,
1209 2649 1276 2670 non

262 2693 397 2729 solutis,
417 2691 753 2727 exconiunicationis,
773 2692 1009 2731 suspensionis
1029 2692 1082 2722 vel
1105 2692 1276 2722 interdicti

261 2745 449 2777 sententias
466 2745 691 2780 incurrerunt,
712 2743 752 2774 ab
770 2744 964 2783 hujusmodi
982 2745 1171 2781 sententiis,
1186 2746 1276 2783 post<

263 2808 364 2838 quam
388 2798 428 2828 de
456 2798 523 2827 hiis
552 2797 613 2827 tibi
643 2797 855 2827 satisfactum
882 2797 994 2834 fuerit,
1022 2797 1219 2827 absolvendi
1245 2799 1277 2827 et

263 2851 467 2883 concedendi
490 2850 686 2890 huiusmodi
714 2849 939 2880 absolutionis
961 2849 1092 2881 litteras
1119 2850 1191 2880 illis
1218 2850 1277 2889 qui

264 2905 379 2936 debita
395 2905 471 2944 ipsa
495 2903 723 2943 persolverint
748 2903 799 2933 vel
823 2903 862 2933 de
886 2903 1017 2933 decima
1036 2911 1096 2933 seu
1114 2903 1278 2933 vicesima

264 2958 459 2998 hujusmodi
488 2957 550 2988 tibi
577 2956 817 2993 satisfecerint,
844 2955 1106 2986 contradictores
1130 2964 1274 2994 quoque,

406 3011 546 3038 URBAIN
567 3009 620 3041 IV,
642 3011 664 3037 t.
685 3009 708 3036 I.
730 3009 804 3044 Reg.
825 3016 903 3036 cam.

1332 372 1573 411 cuj11s‹⁴11111que
1585 375 1800 409 conditionis,
1812 376 1986 413 dignitatis
2001 377 2049 407 vel
2064 379 2192 408 ordinis
2205 379 2338 414 suerint,

1332 425 1557 463 appellatione
1576 428 1776 466 postposita,
1797 437 1854 466 per
1877 438 2053 460 censuram
2078 431 2338 463 <aeclesiasticam

1333 479 1566 515 compesrendi
1587 479 1725 509 liberam
1750 480 1812 510 tibi
1830 483 2027 513 {uictoritate
2042 485 2249 522 presentium
2269 495 2341 515 con-

1334 528 1485 558 cedimus
1500 530 1706 560 tat-uitatem.
1720 532 1794 562 Non
1809 533 2033 565 obstantibus.
2050 538 2159 565 010-
2176 538 2342 567 Volumus

1335 583 1445 610 autem
1467 585 1501 611 ut
1516 592 1726 622 <precumque
1744 594 1783 614 ex
1803 587 1980 623 premissis
2002 589 2197 626 1·e‹5i1,›·³1·‹.=t‹¹
2216 591 2336 620 ‹fontiu-

1334 636 1401 672 gat,
1421 634 1479 664 illa
1494 635 1555 664 sub
1575 637 1768 667 testimonio
1789 662 1794 668 .
1815 663 1820 667 .
1841 639 2002 678 episcopi,
2021 650 2056 669 at·
2077 666 2082 670 .
2101 666 2107 671 .
2126 642 2250 679 prioris
2268 644 2343 673 l‘rc—

1335 687 1521 717 dicatorum
1542 690 1597 718 et..
1619 690 1794 725 guardiam
1812 691 1980 721 Minorum
2002 694 2142 724 fratrum
2164 695 2257 724 illius
2278 696 2341 725 lovi

1335 739 1368 768 in
1387 749 1452 778 quo
1470 743 1546 770 tunc
1568 742 1683 777 tueris,
1700 743 1751 772 vel
1770 744 1871 773 trium
1891 744 2031 774 aliarmn
2051 747 2293 782 tidmlignarum
2312 752 2341 778 et

1335 793 1574 831 sollempnium
1588 803 1809 832 personarum
1827 797 1983 835 recipias,
2000 789 2029 827 01
2045 802 2196 836 palmites
2215 801 2345 830 litteras

1335 855 1399 884 que
1418 848 1448 875 et
1473 848 1609 884 quanta,
1632 847 1688 876 ubi
1711 850 1740 877 et
1764 857 1781 877 a
1801 849 1936 887 quibus,
1957 852 2125 888 quommlo
2149 854 2177 881 et
2200 853 2345 890 qualiter

1335 899 1409 937 ipsa
1435 900 1603 937 receperis
1632 901 1856 935 continentes,
1875 903 1947 932 lieri
1972 904 2077 933 sarias
2096 907 2204 934 actuo
2223 908 2251 935 ct
2275 906 2346 935 illo-

1334 960 1408 981 rum
1423 952 1525 982 trium
1542 952 1758 991 subquorum
1771 955 1966 985 testimonio
1977 956 2034 986 hec
2046 957 2200 995 recipies,
2219 959 2344 995 sigillis

1335 1005 1461 1035 muniri
1487 1014 1572 1044 quas
1591 1006 1661 1035 illis
1689 1016 1706 1036 a
1728 1007 1853 1046 quibus
1870 1009 2038 1047 premissa
2055 1011 2211 1049 recipies,
2232 996 2345 1041 ‹buce-

1335 1058 1412 1087 dere
1423 1067 1634 1097 quorumque
1654 1060 1785 1090 similes
1801 1061 1929 1091 eisdem
1941 1062 2065 1101 sigillis
2082 1064 2232 1101 signatas
2249 1065 2348 1094 nobis

1335 1112 1540 1150 quamcitius
1562 1113 1696 1142 mittere
1715 1114 1872 1144 tenearis.
1893 1115 1966 1144 Illis
1993 1124 2070 1145 vero
2091 1126 2107 1145 a
2132 1117 2256 1155 quibus
2276 1127 2348 1156 pre-

1335 1165 1423 1194 dicta
1445 1166 1599 1203 exegeris
1622 1166 1674 1195 vel
1697 1167 1786 1205 exigi
1807 1167 1920 1203 facies,
1946 1171 2125 1207 autetpiam
2154 1169 2347 1207 hujusmodi

1335 1218 1468 1248 litteras
1485 1219 1534 1248 eis
1552 1220 1726 1252 concedas,
1747 1229 1785 1249 ea
1802 1220 1863 1250 tibi
1886 1221 2060 1260 assignare
2087 1222 2216 1261 tibique
2235 1223 2275 1251 ab
2299 1224 2349 1253 eis

1336 1272 1409 1310 ipsa
1424 1272 1573 1310 recipere
1587 1273 1728 1302 tirmiter
1742 1273 1945 1304 iuhibemus.
1965 1275 2086 1304 Datum
2107 1276 2194 1314 apud
2212 1276 2349 1306 [rbem-

1335 1326 1495 1361 veterem,
1518 1334 1534 1354 x
1554 1325 1716 1355 kalendas
1736 1327 1882 1364 augusti,
1900 1336 1986 1357 anno
2004 1328 2116 1358 tertio.
2134 1340 2148 1355 n

1426 1480 1498 1511 463
1929 1481 2052 1511 Ora-eto,
2074 1481 2178 1517 13juin
2200 1484 2276 1509 1202.

1372 1553 1624 1588 Archiepiscopum
1642 1555 1865 1583 Bracharensem
1881 1559 1961 1591 rogat
1981 1559 2007 1583 01
2020 1557 2188 1583 11011-11110101
2208 1558 2347 1592 magistro

1337 1603 1447 1637 Synitio
1463 1605 1618 1638 quamdam
1630 1605 1766 1638 pecuniae
1784 1613 1929 1632 summam
1946 1606 2094 1640 assignare
2108 1609 2196 1633 curet.
2211 1608 2243 1633 ad
2258 1607 2349 1633 suble-

1336 1652 1444 1678 vandas
1460 1652 1597 1678 0001031110
1614 1653 1758 1679 Romanae
1775 1654 1974 1687 importabiles
1990 1655 2188 1682 necessitates.
2207 1656 2288 1689 (111-30..
2303 1657 2347 1687 27,

1337 1700 1385 1726 t'ol.
1407 1702 1467 1732 132,
1487 1706 1516 1726 n⁰
1534 1702 1574 1733 3.)

1377 1790 1391 1809 κ
1421 1804 1440 1810 ..
1474 1780 1704 1821 archiepiscopo
1732 1781 1949 1813 Bmelmrensi.
1979 1784 2165 1823 Postquam
2197 1785 2350 1824 omnipo-

1336 1834 1411 1862 tens
1434 1833 1601 1863 Dominus
1628 1834 1856 1865 humilitatem
1882 1838 2033 1866 nostram
2061 1846 2102 1866 ex
2130 1837 2197 1867 alto
2219 1839 2350 1876 prospi-

1337 1886 1440 1922 ciens,
1476 1886 1665 1916 cervicibus
1706 1888 1844 1924 nostris,
1892 1889 1969 1919 licet
2010 1889 2191 1925 debilibus,
2231 1891 2348 1929 jugum

1337 1939 1520 1977 apostolice
1546 1940 1722 1970 servitutis
1755 1941 1930 1979 imposuit,
1960 1942 2193 1980 importabilia
2224 1943 2350 1972 nostris

1336 1992 1487 2022 humeris
1501 2001 1602 2022 onera
1620 1993 1768 2023 insidere
1786 1994 2033 2032 persensimus,
2053 1997 2083 2024 et
2100 1995 2187 2025 circa
2205 1995 2261 2025 illa
2279 2004 2352 2033 por-

1336 2045 1437 2075 tanda
1455 2047 1609 2075 nostrum
1623 2046 1695 2076 sine
1708 2046 1809 2076 dulJio
1825 2047 2084 2085 recognovimus
2097 2048 2350 2086 imperfectum:

1336 2100 1582 2135 verumtamen,
1604 2101 1768 2138 ponentes
1793 2108 1888 2138 spem
1908 2100 1941 2130 in
1960 2100 2020 2130 illo
2035 2101 2093 2139 qui
2120 2104 2295 2139 sperantes
2319 2102 2350 2131 iu

1337 2160 1372 2182 se
1407 2161 1471 2182 11011
1501 2152 1637 2187 deserit,
1669 2161 1746 2191 erga
1779 2153 1913 2191 singula
1940 2154 2091 2183 studium
2109 2154 2352 2192 possibilitatis

1336 2207 1450 2235 nostre
1479 2206 1720 2240 convertimus,
1746 2206 1920 2236 sollertem
1939 2208 1970 2236 et
1989 2208 2160 2237 et'ticacem
2180 2208 2268 2237 inter
2286 2208 2355 2238 alia

1337 2259 1456 2288 dantes
1474 2267 1570 2296 opem
1586 2261 1617 2289 et
1630 2268 1778 2297 operam,
1798 2262 1833 2289 ut
1852 2260 2005 2290 Romana
2024 2260 2166 2290 ecclesia
2188 2261 2353 2290 relevare-

1336 2313 1392 2342 tur
1406 2312 1612 2350 agrandium
1629 2314 1659 2342 et
1676 2313 1830 2351 gravium
1849 2313 1981 2342 sarcina
2004 2312 2208 2349 debitorum,
2228 2313 2352 2351 quibus

1306 2366 1307 2377 ¹
1338 2374 1411 2394 eam
1430 2365 1665 2404 multipliciter
1692 2365 1884 2395 invenimus
1910 2365 2105 2403 obligatam.
2126 2365 2231 2395 Nobis
2250 2366 2351 2403 igitur

1338 2418 1378 2448 ad
1395 2418 1428 2448 id
1448 2418 1656 2448 incessanter
1675 2418 1949 2457 impendentibus
1962 2418 2083 2457 vigiles
2103 2418 2352 2448 sollicitudines

1339 2474 1369 2500 et
1386 2471 1531 2508 labores,
1552 2472 1593 2501 ad
1610 2472 1693 2501 illud
1708 2472 1778 2510 Jam
1794 2473 1876 2507 erat,
1896 2471 2039 2501 Domino
2063 2473 2274 2510 cooperante,
2298 2471 2352 2501 de-

1338 2526 1488 2559 ventum,
1513 2525 1601 2563 quod
1623 2525 1740 2555 eadem
1764 2524 1906 2554 ecclesia
1933 2524 2122 2554 desiderate
2139 2524 2353 2554 liberationis

1339 2578 1373 2608 in
1394 2578 1532 2608 illorum
1562 2577 1759 2617 degustalmt
1782 2578 2022 2607 exoneratione
2044 2577 2268 2613 dulcedinem,
2288 2587 2352 2616 que

1338 2632 1373 2661 in
1394 2631 1547 2670 ipsorum
1568 2631 1714 2670 pondere
1733 2631 1889 2669 gravium
1915 2631 2172 2669 dispendiorum
2191 2631 2353 2660 amaritu—

1306 2692 1308 2699 ’
1339 2685 1453 2714 (11110111
1471 2686 1623 2714 senserat
1648 2684 1710 2714 sub
1734 2684 1910 2722 cujusdam
1934 2684 2024 2714 tedio
2042 2683 2229 2714 servitutis.
2253 2684 2352 2713 Cum-

1339 2746 1403 2777 que
1419 2738 1488 2776 jam
1506 2737 1623 2767 eadem
1640 2737 1783 2767 ecclesia
1801 2745 1860 2775 per
1872 2738 1986 2766 nostre
2001 2736 2176 2773 diligentie
2201 2737 2350 2766 studium

1339 2791 1447 2830 gratia
1458 2790 1556 2820 nobis
1562 2813 1624 2821 .....
1642 2790 1774 2820 ¹1inalis
1793 2790 1889 2828 quasi
1906 2792 2031 2820 metam
2045 2789 2131 2820 liber
2136 2814 2197 2820 .....
2212 2790 2352 2827 attinge-

1338 2846 1407 2879 ret;
1423 2852 1564 2882 eamque
1582 2851 1797 2882 speraremus
1815 2843 1942 2881 quietis
1961 2842 2136 2873 beneficiis
2142 2864 2204 2873 .....
2229 2843 2352 2880 potitu-

1371 2925 1393 2947 1.
1419 2923 1471 2949 101,
1502 2929 1607 2946 comme,
1633 2922 1704 2946 dans
1729 2921 1771 2946 les
1799 2929 1938 2953 passages
1964 2922 2109 2949 suivants.
2135 2929 2181 2946 ces
2204 2921 2294 2946 series
2317 2922 2350 2946 de

1340 2964 1436 2994 points
1452 2962 1602 2994 indiquent
1617 2962 1666 2986 des
1684 2965 1755 2986 inots
1772 2962 1909 2986 illisibles
1925 2962 1998 2986 dans
2015 2961 2040 2986 10
2054 2962 2225 2986 manuscrit.

2175 3008 2206 3034 Π
