2547 3289
197 223 254 253 146
1006 215 1225 246 REGISTRE
1249 205 1462 245 CAMERAL

195 305 428 345 processerunt
454 312 555 341 snper
573 301 738 331 solutione
755 299 905 338 predicte
925 298 1065 336 pecunie
1078 307 1202 328 merca-

194 358 325 389 toribus
337 357 386 386 rel
403 356 672 394 quibuscumque
686 353 764 382 aliis
778 351 949 387 facienda;
968 353 1023 382 aut
1047 351 1075 381 si
1095 351 1205 381 eidem

195 410 444 447 archiepiscopo
464 418 481 436 a
498 408 576 437 sede
595 406 781 445 apostolica
797 406 841 435 sit
853 404 1036 441 indultum,
1051 404 1139 442 quod
1150 412 1205 433 ex-

194 461 411 496 comunicari,
436 459 596 498 suspendi
617 458 668 488 vel
689 457 844 488 interdici
866 466 931 487 non
949 457 1057 495 possit
1076 465 1134 495 per
1153 456 1204 486 lit-

192 516 282 544 teras
309 513 400 543 sedis
426 512 589 552 ejusdem,
608 520 675 541 non
693 511 855 541 facientes
870 510 1004 548 plenam
1022 510 1054 539 et
1069 517 1205 548 expres-

193 576 264 597 sam
290 575 348 596 5611
377 566 416 596 116
437 565 538 595 verbo
565 564 763 595 adverbum
784 564 823 594 de
851 563 982 593 indulto
1010 562 1204 601 huJ'usmodi

192 621 411 655 mentionem,
422 628 481 649 seu
493 618 612 657 quavis
625 618 692 647 alia
706 617 814 656 ipsius
825 617 916 646 sedis
931 616 1152 654 indulgentia,
1165 615 1204 645 de

193 682 259 712 qna
290 673 441 711 oporteat
474 672 507 701 in
528 670 743 710 presentibus
774 670 846 700 sieri
869 669 1076 699 mentionem
1095 670 1125 698 et
1146 677 1206 707 per

192 735 291 765 quam
311 726 447 756 effeetus
465 725 674 764 presentIum
692 723 851 762 impediri
868 722 975 753 valeat
997 722 1050 752 vel
1063 722 1202 758 differri,

192 780 223 809 et
242 778 482 809 constitutione
502 778 540 807 de
558 777 689 807 duabus
705 776 805 806 dietis
825 776 914 806 edita
936 776 969 805 in
989 775 1131 805 concilio
1154 782 1206 813 ge-

191 832 310 862 nerali.
340 832 505 861 Volumus
525 832 636 861 autem
660 831 693 859 ut
715 829 876 868 quicquid
897 829 937 859 (16
964 828 1118 867 pecunia,
1140 829 1202 857 etc.

191 886 227 915 ut
244 886 277 915 in
294 885 449 924 proxima
469 884 636 922 superiori
657 891 764 922 usque
795 883 828 912 in
843 882 955 911 finem.
977 882 1101 911 Datum
1117 880 1205 919 apud

191 938 481 974 Urbemveterem,
493 947 536 966 vn
545 947 563 966 11
575 936 738 966 kalendas
750 934 955 970 novembris,
969 942 1054 964 anno
1065 934 1177 963 tertio.
1191 944 1205 962 n

728 1115 852 1146 Orvicto,
871 1117 903 1142 25
923 1115 1038 1142 octobre
1058 1116 1133 1141 1263.

280 1120 353 1150 488

228 1203 327 1229 Eidem
345 1202 463 1228 mandat
477 1203 616 1235 quatenus
629 1199 881 1234 llerbipoletanum
899 1198 1064 1233 episcopum
1081 1199 1116 1225 ad
1133 1197 1207 1224 solu-

190 1250 299 1278 tionem
320 1253 413 1278 certac
438 1250 623 1285 pecuniarum
640 1256 771 1275 summae
791 1248 955 1282 compellat,
979 1248 1030 1274 sub
1048 1255 1139 1282 poena
1160 1255 1205 1273 ex-

191 1299 463 1328 communicationis
481 1301 508 1326 et
532 1297 738 1333 suspensionis.
764 1297 842 1332 (Rae.
861 1299 904 1328 27,
925 1297 972 1324 sol.
997 1297 1045 1323 144
1060 1302 1097 1327 v⁰‚
1121 1302 1150 1322 11ο
1171 1298 1205 1328 1.)

232 1407 247 1426 11
269 1396 391 1426 Eidem.
406 1397 480 1426 ι111111
498 1395 624 1425 (111(111111
641 1394 763 1424 dilecto
780 1393 850 1423 silio
869 1393 1010 1423 Lederio
1028 1393 1202 1429 monacho,

193 1451 362 1489 quondam
375 1449 487 1479 abbati
498 1447 697 1478 monasterii
710 1447 750 1477 de
760 1447 943 1477 Billitusen
957 1446 1202 1481 Cirtertiensis,

190 1503 454 1542 Herbipoletane
472 1501 630 1534 diocesis,
649 1500 775 1530 nostris
794 1499 856 1529 sub
874 1501 964 1529 certa
982 1499 1089 1529 forma
1112 1499 1204 1528 dedi-

190 1564 266 1586 mus
283 1555 407 1586 litteris
428 1555 461 1584 in
490 1553 659 1584 mandatis
682 1554 718 1582 ut
743 1553 776 1582 in
801 1552 1033 1582 venerabilem
1063 1552 1203 1581 fratrem

189 1610 343 1639 nostrum
366 1607 668 1645 Herbipoletanum
685 1606 882 1644 episcopum
901 1605 953 1635 vel
969 1613 1202 1635 successorem

191 1662 275 1701 ejus,
295 1661 323 1691 si
346 1661 404 1691 ille
418 1660 559 1690 forsitan
577 1658 794 1695 decessisset,
813 1658 880 1688 nisi
899 1657 940 1687 ab
962 1667 1000 1688 eo
1020 1657 1203 1688 commoni-

188 1717 256 1751 tus,
274 1714 361 1744 infra
374 1713 475 1743 unius
490 1713 569 1742 anni
586 1712 735 1750 spatium
747 1713 824 1750 post
840 1711 1062 1741 monitionem
1079 1711 1202 1749 11151115,

191 1768 422 1807 septingentas
440 1766 615 1805 sexaginta
635 1765 784 1804 quinque
798 1773 931 1794 mareas
946 1764 1200 1803 sterlingorum,

190 1822 225 1851 in
241 1821 364 1860 quibus
383 1828 514 1850 camere
532 1820 645 1849 nostro
669 1818 777 1848 teneri
798 1817 997 1854 dinoscitur,
1024 1818 1113 1847 certo
1129 1817 1202 1847 loeo

190 1875 381 1913 deponeret,
404 1873 539 1902 nomine
558 1880 689 1901 camere
714 1871 892 1906 antedicte‚
918 1871 1204 1901 excomunicatio-

190 1928 244 1957 nis
259 1926 461 1958 sententiam
487 1925 730 1964 promulgaret,
755 1933 791 1954 ac
808 1924 905 1961 alias,
925 1924 953 1954 si
972 1933 1031 1962 per
1050 1933 1201 1954 mensem

190 1990 294 2010 unum
326 1979 518 2019 hujusmodi
554 1979 737 2008 sustineret
764 1977 976 2010 sententiam,
1008 1977 1204 2015 procederet

191 2035 305 2063 contra
335 2042 422 2063 611111.
449 2034 587 2066 Verum,
620 2031 699 2070 quia
718 2032 909 2060 transactus
940 2032 989 2060 est
1010 2038 1118 2059 annus
1132 2029 1203 2068 jam

192 2088 261 2124 11111,
278 2087 365 2125 quod
384 2085 578 2124 hujusmodi
596 2084 708 2114 littere
720 2085 969 2122 processerunt,
990 2083 1137 2113 necdum
1153 2084 1204 2113 est

191 2139 288 2169 nobis
306 2139 345 2169 de
363 2138 491 2177 prefata
507 2137 649 2176 pecunia
665 2136 889 2171 satisfactum,
909 2135 1109 2165 mandamus
1124 2144 1204 2173 qua-

190 2194 290 2222 tenus
312 2192 479 2230 pret'atum
508 2190 705 2229 episcopum
727 2189 779 2218 vel
806 2197 1037 2218 successorem
1064 2188 1148 2227 ejus,
1173 2189 1203 2218 si

192 2245 277 2276 forte
297 2246 353 2275 ille
373 2244 568 2278 decesserit,
587 2243 739 2281 exparte
759 2243 873 2272 nostra
893 2251 952 2281 per
970 2244 1001 2272 te
1017 2242 1070 2272 vel
1096 2242 1203 2272 alium

191 2307 329 2329 moneas
357 2298 519 2328 attentius
546 2298 577 2327 et
602 2296 741 2326 inducas
762 2298 798 2326 ut
818 2295 986 2334 prefatam
1012 2304 1203 2325 marcarum

191 2352 414 2391 quantitatem
434 2351 485 2381 vel
506 2351 533 2380 si
550 2358 651 2388 quam
666 2350 796 2387 partem
812 2349 922 2387 ipsius
941 2348 1126 2378 venerabili
1143 2349 1205 2378 fra-

190 2406 233 2435 tri
257 2406 396 2435 nostro..
416 2404 573 2435 Trecensi
590 2403 748 2441 episcopo
764 2410 825 2440 pro
851 2401 960 2434 nobis,
979 2403 1014 2431 ut
1034 2402 1203 2432 intellexi-

190 2467 279 2492 mus,
292 2458 360 2497 jam
378 2457 550 2496 persolvit,
570 2456 742 2486 residuum
766 2455 853 2485 infra
873 2455 957 2485 duos
973 2463 1107 2485 menses
1128 2456 1204 2493 post

191 2511 412 2542 monitionem
430 2512 534 2546 tuam,
550 2509 612 2539 tibi
627 2508 763 2539 nomine
779 2508 894 2538 nostro
910 2508 1093 2546 persolvat.
1112 2508 1204 2538 Alio-

193 2565 274 2604 quin
292 2565 326 2594 in
342 2573 418 2594 eum
446 2561 771 2593 excomunicationis
790 2561 1006 2597 sententiam,
1027 2562 1087 2591 etc.
1111 2562 1146 2590 ut
1169 2562 1202 2591 in

193 2623 259 2653 alia
274 2630 381 2661 usque
402 2620 568 2651 innovari.
586 2619 681 2655 Quod
709 2619 737 2649 si
760 2627 820 2657 per
835 2626 986 2648 mensem
1007 2627 1112 2648 unum
1130 2627 1203 2649 sen-

192 2677 333 2707 tentiam
359 2675 467 2713 ipsam
499 2673 612 2703 animo
646 2671 849 2702 sustinuerit
879 2671 1046 2704 indurato,
1080 2673 1203 2702 extunc

192 2729 359 2759 vassallos
372 2728 444 2765 ejus
460 2726 500 2756 ab
514 2724 795 2764 ipsiustidelitate
814 2724 983 2760 absolvas,
1004 2732 1041 2754 ac
1057 2733 1098 2754 ex
1109 2726 1202 2763 parte

192 2783 307 2812 nostra
322 2779 548 2820 peremptorie
564 2778 647 2808 cites
677 2777 819 2807 eundem
839 2778 886 2813 ut,
914 2776 1002 2806 infra
1019 2777 1203 2807 terminum

193 2835 448 2873 competentem,
479 2840 578 2871 quem
596 2831 661 2861 sibi
692 2831 831 2861 duxeris
849 2830 1093 2869 prefigendum,
1112 2839 1202 2860 eom-

191 2888 320 2926 pareat,
353 2895 370 2916 a
396 2885 634 2924 temporalium
668 2883 962 2914 administratione
1000 2891 1198 2921 suspensus,

1267 297 1495 336 personaliter
1510 305 1623 327 coram
1643 296 1741 327 nobis
1760 297 1887 327 nostris
1907 297 2131 336 beneplacitis
2154 298 2285 337 paritu-

1266 359 1336 382 rus.
1357 352 1431 382 Non
1452 350 1608 381 obstante
1626 350 1717 389 quod
1732 350 1841 380 eidem
1860 351 2019 389 episcopo
2032 351 2218 381 indulsisse
2233 351 2284 381 di-

1267 405 1376 435 cimur
1402 404 1492 443 quod
1515 404 1557 433 ad
1581 403 1786 433 solutionem
1804 403 1996 434 debitorum
2017 412 2157 434 suorum
2175 413 2282 443 usque

1266 457 1309 488 ad
1326 458 1455 488 certum
1482 459 1617 495 tempus
1638 456 1779 486 minime
1796 458 1978 494 teneretur,
1999 466 2059 488 nec
2077 457 2117 487 ad
2137 457 2169 487 id
2195 466 2285 488 coin-

1266 510 1349 549 pelli
1369 511 1483 549 posset
1511 519 1571 549 per
1599 510 1732 540 litteras
1763 510 1948 548 apostolice
1970 510 2061 540 sedis
2081 510 2284 549 impetratas

1266 563 1321 593 vel
1344 563 1447 593 etiam
1476 563 1719 601 impetrandas,
1740 571 1804 601 que
1821 562 1955 601 plenam
1978 564 2009 593 et
2029 571 2227 602 expressam
2246 572 2284 593 ac

1267 615 1308 646 de
1330 615 1432 646 verbo
1458 617 1499 646 ad
1519 616 1660 646 verbum
1686 616 1725 646 de
1743 615 1874 646 indulto
1893 615 2089 654 hujusmodi
2111 625 2177 646 non
2198 616 2283 647 face-

1266 668 1583 708 rentssmentioneim
1607 677 1667 699 seu
1688 668 1839 708 qualibet
1857 668 1925 698 alia
1944 669 2035 699 sedis
2056 669 2207 708 ejusdem
2234 670 2286 699 in-

1266 721 1452 761 dulgentia,
1487 730 1547 761 per
1576 731 1676 761 quam
1709 722 1847 752 effectus
1878 722 2090 760 presentium
2123 722 2283 761 impediri

1266 775 1376 806 valeat
1394 775 1447 805 vel
1467 775 1720 814 quomodolibet
1734 775 1912 810 retardari,
1933 777 1964 805 et
1983 776 2224 806 constitutione
2242 776 2285 806 de

1267 828 1398 859 duabus
1418 828 1530 865 dietis,
1545 830 1606 859 etc.
1624 830 1661 859 ut
1678 829 1712 858 in
1732 828 1888 867 proxima
1901 829 2069 867 superiori
2085 837 2145 868 per
2160 831 2282 859 totum.

1266 881 1493 922 Datumjapud
1508 881 1797 917 Urbemveterem,
1816 892 1872 911 vin
1892 882 2055 912 kalendas
2073 882 2283 919 novembris,

1267 944 1353 966 anno
1374 935 1484 965 tertio.
1508 944 1523 963 ))

1358 1117 1430 1148 489
1810 1115 1934 1148 Orvicto,
1953 1116 1982 1142 31
2002 1116 2117 1142 octobre
2135 1116 2210 1142 1263.

1302 1195 1402 1222 Eidem
1420 1196 1537 1222 mandat
1556 1197 1697 1229 quatenus
1716 1195 1963 1230 archiepiscopum
1986 1196 2169 1223 Bremensem
2187 1196 2223 1223 ad
2240 1204 2285 1222 so-

1266 1244 1406 1271 lutionem
1415 1247 1510 1271 certae
1522 1243 1708 1278 pecuniarum
1721 1251 1852 1270 summae
1863 1244 2002 1271 ecclesiae
2015 1245 2160 1271 Romanae
2170 1244 2284 1271 debitae

1266 1293 1428 1328 compellat.
1449 1293 1527 1325 (Rau.
1546 1294 1590 1324 27,
1608 1292 1656 1320 sol.
1678 1293 1726 1319 {42
1742 1299 1778 1324 νο,
1797 1299 1826 1319 11ο
1843 1294 1880 1326 2.)

1307 1387 1443 1425 [Eidem]
1460 1387 1467 1405 ¹
1484 1388 1568 1417 Cum
1584 1387 1789 1417 venerabilis
1806 1388 1910 1418 frater
1928 1390 2067 1419 noster..
2082 1389 2282 1419 Bremensis

1265 1440 1551 1478 archiepiscopus,
1587 1440 1669 1470 olim
1703 1441 1855 1479 tempore
1890 1441 2001 1471 felicis
2034 1442 2281 1473 recordationis

1265 1493 1451 1524 Alexandri
1468 1502 1565 1532 pape,
1584 1493 1834 1532 predecessoris
1846 1494 1966 1530 nostri,
1981 1495 2046 1524 duo
2063 1495 2158 1525 milia
2178 1495 2281 1527 libra-

1264 1555 1339 1576 rum
1372 1547 1645 1585 provenientium
1678 1549 1817 1577 senatus
1844 1547 1997 1586 ejusdem
2026 1549 2283 1586 predecessoris

1264 1608 1394 1629 camere
1412 1608 1447 1630 se
1460 1600 1619 1639 promisit
1637 1600 1841 1634 soluturum‚
1853 1609 1913 1631 nec
1927 1601 1968 1631 de
1984 1601 2052 1631 hiis
2062 1603 2280 1640 postmodum

1264 1653 1373 1683 eidem
1393 1653 1626 1691 predecessori
1644 1653 1697 1683 vel
1722 1652 1819 1683 nobis
1848 1653 1950 1684 fuerit
1979 1654 2013 1683 in
2039 1654 2153 1693 aliquo
2179 1655 2280 1685 satis—

1264 1707 1402 1741 factum,
1421 1707 1623 1736 mandamus
1640 1708 1807 1745 quatenus
1823 1707 1967 1737 eundem
1987 1707 2280 1747 archiepiscopum

1263 1760 1316 1790 vel
1333 1768 1563 1790 successorem
1582 1760 1666 1798 ejus,
1682 1760 1711 1789 si
1731 1760 1788 1790 ille
1807 1760 1892 1790 forte
1910 1760 2107 1796 decesserit,
2128 1770 2168 1791 ex
2185 1764 2283 1800 parte

1264 1815 1378 1844 nostra
1396 1822 1455 1852 per
1478 1815 1510 1844 te
1543 1813 1596 1843 vel
1622 1813 1728 1843 alium
1756 1815 1918 1844 attentius
1948 1822 2087 1844 moneas
2114 1817 2161 1851 ut,
2192 1814 2283 1845 infra

1263 1867 1348 1897 duos
1367 1875 1501 1897 menses
1514 1868 1589 1905 post
1607 1867 1829 1897 monitionem
1841 1869 1945 1903 tuam,
1959 1868 2126 1906 prefatam
2139 1869 2283 1907 pecunie

1264 1920 1487 1959 quantitatem
1512 1920 1575 1950 tibi
1606 1921 1741 1950 nomine
1768 1922 1884 1951 nostro
1903 1921 2086 1959 persolvat.
2114 1922 2280 1961 Alioquin

1265 1974 1299 2003 in
1324 1974 1437 2012 ipsum
1464 1974 1791 2004 excomunicationis
1820 1974 2022 2004 sententiam
2051 1983 2116 2004 non
2143 1975 2284 2006 (litteras

1264 2027 1490 2065 promulgare,
1512 2029 1574 2056 etc.
1593 2028 1627 2056 nt
1648 2036 1750 2065 snpra
1769 2027 1801 2056 in
1822 2027 1977 2065 proxima
1996 2036 2056 2066 per
2072 2029 2192 2057 totum.
2214 2029 2283 2058 Da-

1264 2081 1336 2110 tum
1368 2080 1456 2118 apud
1490 2079 1777 2114 Frbeinvetcrem,
1815 2090 1835 2109 11
1870 2080 2035 2111 kalendas
2070 2081 2279 2116 novembris,

1265 2142 1351 2164 anno
1369 2134 1479 2164 tertio,

1355 2309 1428 2340 1190
1806 2306 1931 2338 Orvieto,
1950 2308 1978 2333 31
1998 2307 2113 2334 octobre
2133 2308 2207 2334 11113.

1300 2387 1399 2414 Ε1116111
1418 2387 1535 2414 mandat
1564 2389 1703 2421 quatenus
1733 2386 1981 2421 archiepiscopum
2012 2387 2213 2413 Coloniensem
2247 2387 2284 2414 ad

1265 2436 1437 2463 solutionem
1464 2439 1558 2463 certae
1587 2436 1773 2470 pecuniarum
1800 2444 1931 2463 summae
1963 2435 2104 2463 ecclesiae
2134 2437 2285 2463 Romanae

1264 2485 1376 2512 debitae
1393 2485 1558 2520 compellat.
1575 2485 1653 2519 (Rau.
1672 2485 1716 2516 ⁵27,
1735 2485 1782 2512 sol.
1804 2485 1853 2512 l'ki·
1871 2491 1908 2517 ν’,
1925 2491 1956 2511 11⁰
1973 2486 2012 2518 3.)

1305 2588 1320 2608 11
1341 2578 1491 2618 [Eidem]
1512 2579 1522 2597 2
1542 2577 1758 2608 Venerabilis
1778 2577 1879 2608 frater
1898 2578 2037 2607 noster..
2057 2576 2283 2615 archiepisco-

1265 2641 1328 2671 pus
1344 2632 1559 2663 Coloniensis
1579 2631 1667 2670 apud
1685 2631 1800 2661 sedem
1819 2631 2040 2670 apostolicam
2059 2630 2278 2666 constitutus,

1265 2685 1387 2715 dilecto
1407 2684 1478 2715 filio
1498 2685 1609 2721 Petro,
1630 2686 1709 2715 tunc
1720 2684 1845 2715 decano
1865 2693 1951 2714 nunc
1970 2683 2206 2713 archidiacono
2222 2682 2281 2712 Se·

1265 2738 1419 2774 1101161151,
1437 2738 1573 2768 1101111116
1597 2746 1728 2768 camere
1747 2740 1871 2771 nostre,
1888 2737 1954 2767 duo
1975 2736 2069 2767 milia
2085 2743 2277 2765 marcarum

1296 2852 1317 2876 1.
1332 2852 1369 2876 Le
1385 2852 1516 2882 Registre
1534 2858 1566 2875 116
1584 2851 1675 2875 donne
1692 2858 1743 2882 pas
1760 2850 1898 2875 l'adresse
1911 2850 1944 2873 de
1964 2851 2035 2874 cette
2053 2848 2146 2872 lettre.

1295 2892 1318 2916 2.
1334 2891 1425 2916 1116111(-
1442 2891 1636 2916 observation.
