2547 3289
1096 268 1330 305 DEUXIEME
1350 269 1513 307 ANNFJE.

301 362 319 384 ((
333 353 492 392 Maqistris
518 352 654 383 Germ'o'o
675 353 711 384 de
726 353 940 389 Abbaiisvilla,
958 355 1174 384 archidiacono
1192 356 1274 385 Pon-

260 405 382 435 tiviensc‘
408 406 441 434 in
468 405 593 436 ecclesia
620 407 817 436 Ambianensat
843 412 869 435 el
903 408 1049 437 Clementi
1075 407 1111 437 [ίο
1137 409 1172 438 S.
1197 408 1272 438 Grv-

260 468 360 492 mano,
388 459 533 488 canonico
563 459 741 489 parisiensi.
768 460 964 490 Venerabili
989 461 1090 491 tratre
1116 463 1270 494 nostr0.,‚

258 512 448 542 Parisiensi
477 513 646 552 episcopo,
676 513 882 548 insinuante,
899 514 1090 552 accepimus
1111 515 1212 552 quod,
1233 515 1271 543 li-

259 567 311 594 cet
329 567 584 595 conservatores
609 574 710 605 super
741 566 883 596 indultis
902 566 1159 605 privilegiorum
1175 575 1271 605 apos-

256 617 434 648 tolicorum
451 627 470 648 a
493 619 571 648 sede
597 619 783 658 apostolica
802 619 951 657 deputati
981 628 998 649 a
1016 620 1208 649 manifestis
1225 620 1272 648 in—

253 670 356 709 juriis
383 673 415 701 et
434 671 608 702 violentiis
626 672 800 702 dumtaxat
822 672 1000 701 defendere
1028 673 1161 710 possint
1180 673 1268 708 illos,

257 732 343 763 quos
374 724 423 754 eis
453 724 681 754 defendendos
708 725 806 754 sedes
831 725 1011 754 committit
1038 725 1200 763 predicta.
1221 727 1268 760 tu.

256 777 305 806 tili
329 777 574 813 archidiacone,
604 779 822 807 conservator
843 777 1100 815 privilegiorum
1119 777 1206 807 diCte
1222 786 1270 806 se-

255 829 309 859 dis
327 830 461 860 dilectis
478 830 560 859 filiis
574 830 748 868 magistris
764 830 794 859 et
809 829 998 859 scolaribus
1014 829 1269 859 Parisiensihus

258 890 509 917 concessorum,
527 890 546 911 a
571 882 649 911 sede
667 882 849 920 deputatus
873 882 989 911 eadem
1011 884 1041 911 et
1062 882 1124 918 illi,
1145 882 1269 920 quibus

254 937 331 965 tuas
350 935 384 964 in
398 935 457 965 hac
477 936 571 973 parte
590 935 693 970 viceS,
711 936 810 972 prout
829 943 869 964 ex
892 934 999 964 forma
1018 935 1269 965 commissionis

255 988 439 1026 apostolice
465 996 566 1026 super
591 987 652 1017 hoc
670 987 732 1017 tibi
749 988 833 1017 facte
854 989 962 1026 potes,
982 988 1179 1023 committis,
1197 997 1269 1018 ves-

252 1041 341 1070 tram
358 1041 399 1070 ad
416 1049 454 1070 ea
468 1040 507 1070 de
525 1040 612 1070 facto
629 1041 843 1078 potestatem,
864 1049 928 1079 que
944 1041 1141 1080 judicialem
1159 1042 1269 1080 requi·

252 1095 331 1123 runt
348 1093 553 1132 indaginem,
573 1094 806 1127 extendentes,
827 1094 866 1123 de
884 1094 996 1123 causis
1015 1095 1222 1132 pecuniariis
1238 1097 1269 1124 et

253 1146 343 1180 aliis,
376 1146 448 1176 sive
477 1146 588 1176 reales
612 1146 683 1176 sive
709 1146 906 1185 personales
929 1147 1079 1177 actiones
1109 1147 1268 1177 intentari

251 1199 435 1237 contingat,
470 1199 511 1229 ad
546 1199 714 1229 dictorum
746 1199 987 1238 magistrorum
1017 1201 1049 1230 et
1084 1200 1267 1230 scolarium

249 1251 449 1282 instantiam
472 1260 531 1290 pro
547 1254 661 1282 vestra
678 1252 881 1291 cognoscitis
899 1252 1084 1287 voluntate,
1110 1262 1147 1282 ac
1171 1253 1268 1282 cleri·
1299 1261 1300 1268 ¹

250 1314 307 1335 cos
325 1306 357 1335 et
388 1305 505 1339 laicos,
526 1314 611 1344 quos
635 1305 742 1344 aliqui
770 1314 812 1335 ex
828 1306 1002 1344 magistris
1027 1308 1057 1336 et
1079 1306 1267 1336 scolaribus

250 1358 337 1397 ipsis
355 1358 422 1388 sihi
439 1367 540 1397 super
559 1358 673 1397 aliquo
689 1359 844 1398 injuriari
861 1361 1065 1398 proponunt,
1087 1359 1268 1389 undecum-

249 1420 314 1450 que
341 1411 420 1448 sint,
449 1412 491 1441 ad
514 1413 662 1442 vestram
688 1412 802 1442 facitis
827 1413 1035 1451 presentiam
1054 1413 1197 1443 evocari.
1216 1413 1267 1443 Ex

247 1473 312 1504 quo
331 1465 366 1494 in
393 1464 550 1503 pluribus
574 1465 659 1495 locis
685 1465 883 1495 scandalum
903 1467 1059 1496 exortum
1089 1469 1139 1496 est
1156 1468 1187 1496 et
1206 1466 1265 1496 ali-

249 1517 374 1556 quibus
393 1518 495 1548 etiam
525 1518 561 1548 in
583 1519 740 1557 personis
758 1520 790 1549 et
809 1518 911 1549 rebus
929 1528 995 1549 non
1022 1519 1193 1549 modicum
1212 1520 1267 1549 de-

248 1573 415 1610 rogatum.
432 1572 575 1610 Propter
585 1572 687 1611 quod,
705 1573 742 1602 ut
758 1573 988 1611 predictorum
1007 1573 1266 1611 privilegiorum

248 1624 425 1663 magistris
446 1626 478 1655 et
505 1625 695 1655 scolaribus
723 1635 962 1656 concessorum
980 1626 1109 1656 eisdem
1133 1635 1266 1656 conser-

246 1677 338 1708 vatio
355 1677 427 1707 sine
444 1677 639 1717 calumpnia
656 1678 724 1715 fiat,
749 1679 1008 1709 commissiones
1026 1687 1143 1709 omnes
1164 1687 1266 1717 super

246 1730 308 1760 hoc
327 1739 345 1760 a
371 1732 415 1767 te,
438 1731 684 1768 archidiacone,
703 1732 820 1768 factas,
837 1732 943 1762 salvis
959 1733 1136 1762 dumtaxat
1154 1731 1266 1771 legiti-

247 1784 314 1813 mis
331 1784 551 1822 processibus
579 1793 695 1815 earum
724 1787 881 1823 pretextu
910 1785 1047 1821 habitis,
1065 1785 1264 1816 auctoritate

246 1837 459 1876 presentium
487 1838 624 1876 penitus
655 1840 862 1875 revocantes,
882 1840 925 1875 te,
954 1839 1000 1868 fili
1031 1838 1200 1875 Clemens,
1230 1839 1265 1868 in

247 1890 505 1920 conservatione
531 1891 726 1930 huiusmodi
744 1891 819 1928 tihi,
836 1892 885 1921 fili
904 1891 1150 1926 archidiacone,
1168 1892 1265 1922 duxi-

246 1952 325 1972 mus
343 1943 604 1982 adjungendum.
633 1945 797 1980 Quocirca
815 1945 1016 1975 mandamus
1043 1945 1204 1983 quatinus
1220 1945 1264 1974 si-

245 1995 318 2026 mul
336 1996 370 2026 in
399 1998 656 2028 conservat-ione
674 1998 760 2037 ipsa,
783 1998 881 2037 juxta
905 1998 1047 2028 formam
1064 1997 1138 2034 tibi,
1159 1998 1265 2028 archi-

244 2049 396 2086 diacone,
413 2058 473 2088 per
491 2051 698 2089 apostolicas
714 2051 847 2082 litteras
864 2051 1036 2086 traditam,
1057 2051 1262 2089 procedatis.

244 2102 370 2132 Datum
389 2103 478 2141 apud
494 2103 785 2139 Urhemveteoem,
798 2114 848 2134 1111
862 2104 1026 2134 kalendas
1045 2103 1260 2143 septembris,

246 2163 334 2185 anno
351 2155 394 2186 11⁰
415 2165 430 2184 ))

851 2337 976 2369 Orrieto,
991 2339 1007 2364 ἴ)
1023 2339 1090 2364 notit
1110 2338 1188 2364 1203.

335 2339 404 2370 361

281 2424 460 2459 Dispensatio
492 2432 576 2459 super
605 2425 771 2452 residentia.
801 2425 879 2460 (Rea.
909 2426 952 2457 26,
985 2426 1051 2452 anni
1081 2426 1112 2456 11,
1141 2429 1173 2452 n⁰
1197 2427 1259 2457 223,

242 2471 295 2500 fol.
318 2473 391 2508 1217)

285 2589 300 2605 «
318 2577 467 2617 Mayislro
497 2577 670 2607 Theobaldo
697 2577 733 2607 de
756 2577 898 2615 Pone-cio,
921 2579 1042 2608 cantori
1062 2578 1182 2608 ecclesie
1199 2578 1260 2608 Do-

243 2631 344 2661 lensis.
359 2631 461 2661 Viros
475 2630 667 2660 litterarum
682 2631 791 2668 gratia
807 2631 970 2669 preditos,
991 2640 1124 2662 morum
1139 2631 1259 2661 hones-

242 2686 312 2716 tate
341 2684 480 2714 decoros
506 2685 538 2714 et
565 2683 747 2714 virtutibus
770 2683 957 2720 redimitos,
986 2685 1146 2723 precipue
1174 2692 1260 2723 quos

242 2738 463 2777 augmentum
490 2736 596 2775 gratie
628 2738 743 2767 nostre
771 2737 963 2767 devotionis
991 2738 1104 2768 studio
1136 2737 1259 2767 mereri

240 2790 483 2830 prospicimus,
506 2789 651 2820 libenter
672 2789 800 2820 favoris
817 2790 995 2829 apostolici
1017 2791 1126 2829 gratia
1143 2798 1259 2830 preve-

241 2844 368 2874 nimus.
394 2843 434 2873 In
459 2844 492 2873 te
520 2843 623 2882 igitur
647 2843 857 2873 attendentes
880 2843 1045 2873 virtutum
1069 2844 1168 2878 dona,
1195 2852 1259 2882 que

239 2896 303 2928 tibi
327 2896 438 2926 virtus
460 2896 596 2926 donavit
619 2895 812 2932 Altissimi‚
836 2897 868 2926 et
892 2895 1091 2926 thesaurum
1117 2896 1258 2927 scientie

240 2958 307 2990 quo
329 2950 362 2980 te
383 2949 504 2980 ditavit
525 2949 691 2988 sapientie
715 2949 859 2988 spiritus
882 2948 1127 2985 habundanter,
1148 2949 1183 2979 in
1200 2948 1255 2979 ha-

2288 284 2343 312 173

1336 356 1521 387 bundantia
1539 357 1766 388 benivolentie
1789 361 1926 396 paterne
1949 362 2141 397 pensantes,
2163 362 2344 399 petitiones

1333 412 1409 440 tuas
1435 411 1577 441 libenter
1601 412 1770 445 audimus,
1794 421 1851 442 eas
1874 413 1915 442 ad
1938 414 2166 443 exauditionis
2185 416 2341 453 gratiam,

1334 465 1431 501 prout
1453 465 1545 494 decet
1564 467 1593 494 et
1614 465 1761 503 expedit,
1782 465 2011 496 admittentes.
2031 467 2096 497 Por
2115 470 2217 504 rien-ta
2235 469 2342 507 siqni-

1333 516 1407 545 dem
1428 526 1467 546 ex
1487 520 1578 555 parte
1595 527 1650 548 tua
1677 518 1773 548 nohis
1794 519 1913 557 petitio
1938 520 2129 550 continebat
2149 521 2247 559 qnod,
2267 532 2342 551 cum

1335 568 1367 597 in
1386 570 1527 599 emh-sia
1544 571 1682 601 hoiensi
1699 571 1738 600 de
1753 572 1997 602 consuetudine
2012 575 2101 603 essct
2118 573 2289 604 obtentum
2308 577 2343 605 ut

1332 629 1474 658 persone
1506 623 1613 661 ipsius
1645 624 1786 653 ecclesie
1819 626 2002 663 proventus
2034 628 2277 663 personatuum
2311 630 2341 657 et

1332 673 1546 712 dignitatum,
1566 686 1650 714 quos
1667 677 1698 706 in
1715 685 1752 705 ea
1769 676 1975 712 obtinebant,
1995 679 2145 716 exceptis
2164 679 2342 709 cotidianis

1332 726 1641 763 distriluititmilnus,
1672 730 1702 758 in
1726 729 1879 760 absentia
1897 740 1957 760 sua
1974 731 2197 770 perciperent,
2216 733 2341 771 capitu-

1332 778 1401 808 lum
1416 780 1502 810 dirte
1517 781 1668 813 ecclesie.
1683 792 1741 820 pro
1754 792 1813 812 sue
1826 784 2010 813 voluntatis
2025 784 2134 819 libito,
2152 787 2340 816 statuerunt

1331 833 1366 860 ut
1397 841 1539 870 persone
1565 834 1715 871 ejusdem
1746 836 1886 865 ecclesie
1916 837 1948 866 in
1978 837 2131 867 absentia
2159 840 2343 876 proventus

1299 886 1301 903 i
1331 884 1523 923 hujusmodi
1542 894 1606 915 non
1622 888 1819 925 perrapiant,
1839 889 1884 918 ita
1899 891 2009 919 tamen
2023 891 2111 928 quod
2126 900 2190 921 non
2208 892 2248 921 ad
2265 892 2342 921 illos

1332 938 1389 976 qui
1408 940 1484 968 tun«-
1498 942 1591 968 erant.
1610 940 1641 968 in
1655 941 1806 978 predicta
1822 941 1976 977 ecclesia,
1994 943 2051 972 sed
2071 944 2110 973 ad
2127 953 2342 975 successores

1332 990 1484 1028 ipsorum
1508 992 1681 1022 dumtaxat
1703 996 1867 1024 statutum
1893 995 2087 1033 hujusmodi
2109 1006 2144 1026 se
2170 998 2340 1028 extendat.

1332 1044 1415 1073 Cum
1434 1047 1545 1075 autem
1564 1047 1598 1075 tu
1620 1047 1804 1076 cantoriam
1824 1047 1856 1076 in
1875 1048 1990 1078 eadem
2010 1050 2152 1079 ecclesia
2171 1051 2287 1085 fueris,
2309 1053 2340 1081 ut

1331 1098 1470 1131 asseriS,
1495 1100 1711 1136 postmodum
1737 1102 1925 1137 assecutus,
1952 1101 2048 1131 nohis
2072 1102 2246 1133 humiliter
2268 1112 2343 1142 sup-

1330 1150 1464 1189 plicasti
1490 1153 1523 1181 ut
1550 1152 1610 1181 tibi
1628 1161 1729 1191 super
1750 1153 1810 1182 hoc
1828 1154 2004 1192 providere
2022 1157 2161 1193 paterna
2179 1156 2342 1186 sollicitu-

1331 1204 1408 1234 dine
1436 1214 1643 1235 curaremus.
1676 1207 1747 1236 Nos
1784 1207 1909 1245 itaque,
1938 1208 2007 1237 tuis
2037 1209 2343 1247 supplicationibus

1331 1257 1496 1291 inclinati,
1520 1260 1554 1288 ut
1575 1261 1760 1297 proventus
1778 1260 1927 1290 cantorie
1949 1270 1985 1291 ac
2003 1261 2184 1300 prehende,
2205 1271 2289 1301 quas
2309 1263 2341 1293 in

1330 1311 1417 1341 dicta
1454 1312 1597 1342 eeclesia
1640 1312 1783 1349 obtines,
1823 1314 2003 1344 cotidianis
2044 1315 2343 1346 distributionibus

1330 1364 1505 1394 dumtaxat
1531 1366 1693 1404 exeeptis,
1714 1366 1813 1404 juxta
1832 1366 2028 1405 hujusmodi
2051 1369 2341 1403 consuetudinem,

1329 1417 1479 1455 predicto
1498 1419 1636 1452 statuto,
1649 1419 1854 1457 juramento,
1872 1421 2126 1451 confirmatione
2143 1422 2235 1451 sedis
2247 1431 2343 1461 apos-

1328 1470 1428 1500 tolice
1439 1471 1492 1501 vel
1505 1480 1716 1511 quacumque
1729 1472 1796 1502 alia
1806 1473 1965 1504 firmitate
1978 1474 2113 1507 vallato,
2128 1483 2341 1514 nequaquam

1329 1523 1494 1560 obstante,
1508 1525 1681 1564 percipere
1699 1526 1824 1562 valeas,
1842 1527 2042 1557 auctoritate
2056 1527 2117 1557 tibi
2132 1529 2341 1566 presentium

1328 1576 1555 1616 indulgemus.
1580 1578 1676 1608 Nulli
1694 1587 1772 1618 ergo
1798 1581 1911 1610 nostre
1931 1581 2173 1614 concessionis,
2193 1582 2254 1612 etc.
2276 1582 2340 1611 Da-

1327 1632 1399 1660 tum
1429 1631 1517 1669 apud
1547 1631 1836 1669 Urbemveterem‚
1868 1633 1967 1663 nonis
1997 1634 2143 1672 augusti,
2173 1642 2259 1664 anno
2291 1644 2340 1665 se-

1328 1683 1447 1713 cundo.
1467 1696 1481 1711 »

1935 1884 2058 1916 Orvieto,
2075 1887 2090 1911 ι’)
2106 1888 2171 1912 110111
2193 1887 2267 1913 1263.

1416 1886 1489 1916 362

1361 1971 1398 1997 De
1421 1971 1600 1997 absolutione
1624 1971 1729 1998 civium
1746 1972 1977 1998 Florentinorum
1995 1973 2177 1999 redeuntium
2201 1975 2236 2000 ad
2257 1982 2338 2001 [nau-

1325 2020 1423 2046 datum
1442 2020 1570 2046 ecclesie.
1596 2020 1667 2046 Item
1686 2021 1719 2047 de
1745 2021 1846 2047 eodem
1868 2021 1952 2053 infra,
1971 2022 2095 2056 capitulo
2116 2023 2242 2049 ‹ItIXXV.
2267 2023 2338 2050 item

1324 2069 1448 2103 capitulo
1469 2070 1598 2096 ccxxvi
1618 2070 1635 2095 ¹.
1653 2070 1732 2104 (1100.
1754 2072 1797 2100 213,
1815 2070 1882 2096 anni
1899 2070 1932 2101 11,
1951 2078 1981 2096 110
1996 2071 2058 2101 221,
2077 2071 2126 2098 t'ol.
2146 2073 2217 2103 122.)

1365 2185 1379 2199 «
1412 2197 1440 2202 ..
1473 2172 1577 2201 abbati
1602 2182 1626 2202 s.
1650 2172 1801 2210 Genovefe
1828 2172 2022 2208 Parisieusz's,
2047 2179 2076 2202 et
2104 2173 2277 2203 Percevallo
2301 2174 2338 2204 <le

1323 2225 1472 2262 Lat-ania,
1497 2226 1642 2255 canonico
1662 2225 1784 2255 ecclesie
1800 2226 1990 2266 Bajocensis.
2011 2227 2102 2257 Olim
2121 2227 2155 2257 in
2174 2228 2227 2257 die
2249 2228 2336 2258 Cene

1322 2279 1461 2309 Domini
1474 2280 1631 2318 proximo
1644 2280 1820 2318 preterito.
1838 2280 1928 2309 cives
1943 2279 2170 2315 Florentinos,
2186 2281 2244 2319 qui
2257 2281 2336 2311 civi-

1322 2334 1426 2363 tatem
1460 2333 1692 2363 Florentinam
1720 2333 1782 2363 hoc
1808 2334 1959 2371 tempore
1990 2333 2152 2368 detinent,
2179 2337 2335 2372 presente

1321 2387 1401 2416 tunc
1428 2386 1519 2416 fideli
1536 2386 1673 2425 populo,
1694 2386 1875 2416 manifeste
1894 2387 2089 2416 monuinms
2107 2388 2223 2425 eisque
2239 2396 2334 2426 apos-

1321 2439 1422 2469 tolica
1448 2440 1647 2470 auctoritate
1672 2440 1682 2459 ²
1706 2439 1858 2469 districte
1882 2439 2090 2478 precipimus
2115 2441 2272 2478 utusque
2293 2441 2333 2470 ad

1322 2502 1468 2532 sequens
1484 2494 1563 2523 tunc
1588 2493 1712 2523 festum
1730 2492 1952 2522 Ascensionis
1968 2493 2147 2529 dominice,
2167 2494 2255 2531 quod
2273 2503 2334 2532 pro

1320 2546 1549 2585 peremptorio
1568 2546 1617 2576 eis
1634 2545 1835 2584 prefiximus
1854 2545 2011 2581 termino,
2034 2545 2074 2575 ab
2094 2546 2185 2575 omni
2206 2546 2331 2584 favore,

1321 2608 1421 2638 quem
1436 2599 1636 2638 impendunt
1653 2598 1839 2634 Maufred0‚
1860 2598 2031 2636 quondam
2048 2599 2194 2638 principi
2212 2600 2334 2630 Taren-

1319 2653 1402 2688 tino,
1428 2652 1638 2690 persecutori
1661 2651 1802 2681 ecclesie
1826 2651 2016 2686 manifesto,
2037 2651 2213 2689 desistere,
2232 2661 2269 2683 ac
2291 2654 2333 2684 ad

1320 2705 1517 2736 mandatum
1544 2706 1575 2735 et
1603 2705 1818 2735 devotionem
1849 2704 1990 2734 ecclesie
2018 2704 2194 2736 humiliter
2222 2707 2333 2737 redire

1290 2774 1291 2783 1
1321 2759 1487 2794 curarent,
1512 2759 1626 2796 aperte
1643 2758 1855 2796 predicentes
1874 2757 2003 2788 eisdem
2021 2758 2122 2796 quod,
2148 2759 2177 2788 si
2205 2760 2333 2790 nostris

1290 2650 1291 2666 i

1289 2680 1291 2701 t

1289 2732 1291 2743 1

1289 2744 1291 2759 t

1289 2796 1291 2813 t

1290 2820 1291 2840 i

1290 2843 1291 2860 i

1320 2820 1422 2850 super
1435 2811 1496 2842 hoc
1515 2819 1582 2841 non
1599 2811 1852 2850 acquiescerent
1867 2810 2007 2841 monitis
2023 2813 2054 2841 et
2069 2812 2252 2851 preceptis,
2271 2822 2332 2844 nos

1353 2913 1374 2935 ¹,
1395 2911 1432 2936 Ce
1450 2910 1562 2935 resume
1577 2918 1607 2934 se
1623 2910 1656 2934 lit
1672 2917 1705 2934 en
1723 2917 1819 2941 marge
1836 2910 1873 2934 du
1887 2910 2029 2941 Registre.

1351 2957 1374 2980 2.
1393 2957 1446 2981 Ces
1465 2955 1536 2980 trois
1553 2955 1684 2979 derniers
1702 2957 1774 2979 mois
1790 2957 1855 2979 sont.
1872 2954 1974 2980 reerits
1991 2962 2042 2980 sur
2056 2963 2094 2980 un
2111 2958 2250 2986 grattage.
