2547 3289
197 257 237 285 ‹52›
945 249 1193 279 iii-:Gis'rnsss
1220 248 1429 279 neumis
1454 249 1513 278 iv.

198 341 344 377 «qusdeni
374 337 519 376 episcopi
546 336 661 366 cedere
688 335 769 365 sorte
800 335 1058 373 contempneret,
1082 335 1201 364 extunc

197 394 268 422 sive
294 391 421 421 cederet
447 390 517 419 sive
536 397 599 419 non
622 388 760 422 cederet,
786 389 916 417 vacaret
936 387 1021 417 idem
1040 388 1202 416 monaste-

199 446 282 474 rium
296 452 332 473 eo
346 442 575 481 ips0.Inte1·im
592 449 782 479 1111011110,110
800 440 924 478 aliquid
938 439 1085 469 debonis
1099 439 1204 478 ipsius

199 495 385 526 monasterii
406 503 463 534 per
480 502 722 533 quamcumque
740 492 951 523 alienationis
967 492 1109 531 speciem
1129 492 1205 522 alie-

199 550 300 584 naret,
319 549 405 578 idem
423 547 602 577 cardinalis
617 546 809 577 auctoritate
828 545 1007 584 apostolica
1025 545 1089 574 sibi
1106 554 1205 583 super

199 603 257 631 hoc
273 600 462 634 commissa,
480 600 589 629 abbati
608 599 734 637 prefato
755 598 898 628 inhibuit
915 600 944 628 et
962 598 1092 636 penitus
1110 598 1205 627 inter-

195 654 279 684 dixit
302 653 518 683 alienationes
544 652 658 689 siquas
682 652 801 681 extunc
818 650 949 684 faceret,
967 651 1079 680 eadem
1097 651 1205 680 aucto-

199 707 290 736 ritate
308 706 488 736 decernens
512 704 623 735 irritas
641 705 671 734 et
696 704 823 738 inanes,
849 703 947 733 certis
965 703 1040 732 aliis·
1056 703 1205 733 articulis

198 760 230 789 in
250 759 353 789 forma
376 758 482 797 ipsius
505 757 723 787 ordinationis
749 756 895 794 adjectis,
922 757 1019 795 prout
1038 765 1070 785 111
1088 756 1206 785 litteris

196 811 354 842 confectis
370 811 488 841 exinde
506 810 584 840 dicti
602 810 780 839 cardinalis
794 809 904 847 sigillo
922 809 1058 838 munitis
1074 809 1206 847 plenius

196 865 393 895 continetur.
409 864 479 893 Hac
496 864 606 901 itaque
623 862 942 900 ordinatione,quam
961 862 1067 891 dictus
1081 861 1204 900 episco-

198 927 269 956 pus,
280 917 364 947 sicut
382 915 572 954 fertur,jam
591 915 777 945 obtinuerat
791 924 850 954 per
865 915 976 944 sedem
991 914 1205 953 apostolicali]

196 969 447 1005 consti-marma
466 970 610 998 nostram
624 968 837 1007 perveniente
852 967 1012 1001 notitiam,
1032 968 1206 997 1105011011-

198 1023 313 1053 dentes
337 1022 423 1061 1111011
440 1022 534 1051 etatis
552 1022 704 1060 provecte
724 1021 896 1051 maturItas
916 1020 1054 1050 dubium
1073 1020 1206 1050 sinistre

197 1075 393 1114 suspitionis
412 1074 586 1104 videbatur
608 1073 793 1109 excludere,
816 1073 850 1103 111
871 1073 986 1103 eodem
1003 1073 1119 1102 abbate
1137 1073 1205 1110 qui,

197 1128 272 1157 licet
289 1127 414 1157 diutius
430 1127 537 1157 cidem
551 1126 715 1165 profuisse
729 1125 1118 1161 monasteriodiceretur,
1136 1125 1207 1155 nul-

198 1181 263 1210 11111
288 1181 395 1210 tamen
415 1180 513 1209 etiam
530 1180 678 1217 ternpore
691 1179 889 1217 juventutis,
910 1179 941 1208 ut
962 1187 1205 1216 acceperamus,

200 1235 309 1263 notam
321 1232 544 1271 ‹lainpnabilis
555 1232 700 1261 levitatis
712 1232 905 1265 incurrerat,
918 1233 1096 1269 pensantes
1107 1231 1206 1260 etiam

197 1286 283 1324 quod
302 1286 387 1315 idem
404 1285 654 1319 monasterium,
675 1284 761 1322 quod
778 1292 835 1322 per
852 1284 1047 1313 industriam
1066 1285 1097 1313 et
1119 1283 1206 1313 solli-

196 1339 376 1368 ‹dtndinem
420 1338 526 1376 ipsius
569 1337 739 1367 dicebatur
778 1337 979 1366 incrementa
1009 1336 1207 1374 multiplicia

198 1391 397 1430 suscepisse,
423 1390 451 1420 si
475 1391 582 1419 dictus
608 1390 710 1419 abbas
726 1390 855 1419 cederet
879 1389 950 1427 ejus
976 1389 1140 1426 regimini,
1166 1397 1207 1417 ex

198 1444 368 1473 vacatione
385 1443 513 1472 diutina
528 1451 627 1480 quam
642 1442 725 1471 solet
742 1441 930 1479 frequenter
946 1441 1100 1470 inducere
1117 1442 1204 1470 voto-

198 1506 269 1526 rutn
292 1495 480 1531 diversitas,
501 1503 634 1533 gravem
650 1495 761 1533 posset
778 1494 811 1523 in
831 1494 1062 1532 spiritualibus
1079 1495 1110 1523 et
1124 1495 1204 1523 tein-

198 1549 367 1587 poralilms
394 1548 562 1577 incurrere
588 1547 760 1582 lesionem,
787 1547 828 1576 ad
855 1546 1047 1576 instantiam
1076 1546 1204 1575 abbatis

195 1602 341 1641 ejusdem
369 1601 495 1640 prefato
520 1600 674 1638 episcopo
698 1608 757 1637 per
780 1599 906 1629 litteras
929 1601 1057 1629 nostras
1078 1608 1141 1638 que
1166 1600 1205 1629 de

193 1654 444 1684 confirmatione
467 1653 624 1692 jamdicte
651 1652 870 1682 ordinationis
897 1661 959 1682 non
978 1652 1125 1682 fecerunt
1148 1652 1204 1682 ali-

192 1716 292 1745 quan]
323 1707 537 1740 mentionem,
565 1705 696 1735 dedisse
727 1705 869 1734 dicimur
896 1705 929 1734 in
958 1705 1135 1740 mandatis,
1170 1707 1205 1734 ut

194 1760 335 1789 eundem
359 1759 510 1789 abbatem
536 1758 638 1788 libere
663 1758 866 1796 permitteret
885 1758 1039 1795 regimini
1056 1758 1203 1796 ejusdem

196 1813 387 1842 monasterii
405 1811 571 1850 presidere
595 1819 630 1840 ac
650 1819 762 1848 gerere
782 1811 866 1840 sicut
885 1811 977 1849 prius
997 1811 1029 1840 in
1049 1811 1205 1841 omnibus

192 1874 304 1895 curam
331 1865 412 1904 ejus,
437 1874 499 1894 non
524 1864 733 1893 obstantibus
758 1864 965 1893 ordinatione
990 1863 1148 1901 predicta,
1173 1866 1204 1894 et

193 1917 559 1957 quibuslibetarticulis
584 1917 616 1946 in
646 1917 718 1955 Ipsa
736 1917 910 1951 contentis,
938 1917 1002 1945 nisi
1026 1926 1125 1955 super
1143 1917 1204 1946 hoc

194 1971 285 2001 alind
302 1971 408 2000 ei'tezn
425 1970 578 2008 episcopo
603 1969 847 2002 mandaremus,
859 1970 888 1998 et
904 1969 1114 1999 decrevimus
1132 1970 1203 1999 irri-

193 2026 262 2054 tu1n
280 2025 310 2054 et
328 2023 437 2056 inane,
461 2023 489 2051 si
506 2031 601 2051 secus·
620 2031 719 2060 super
736 2022 799 2050 hiis
817 2021 989 2059 eontigerit
1005 2022 1203 2060 attemptari.

195 2078 349 2107 Ceterum
376 2075 516 2105 eundem
537 2074 687 2103 abbatem
713 2074 838 2103 moneri
860 2074 998 2103 fecimus
1027 2074 1206 2112 0111001115-

193 2129 322 2159 trictius
350 2129 491 2167 injungi,
518 2129 550 2157 ut
575 2136 682 2156 mores
703 2128 732 2156 et
755 2129 847 2156 artus
866 2136 944 2156 suos
972 2127 1017 2156 sic
1035 2136 1091 2165 per
1117 2127 1204 2156 viam
1235 2158 1236 2163 ¹

1235 2174 1237 2193 ⁵
1265 2180 1384 2210 habeat
1401 2179 1434 2208 in
1450 2178 1708 2211 eadeingverum
1725 2176 1885 2213 contingit
1903 2176 2068 2205 interdum
2086 2175 2278 2213 quod,epis-

196 2182 315 2211 salutis
337 2184 366 2211 et
393 2180 574 2211 honestatis
592 2180 758 2217 dirigeret,
776 2180 863 2217 «prod
881 2179 942 2209 sub
967 2180 1127 2217 regimine
1145 2189 1204 2209 suo

194 2235 433 2271 gubernaretur
452 2233 629 2263 salubriter
647 2233 883 2262 monasterium
906 2233 1142 2270 supradictvnn.
1169 2233 1204 2263 si
1236 2244 1237 2272 ;

1236 2297 1237 2305 ¹
1267 2286 1338 2315 sius
1359 2285 1508 2318 ecclesie,
1529 2283 1569 2313 ad
1583 2291 1667 2321 quos
1685 2282 1719 2312 in
1735 2290 1771 2312 ea
1794 2282 1934 2320 pertinet
1949 2281 2080 2311 collatio
2097 2280 2278 2319 prebenda-

1236 2342 1237 2350 *
1268 2346 1353 2372 rum,
1378 2336 1579 2376 prebendam
1602 2343 1701 2374 quam
1718 2335 1838 2364 cedens
1856 2334 1907 2364 vel
1924 2334 2085 2364 decedens
2102 2333 2278 2373 episcopus

1236 2409 1237 2417 1
1267 2392 1300 2421 111
1318 2391 1393 2429 ipsa
1407 2389 1558 2423 obtinuit,
1577 2388 1634 2418 atii
1650 2387 1823 2418 conserunt
1835 2396 1894 2425 pro
1905 2395 1964 2417 sue
1976 2387 2070 2416 libito
2083 2386 2278 2420 voluntatis,

196 2296 271 2317 vcro
292 2287 377 2317 idern
400 2286 502 2316 abbas
526 2285 672 2315 deviaret
697 2285 728 2314 in
748 2284 808 2314 hoe.
826 2294 844 2314 a
862 2285 996 2314 monitis
1013 2285 1204 2324 apostolicis

195 2343 222 2370 e!
243 2339 420 2373 mandatis,
447 2338 681 2369 mandavimus
699 2338 786 2376 quod
812 2339 1014 2367 memoratus
1030 2338 1205 2376 episcopus

197 2395 227 2423 id
258 2393 351 2423 nobis
378 2401 435 2431 per
455 2402 529 2422 snas
554 2391 679 2421 litteras
704 2391 879 2420 intimaret.
905 2390 989 2420 Nam
1014 2391 1101 2420 circa
1124 2391 1203 2420 dicti

195 2445 387 2477 monasterii
414 2446 534 2474 statum
552 2452 747 2483 prosperum
769 2443 1023 2473 intendebamus
1039 2452 1204 2482 apponere

195 2499 373 2530 consilium
389 2499 600 2537 oportunum.
620 2496 957 2535 Cumquejanulictus
974 2496 1075 2526 abbas
1089 2497 1203 2526 rediis-

196 2554 245 2583 set
273 2552 314 2582 ad
341 2550 579 2581 monasterinm
612 2549 859 2588 supradictum,
887 2550 918 2579 et
943 2549 1039 2587 juxta
1065 2549 1204 2578 sormam

196 2606 280 2635 dicte
299 2603 520 2635 ordinationis
538 2603 687 2641 ejusdem
711 2602 901 2632 monasterii
922 2602 1075 2640 regimini
1096 2610 1203 2640 prese-

192 2657 307 2692 disset,
324 2657 457 2686 tandem
474 2655 708 2694 comperimus,
727 2655 823 2693 prout
839 2654 978 2684 habebat
995 2655 1203 2692 quorundam

198 2709 438 2747 naengum-am
458 2708 582 2743 relatio,
600 2716 659 2737 nos
672 2708 775 2737 fuisse
791 2707 830 2737 de
846 2707 962 2746 prefati
977 2707 1105 2736 abbatis
1120 2707 1206 2736 sama

195 2762 362 2792 «tuleritis
375 2762 629 2791 circumventos.
647 2760 730 2790 Nam
744 2760 943 2790 venerabilis
955 2760 1203 2790 fraternoster..
1236 2799 1237 2805 ἵ

1236 2820 1237 2828 ’
1266 2813 1325 2842 tati
1353 2812 1502 2851 ejusdem
1527 2811 1665 2842 ecclesie
1695 2810 1880 2849 providere,
1909 2809 2088 2839 statuimus
2117 2817 2153 2838 ac
2176 2807 2274 2838 etiam

194 2814 465 2853 archiepiscopus
481 2813 768 2849 'l'uroncnsis,loci
787 2812 1073 2851 metropolitanus,
1089 2813 1120 2842 et
1135 2821 1206 2851 pre-

195 2867 317 2897 libatus
342 2866 519 2905 episcopus
546 2865 643 2895 nobis
666 2874 724 2903 per
747 2874 824 2895 suas
850 2865 976 2895 litteras
997 2865 1201 2900 intimarunt,

193 2919 640 2959 11i1.)(li‹le1nabbaspropter
655 2927 789 2957 gravem
805 2928 869 2957 qua
881 2918 1201 2955 laboratinfamiam,
1232 2933 1235 2957 ,⁴

1263 343 1329 364 non
1352 335 1479 373 poterat
1507 334 1540 364 in
1569 334 1731 371 regimine
1753 334 1830 364 dicti
1856 334 2048 365 monasterii
2075 335 2147 365 sine
2174 335 2270 374 gravi

1262 387 1418 417 scandalo
1435 388 1656 421 remanere‚et
1670 387 1817 425 quod,eo
1833 387 1880 417 sic
1896 387 2094 426 presidente,
2105 389 2271 417 monaste-

1262 439 1347 470 rium
1367 441 1476 478 ipsum
1496 440 1612 479 gravia
1629 441 1754 478 poterat
1775 440 1942 470 incurrere
1965 440 2175 470 detrimenta.
2202 440 2272 470 Nos

1262 493 1371 531 itaque
1388 493 1537 522 nolentes
1557 493 1644 531 quod
1661 492 1748 523 idem
1766 493 2004 523 monasterium
2022 493 2084 523 hac
2099 493 2272 523 occasione

1262 545 1392 575 labatur
1409 545 1442 575 in
1458 545 1661 579 malum,sed
1676 554 1702 575 c.
1718 569 1729 583 1
1743 546 1846 575 1νκνῐο5
1854 546 1976 584 potius,
1987 547 2021 576 ut
2034 546 2104 576 Deo
2114 545 2270 585 propitio,

1261 598 1427 628 relevetur
1442 607 1461 628 a
1476 598 1586 628 noxiis
1602 599 1633 628 et
1649 606 1803 637 prospere
1820 598 1994 637 dirigatur,
2012 598 2205 629 discretioni
2217 599 2272 628 tue

1260 660 1319 690 per
1345 651 1526 690 apostolica
1548 652 1671 689 scripta
1699 651 1910 685 mandamus
1936 653 2100 689 quatenus
2129 651 2271 681 eundem

1261 704 1413 734 abbatem
1436 712 1476 733 ex
1499 705 1589 742 parte
1609 705 1719 734 nostra
1739 712 1876 734 moneas
1893 704 2072 735 efficaciter
2087 706 2118 734 et
2133 705 2272 734 inducas

1262 759 1295 787 ut
1315 757 1402 786 infra
1419 766 1522 786 unum
1550 765 1698 787 inensem
1725 758 1799 796 post
1821 757 2038 787 monitionem
2056 759 2147 787 tuam
2168 757 2272 787 libere

1262 811 1355 840 cedat
1370 810 1524 848 regimini
1542 810 1734 840 monasterii
1759 810 1942 840 memorati.
1961 810 2028 839 Nos
2047 810 2135 839 enim
2152 812 2273 840 extunc

1263 864 1334 893 sive
1350 863 1496 897 cesserit,
1513 863 1584 892 sive
1604 872 1668 893 non
1685 863 1832 897 cesserit.
1848 863 2013 901 prefatum
2031 863 2270 893 monasterium

1263 917 1474 946 decernimus
1507 916 1643 946 omnino
1676 925 1805 946 vacare.
1837 917 1883 945 't'u
1915 924 2005 950 vero,
2038 915 2132 945 finito
2164 915 2272 953 spatio

1262 969 1388 1000 mensis
1404 969 1563 1007 ejusdem,
1584 969 1704 999 dictam
1722 969 1966 999 ordinationem
1982 968 2053 999 sive
2067 968 2153 998 idem
2171 968 2274 998 abbas

1263 1022 1410 1057 cesserit,
1434 1022 1505 1052 sive
1529 1031 1595 1052 non
1622 1022 1770 1057 cesserit,
1793 1031 1859 1052 non
1884 1021 2093 1051 obstantibus
2118 1021 2275 1060 predictis·

1263 1084 1322 1106 seu
1344 1075 1549 1114 quibuslibet
1564 1075 1641 1105 aliis
1659 1075 1778 1105 litteris
1799 1075 1922 1105 nostris
1939 1075 2150 1113 postmodum
2172 1074 2277 1113 impe-

1263 1129 1369 1164 tratis,
1390 1129 1493 1158 sacias
1515 1137 1573 1167 per
1590 1130 1620 1158 te
1638 1128 1689 1158 vel
1712 1137 1770 1167 per
1785 1128 1887 1157 alium
1908 1127 2145 1157 inviolabiliter
2163 1127 2278 1156 obser-

1264 1182 1347 1212 vari.
1375 1181 1641 1211 Contradictores
1659 1183 1719 1211 etc.
1740 1198 1777 1202 —-
1792 1182 1858 1211 Nos
1887 1182 1997 1210 autem
2015 1189 2145 1210 exnunc
2168 1180 2275 1209 decer-

1264 1235 1374 1264 nimus
1404 1235 1536 1264 irritum
1562 1235 1592 1263 et
1622 1234 1732 1269 inane,
1766 1234 1794 1263 si
1820 1243 1915 1263 secus
1944 1235 2057 1263 contra
2082 1232 2274 1270 hujusmodi

1264 1287 1411 1317 mandati
1430 1287 1533 1317 nostri
1554 1289 1699 1317 tenorem
1717 1296 1736 1316 a
1751 1295 1960 1325 quocumque
1977 1286 2119 1315 extiterit
2137 1287 2275 1324 attemp—

1264 1342 1380 1370 tatum.
1407 1341 1531 1370 Datum
1557 1340 1645 1378 apud
1673 1340 1955 1372 usheim-olorem,
1984 1349 2019 1367 111
2046 1339 2120 1368 idus
2142 1346 2277 1368 noveni-

1263 1393 1344 1427 bris,
1360 1401 1447 1422 anno
1467 1397 1514 1422 11⁰,
1529 1404 1543 1419 »

1800 1547 1925 1581 Ori-icto,
1942 1549 1975 1573 27
1988 1547 2103 1574 octobre
2125 1548 2203 1574 ¹262.

1338 1551 1402 1581 161

1300 1634 1438 1668 Episcopo
1456 1632 1628 1659 Virdunensi
1647 1632 1774 1667 indulget
1794 1634 1824 1659 ut
1842 1632 1965 1667 episcopi
1984 1632 2171 1659 Virdunensis
2193 1640 2276 1666 prae-

1265 1683 1400 1713 bendam,
1422 1690 1508 1716 quam
1530 1682 1673 1708 obtinebat
1703 1681 1903 1715 praedecessor
1922 1683 2050 1715 tempore
2067 1681 2206 1708 cessionis
2232 1681 2275 1707 vel

1265 1732 1379 1763 mortis,
1396 1734 1443 1757 aut
1465 1739 1560 1764 suam,
1577 1731 1600 1757 si
1621 1730 1751 1757 canonici
1770 1730 1857 1765 ipsius
1879 1731 2014 1757 ecclesiae
2032 1732 2097 1757 ante
2118 1730 2276 1764 promotio-

1265 1789 1331 1807 nem
1359 1789 1441 1806 sunni
1470 1781 1563 1810 erant,
1585 1779 1662 1806 licite
1687 1779 1810 1805 retinere
1836 1779 1960 1808 valeant,
1987 1780 2066 1814 (Rea.
2091 1780 2135 1811 26,
2158 1778 2207 1806 rol.
2232 1780 2276 1810 55,

1264 1830 1334 1856 anni
1351 1829 1385 1862 ΙΙ,
1401 1833 1432 1855 n⁰
1449 1830 1506 1863 23.)

1308 1928 1321 1942 1<
1357 1939 1376 1945 ..
1410 1915 1548 1954 episeopo
1580 1912 1768 1942 tr'irdimensi.
1810 1911 1963 1941 Exhibita
1994 1911 2090 1941 nobis
2118 1919 2159 1941 ex
2185 1911 2279 1949 parte

1267 1972 1323 1998 tua
1339 1968 1452 2007 petitio
1476 1966 1662 1996 continebat
1680 1965 1767 2003 1111011
1784 1965 1822 1995 de
1841 1965 1978 2003 antiqua
2000 1966 2031 1994 et
2051 1963 2232 2002 approbata
2247 1964 2279 1993 et

1266 2021 1425 2050 hactenus
1437 2020 1572 2059 pacifice
1585 2018 1759 2049 obsta-vata
1770 2017 2008 2047 consuetudine
2022 2017 2055 2047 in
2072 2016 2277 2047 Yirdunensi

1266 2074 1404 2104 ecclesia
1429 2074 1477 2102 est
1502 2072 1684 2105 obtentum,
1711 2073 1742 2100 ut
1772 2070 1991 2100 Yirdunensis
2018 2070 2206 2108 episcopus,
2221 2069 2277 2108 qui

1266 2127 1373 2157 eidem
1399 2125 1535 2156 ecclesie
1560 2134 1619 2163 pro
1644 2126 1789 2162 tempore
1815 2125 1934 2162 preest.
1959 2131 2057 2152 unam
2075 2122 2278 2161 prebendam

1266 2242 1347 2271 copo
1364 2231 1568 2261 Yirdunensi
1583 2231 1719 2260 cedente
1738 2229 1788 2259 vel
1811 2229 1999 2262 decedente,
2027 2228 2208 2267 capitulum
2232 2228 2278 2266 ip-

1267 2442 1369 2480 1111111ιί
1389 2441 1487 2471 etiam
1500 2442 1763 2479 perexecutores
1789 2439 1852 2469 sibi
1869 2448 1887 2469 a
1916 2439 1992 2468 sede
2022 2438 2202 2477 apostolica
2225 2437 2278 2467 de-

1268 2496 1410 2534 putatos,
1435 2495 1474 2524 de
1492 2494 1659 2532 prebenda
1678 2493 1870 2532 hujusmodi
1888 2500 1923 2521 se
1958 2491 2123 2521 interdum
2152 2490 2279 2520 faciunt

1267 2547 1431 2583 investiri,
1471 2547 1583 2585 sicque
1610 2554 1836 2576 successorem
1867 2544 2013 2584 episcopi
2046 2544 2152 2582 ipsius
2177 2551 2278 2583 snper

1267 2600 1469 2639 assignanda
1500 2599 1564 2629 sibi
1588 2599 1753 2638 prebenda
1781 2599 1815 2628 111
1843 2598 1958 2628 eadem
1990 2597 2130 2627 ecclesia
2163 2597 2277 2635 sepius

1268 2654 1396 2692 litigare
1422 2653 1594 2691 contingit,
1613 2654 1643 2682 et
1660 2661 1700 2682 ex
1723 2653 1783 2681 1100
1806 2651 1973 2681 incurrere
1997 2650 2176 2680 multorum
2202 2649 2277 2680 odia

1268 2709 1298 2737 et
1316 2707 1415 2736 etiam
1444 2706 1555 2735 subire
1586 2714 1685 2735 onera
1712 2712 1944 2743 expensarum.
1973 2703 2041 2733 Nos
2073 2703 2181 2741 itaque
2209 2702 2277 2732 tuis

1267 2758 1568 2798 supplicationibus
1595 2757 1756 2792 inclinati,
1785 2757 1932 2787 volentes
1953 2756 2026 2795 paci
2046 2757 2077 2786 et
2094 2754 2277 2793 tranquilli·

1267 2865 1474 2899 ordinamus,
1499 2865 1533 2894 ut
1564 2864 1698 2894 cedente
1723 2863 1775 2893 vei
1799 2863 1975 2893 decedente
1997 2864 2027 2892 te
2053 2861 2104 2892 vel
2126 2860 2276 2899 quolibet

1267 2918 1332 2948 alio
1357 2917 1512 2956 episcopo
1531 2916 1747 2951 virdunensi,
1768 2916 1796 2946 is
1813 2915 1869 2954 qui
1889 2915 1923 2945 in
1941 2915 2130 2953 episcopatu
2146 2921 2276 2943 sueces-
