2547 3289
1056 212 1294 250 'rt-ausimne
1316 213 1478 249 ANNJJAE.

222 309 334 346 partes
360 317 545 341 assumere,
568 308 647 346 quia
678 308 788 337 tamen
813 307 857 341 id,
876 306 971 343 juxta
1003 305 1111 343 ipsius
1141 304 1232 333 sedis

222 360 401 396 desideria,
421 361 596 398 provenire
617 369 680 389 11011
700 359 819 398 potuit,
838 359 971 388 tandem
999 358 1232 396 procuratores

224 414 398 443 memorati
419 414 507 451 regis
529 413 686 448 castelle,
705 414 738 442 in
759 414 874 442 nostra
894 413 925 441 et
945 411 1085 440 fratrum
1108 411 1234 439 nostro·
1263 447 1264 451 Ἰ

222 475 296 496 rum
322 466 496 496 constituti
524 466 705 505 presentia,
734 466 819 495 inter
843 468 950 495 cetera
976 473 1049 493 cum
1074 463 1233 503 instantia

222 520 435 558 postularunt
459 520 522 558 ipsi
550 519 618 557 regi
646 520 843 548 consuetum
870 518 1018 547 savorem
1037 518 1069 546 et
1087 516 1233 545 debitam

223 572 255 601 in
274 572 466 611 hujusmodi
484 572 794 611 negotiojustitiam
812 570 974 600 exhiberi.
996 570 1234 599 Ι’101111111101051

224 634 300 655 vero
320 626 495 655 memorati
516 625 669 655 Hiccardi
692 625 796 654 simili
816 623 977 662 petitione
1001 632 1037 651 ac
1063 622 1234 651 nonnullis

223 678 300 707 aliis
314 678 502 716 premissis,
516 686 578 715 que
596 677 757 715 putabant
770 685 828 705 sue
844 675 1021 706 intentioni
1039 683 1233 711 congruere,

224 730 428 765 obtulerunt,
447 730 519 767 ejus
535 730 679 763 nomine,
695 738 730 758 se
747 731 894 766 paratos,
909 730 1072 766 <plantum
1086 726 1233 756 mandati
1263 722 1265 740 ἦ

224 783 312 821 quod
341 783 381 812 ab
407 783 523 812 eodem
552 783 589 812 Η.
618 781 796 815 habebant,
823 789 858 810 sc
886 781 975 810 vires
1002 780 1232 813 extenderent,
1264 783 1265 786 ’

223 835 363 865 ecclesie
381 836 531 865 Romane
555 844 591 863 ac
612 836 765 863 nostrum
785 833 900 863 subire
916 833 1094 871 judicium,
1113 832 1141 861 si
1158 831 1235 869 quis

224 888 365 918 forsitan
399 889 574 926 appareret
604 887 660 925 qui
693 895 769 916 eum
798 895 900 924 super
931 885 1108 923 premissis
1134 885 1236 914 vellet

224 942 385 979 impetere
414 943 470 971 aut
498 941 626 979 aliquid
649 948 835 978 proponere
862 948 919 977 per
944 938 1031 976 quod
1064 939 1179 976 posset
1205 938 1233 967 ei

222 994 444 1033 prejudicium
458 994 622 1033 generari.
636 994 707 1023 Nos
720 994 832 1022 autem
845 991 1041 1023 eorumdem
1052 991 1234 1020 electorum

224 1047 449 1081 concordiam,
466 1049 626 1085 tanquam
648 1046 710 1076 toti
730 1045 853 1075 mundo
872 1045 1051 1083 perutilem
1070 1043 1236 1081 nobisque

225 1109 260 1130 ac
282 1100 390 1139 ipsius
409 1100 549 1130 ecclesie
570 1100 721 1130 Romane
737 1099 897 1133 votivam,
917 1099 947 1127 ct
967 1097 1140 1135 pacificam
1165 1105 1237 1134 pre-

224 1154 303 1183 dicti
320 1153 567 1183 ordinationem
584 1152 722 1191 Imperii
738 1152 844 1182 multo
859 1151 1091 1181 desiderantes
1104 1150 1235 1183 affectu,

224 1206 488 1236 deliberavimus
503 1206 551 1235 sic
563 1205 719 1244 petitioni
732 1204 919 1235 exhibende
929 1204 1072 1242 justitie,
1085 1203 1236 1241 adquam

225 1260 372 1298 partium
399 1260 561 1289 instantia
581 1268 642 1289 nos
661 1258 809 1298 cogebat,
830 1266 990 1292 annuere,
1011 1257 1101 1295 quod
1119 1258 1238 1286 tracta-

226 1315 279 1343 tus
308 1313 496 1348 concordie,
527 1313 568 1342 ad
597 1321 681 1351 quos
711 1313 826 1342 nostra
852 1310 1045 1348 suspirabat
1074 1311 1106 1340 et
1131 1309 1238 1339 adhuc

225 1366 374 1404 suspirat
394 1366 546 1402 intentio,
567 1374 780 1404 nequaquam
799 1365 954 1394 deserere
973 1363 1176 1393 videremus.
1197 1363 1238 1392 Et

224 1419 299 1449 ideo
322 1419 363 1449 ad
390 1419 526 1449 eosdem
555 1419 680 1449 electos
709 1417 845 1448 rmntios
874 1418 1006 1447 nostros
1033 1416 1089 1454 qui
1116 1425 1173 1446 eos
1197 1417 1235 1445 ad

224 1473 317 1510 pacis
336 1472 500 1502 unitatem
527 1472 735 1507 inducerent,
763 1471 924 1500 duxinms
944 1469 1174 1502 destinandos,
1200 1478 1237 1499 ac

225 1527 316 1564 ipsos
333 1525 587 1559 nichilominus,
608 1525 647 1554 de
668 1525 897 1563 predictorum
916 1523 1057 1553 fratrum
1082 1523 1235 1553 consilio.

224 1587 283 1617 per
311 1578 447 1608 eosdem
474 1579 612 1608 nuntios
642 1578 737 1608 citari
765 1577 918 1613 fecimus,
948 1578 983 1606 ut
1009 1576 1155 1606 secundo
1184 1576 1237 1606 die

225 1631 353 1661 mensis
373 1631 453 1661 maii
473 1632 629 1669 proximo
657 1631 821 1670 preteriti,
840 1630 1024 1668 apostolico
1043 1630 1237 1667 conspectui

225 1693 260 1714 se
279 1694 338 1723 per
355 1686 592 1723 procuratores
612 1685 761 1722 ydoneos
780 1684 1026 1722 presentarent,
1045 1683 1103 1721 qni
1123 1692 1238 1713 eorum

225 1737 430 1768 conscientie
457 1738 595 1773 conscii,
615 1737 805 1776 legitimum
829 1739 859 1766 et
882 1736 1019 1774 plenum
1042 1736 1238 1766 mandatum

226 1790 266 1820 ab
294 1790 380 1829 ipsis
410 1790 585 1825 haberent,
617 1791 659 1819 ad
688 1790 780 1828 pacis
807 1790 1000 1824 tractatum,
1027 1788 1055 1818 si
1084 1789 1252 1820 Dominus

226 1843 433 1879 concederet,
463 1843 660 1878 ineundum,
691 1845 722 1873 et
751 1843 792 1872 ad
822 1842 1071 1880 procedendum
1102 1842 1135 1872 in
1165 1843 1239 1881 ipso

226 1897 370 1936 negotio,
390 1900 487 1935 prout
502 1897 619 1926 honori
637 1896 777 1926 ecclesie
795 1905 831 1925 ac
846 1897 987 1934 pensata
1002 1895 1081 1925 talis
1102 1897 1133 1925 et
1155 1897 1239 1926 tanti

225 1950 419 1980 condicione
439 1949 562 1988 negotii
583 1949 742 1988 expedire
763 1949 834 1978 sine
853 1949 981 1978 offensa
1001 1948 1133 1985 justitie
1151 1949 1240 1978 vide-

225 2012 350 2037 remus,
371 2003 457 2032 sicut
477 2003 509 2032 in
527 2003 652 2032 litteras
670 2002 796 2032 nostris
810 2010 912 2040 super
928 2000 1147 2031 citationibus
1167 2010 1239 2031 con-

226 2057 322 2086 fectis
343 2056 537 2094 hujusmodi
556 2056 690 2094 plenius
708 2055 909 2085 continetur.
932 2054 1141 2084 Adveniente
1160 2063 1238 2084 vero

224 2110 369 2140 termino
395 2110 580 2139 memorato
607 2111 638 2139 et
664 2117 723 2147 pro
746 2109 863 2138 eodem
888 2108 927 2138 R.
957 2107 1090 2137 nemine
1109 2116 1240 2146 compa-

225 2165 317 2193 rente
340 2171 416 2193 cuni
440 2162 622 2192 sufficienti
643 2162 798 2192 mandato
819 2162 860 2191 ad
879 2170 916 2191 ea
933 2170 996 2200 que
1013 2161 1046 2190 in
1072 2162 1239 2199 premisso

225 2216 438 2246 continentur
453 2215 624 2245 citationis
642 2215 763 2251 edicto,
783 2214 987 2245 venerabilis
1006 2214 1108 2244 frater
1127 2216 1240 2243 noster

224 2268 401 2304 Martinus,
431 2268 652 2307 Legtonensis
677 2268 870 2306 episcopus,
900 2269 931 2297 et
955 2267 1070 2297 dilecti
1090 2267 1152 2296 filii
1172 2276 1239 2297 ma-

223 2322 319 2360 gistri
340 2322 511 2351 Johannes
530 2322 674 2357 Α11101151,
689 2321 910 2360 cappellanus
930 2323 1054 2357 noster,
1077 2312 1241 2351 archidia-

224 2384 328 2405 conus
355 2375 663 2413 Compostellanus,
684 2376 715 2404 et
741 2375 910 2405 Radult'us
931 2375 970 2404 de
999 2374 1240 2404 Podio-Bonizi

226 2429 462 2467 comparentes
489 2437 548 2466 pro
577 2428 695 2458 eodem
725 2436 813 2466 rege,
840 2437 877 2457 ac
905 2427 967 2457 sub
992 2427 1104 2466 sigillo
1132 2427 1242 2466 ipsius

226 2481 359 2510 litteras
379 2480 589 2515 exhibentes,
607 2489 665 2519 per
679 2489 764 2519 quas
778 2483 848 2510 tam
866 2489 981 2510 eorum
998 2481 1122 2518 singuli
1140 2489 1240 2519 quam

226 2533 433 2563 venerabilis
453 2534 555 2563 t'rater
574 2535 687 2564 noster
702 2534 755 2569 G„
774 2534 942 2563 Silvensis
960 2533 1151 2572 episcopus,
1168 2542 1243 2572 pro-

227 2587 410 2620 curatores,
431 2589 572 2620 actores,
594 2587 809 2625 negotiorum
835 2588 986 2625 gestores
1012 2586 1052 2616 ab
1072 2587 1144 2624 ipso
1165 2595 1241 2625 rege

226 2640 479 2670 constituuntur
496 2642 527 2670 et
545 2641 743 2670 ordinantur
770 2640 804 2669 111
827 2640 985 2675 solidum,
1006 2640 1051 2669 ita
1069 2640 1157 2678 quod
1176 2648 1241 2670 non

227 2694 271 2724 sit
289 2693 440 2724 condicio
465 2693 584 2723 melior
612 2694 821 2732 occupantis,
847 2693 887 2723 ad
906 2693 1085 2731 petendum
1099 2692 1127 2722 'a
1145 2693 1243 2723 nobis

228 2746 365 2785 Imperii
380 2755 548 2782 coronam,
564 2756 665 2785 quam
682 2747 770 2776 idem
788 2755 847 2776 rex
865 2745 931 2775 sibi
947 2745 1094 2776 debitam
1107 2746 1240 2782 asserit,

228 2801 259 2829 et
277 2800 318 2829 ad
337 2799 515 2838 agendum⁷
536 2800 822 2838 respondendum,
843 2799 1091 2829 defendendum
1108 2800 1140 2829 et
1158 2800 1242 2829 trac-

228 2853 366 2882 tandum
392 2853 469 2890 jura
500 2862 561 2883 sua
594 2853 734 2892 Imperii
765 2862 802 2883 ac
831 2852 945 2882 omnia
975 2852 1097 2882 factum
1129 2852 1242 2891 ipsum

229 2906 467 2944 contingentia,
490 2909 522 2936 et
543 2906 705 2944 quicquid
722 2906 841 2936 honori
866 2906 1017 2944 ejusdem
1035 2905 1124 2944 regis
1143 2914 1242 2944 expe-

359 2968 497 2995 URBAIN
521 2968 574 3001 IV,
596 2970 617 2995 t.
638 2968 677 2999 ΙΙ,
700 2969 764 3001 Regy.
785 2968 846 2995 ord.

2245 224 2302 252 337

1294 304 1365 333 <lire
1386 305 1549 337 vi‹ler‹2·ut‚
1576 304 1646 333 sive
1673 304 1703 333 in
1728 305 1897 333 ordinario
1925 306 1994 334 sire
2019 306 2050 334 in
2074 305 2303 334 extraordina-

1295 357 1344 386 rio
1369 357 1496 394 jmlicio
1525 358 1693 395 agm‘etur,
1726 358 1811 386 inm·
1844 358 1909 386 alia
1940 358 2105 395 petierunt
2137 358 2301 395 prosatum

1295 419 1406 448 regem
1426 410 1464 439 :ul
1489 410 1740 448 suscipiendum
1767 410 1806 439 «lv
1835 411 1959 439 nostris
1983 410 2140 439 manibus
2169 411 2301 448 Imperii

1295 462 1448 491 diadema
1468 463 1590 493 vocari.
1612 465 1637 492 et
1656 463 1751 499 juxta
1771 463 1948 500 [aditiones
1968 463 2052 491 alias
2071 465 2239 500 pori-omas
2263 463 2303 492 ab

1296 516 1379 553 ipsis
1403 517 1429 545 111
1463 516 1493 544 111
1523 517 1635 545 nostra
1653 518 1681 545 ct
1704 525 1818 544 vorum
1847 516 1986 545 fratrum
2016 516 2184 553 presentia
2212 525 2303 553 repe-

1296 569 1386 601 titas,
1414 569 1444 597 in
1467 569 1597 605 negotio
1618 569 1767 607 predicto
1793 569 1938 605 procedi,
1956 569 2094 598 advers--
2117 569 2221 606 partis
2251 568 2304 597 ab-

1296 622 1402 650 sentia
1430 630 1492 650 non
1524 621 1688 654 obstante,
1718 622 1895 659 [111-50111111
1925 631 1998 650 1·11111
2029 622 2129 651 nichil
2161 622 2200 650 ab
2231 622 2303 659 ipsa

1296 675 1445 711 peterent
1467 675 1523 703 sed
1540 674 1578 703 ad
1598 674 1848 703 exauditimuan
1869 674 2042 712 pntiuunis
2067 684 2125 703 sue
2151 678 2303 704 uestrum

1296 727 1441 755 ot‘liciunt
1480 727 1709 764 implmarent.
1745 728 1883 762 Verum,
1906 727 2019 756 dilecti
2057 727 2115 756 tilii
2151 728 2303 766 magistri

1295 779 2020 813 Gallienam,{tutiensisarcimliauuaas.01
2044 780 2248 809 (iuitlvlmus
2266 780 2304 809 ‹le

1297 831 1454 860 Corncria
1477 832 1662 869 cappellani
1686 833 1802 861 nostri.
1829 834 1857 861 01
1883 832 2050 862 Robcrtus
2071 833 2109 861 tle
2134 834 2226 863 llaro,
2247 833 2302 870 qui

1297 884 1382 913 alias¹
1396 885 1579 921 111-0011110111
1598 885 1758 914 ltircardo
1775 885 1966 921 hujusmodi
1985 885 2153 923 negotium
2175 886 2305 915 fuerant

1297 938 1478 974 subsecuti,
1498 937 1701 975 quibusdam
1728 938 1889 967 exhibitis
1908 947 1966 975 pro
1990 938 2062 975 ipso
2081 939 2306 967 excusatoriis

1298 990 1433 1024 litteris,
1461 990 1610 1027 ejusdem
1639 990 1793 1020 lucranti
1822 990 2022 1025 absentiam,
2043 990 2138 1028 cujas
2175 1000 2305 1024 causas,

1299 1042 1451 1072 videlicet
1473 1042 1699 1072 turbationem
1719 1044 1809 1081 regni
1837 1043 1956 1081 Anglie
1975 1052 2011 1071 ac
2038 1043 2132 1071 alias.
2154 1043 2307 1073 «licebant

1298 1104 1372 1124 esse
1394 1096 1554 1127 notorias,
1582 1098 1793 1128 excusantes,
1822 1096 2023 1134 allegabant,
2048 1106 2086 1125 ‹a›
2111 1095 2248 1125 absente
2273 1105 2309 1125 ac

1298 1148 1411 1178 taliter
1438 1148 1610 1185 impedito,
1633 1157 1695 1177 non
1716 1157 1789 1178 esse
1809 1149 1842 1178 111
1863 1149 2012 1186 predicto
2037 1150 2170 1185 negotio
2197 1157 2309 1186 proce-

1299 1202 1456 1232 dendum.
1474 1201 1566 1231 Licet
1580 1201 1669 1231 enim
1687 1201 1727 1231 ab
1742 1202 1815 1240 ipso
1829 1201 1932 1231 nichil
1950 1210 2007 1239 per
2022 1203 2150 1239 partem
2169 1201 2308 1230 alteram

1299 1256 1480 1293 peteretur,
1512 1254 1597 1284 illud
1624 1256 1736 1284 tamen
1765 1254 1952 1292 petebatur,
1974 1254 2061 1292 ([11011
2090 1263 2153 1283 non
2180 1255 2311 1292 poterat

1300 1309 1372 1338 sine
1391 1307 1576 1346 prejiulicio
1590 1307 1678 1345 juris
1698 1307 1818 1345 ipsius,
1840 1307 1928 1345 quod
1945 1307 2086 1336 eumlem
2105 1307 2310 1337 Ricrarduln

1300 1362 1435 1400 plemun
1460 1362 1492 1390 in
1512 1361 1657 1399 Imperio
1681 1360 1802 1390 habere
1819 1360 1985 1395 dicebant,
2007 1360 2087 1398 quin
2107 1360 2220 1397 potius
2241 1363 2311 1390 sine

1299 1415 1393 1444 illius
1413 1414 1618 1444 extinctione
1635 1414 1782 1443 concedi.
1804 1414 1910 1449 Unde,
1928 1422 2003 1442 cum
2023 1413 2215 1451 hujusnniali
2233 1414 2314 1451 peti-

1298 1468 1344 1497 tio
1362 1468 1473 1506 ipsum
1492 1467 1659 1505 contingat
1686 1468 1717 1496 et
1739 1466 1971 1505 principaliter
1986 1466 2042 1504 jus
2071 1466 2179 1504 ipsius
2205 1466 2311 1504 impu-

1298 1523 1390 1560 gnet,
1423 1520 1514 1549 illius
1541 1520 1708 1549 discussio
1743 1520 1893 1558 ejusdem
1923 1519 2076 1549 Iticcardi
2106 1519 2311 1556 presentiam

1299 1583 1358 1613 per
1375 1583 1409 1603 se
1429 1574 1479 1603 vel
1499 1582 1557 1611 per
1573 1573 1675 1602 alium
1693 1573 1915 1602 sufficientem
1937 1581 1973 1601 ac
1991 1572 2087 1610 plene
2107 1571 2311 1601 instructum

1301 1627 1341 1657 ad
1356 1629 1485 1657 tautum
1505 1626 1688 1663 negotium,
1702 1626 1801 1664 ‹prod-
1818 1626 1934 1655 eodem
1950 1625 2055 1654 electo
2074 1625 2188 1654 taliter
2207 1625 2311 1663 impe-

1300 1681 1381 1716 dito,
1403 1680 1474 1710 fieri
1496 1688 1560 1709 non
1577 1681 1717 1717 poterat,
1740 1678 1960 1717 proculdubio
1985 1677 2151 1716 exigebat,
2173 1680 2310 1715 propter

1301 1734 1386 1773 quod
1406 1733 1559 1763 dicebant
1578 1733 1610 1762 in
1637 1733 1753 1762 eodem
1771 1732 1902 1770 negotio
1925 1740 1989 1760 non
2009 1730 2141 1766 debere,
2163 1739 2198 1760 ar
2223 1733 2311 1769 pete-

1300 1787 1381 1817 bant
1410 1787 1503 1816 nullo
1531 1786 1650 1819 1110110,
1684 1786 1756 1824 ipso
1786 1786 1833 1815 sic
1874 1784 2032 1820 absente,
2063 1784 2210 1822 procedi.
2239 1783 2310 1813 Nos

1302 1842 1425 1876 autem,
1446 1840 1511 1869 hiis
1530 1842 1560 1870 et
1580 1839 1657 1869 aliis
1684 1848 1747 1877 que
1773 1839 1907 1869 fuerunt
1928 1838 2003 1867 hinc
2029 1838 2103 1867 inde
2122 1838 2306 1875 proposita,

1302 1894 1436 1932 plenius
1463 1893 1643 1923 intellectis
1673 1894 1704 1922 et
1738 1901 1812 1921 cum
1843 1892 1970 1921 eisdem
1997 1890 2158 1920 fratribus
2183 1890 2310 1920 nostris

1302 1948 1399 1986 plena
1425 1946 1666 1976 deliberatione
1689 1945 1866 1977 discussis,
1892 1944 1968 1973 licet
1993 1943 2221 1973 invenerimus
2238 1951 2311 1980 per-

1301 2001 1436 2030 venisse
1466 1999 1507 2029 ad
1534 2000 1710 2036 utramque
1736 2000 1865 2036 partem
1896 1997 2061 2035 ltiremisse
2088 1998 2201 2026 nostre
2230 1996 2310 2025 cita-

1302 2054 1404 2084 tionis
1421 2053 1578 2087 edictum,
1598 2054 1709 2081 tamen
1727 2053 1757 2081 et
1777 2050 2051 2080 circumstantias
2076 2050 2160 2079 tanti
2186 2049 2311 2087 negotii

1302 2109 1333 2137 et
1350 2107 1453 2137 totius
1469 2105 1561 2135 orbis
1583 2105 1792 2135 turbationes
1806 2103 2023 2141 multiplices,
2038 2111 2100 2141 que
2118 2111 2181 2132 11011
2199 2102 2311 2131 solum

1302 2163 1415 2199 partes
1428 2160 1575 2193 easdem,
1593 2158 1651 2188 sed
1665 2160 1696 2188 et
1718 2166 1778 2187 nos
1795 2166 1831 2187 ac
1849 2157 2025 2186 ecclesiam
2045 2157 2232 2186 ltomanam
2251 2155 2311 2184 cir-

1302 2214 1545 2251 cums-trepuntv
1577 2211 1799 2245 attendentes,
1830 2219 1867 2239 ac
1897 2210 1989 2239 illam
2019 2211 2198 2247 sequentes
2224 2208 2311 2246 juris

1302 2275 1491 2299 censuram,
1513 2274 1578 2304 qua
1594 2265 1775 2294 humanum
1796 2272 1869 2293 esse
1887 2265 2042 2293 censetur
2060 2264 2196 2300 propter
2213 2270 2312 2291 casus

1303 2320 1460 2350 fortuitos
1470 2319 1651 2348 dilationes
1663 2317 1779 2355 accipi,
1792 2316 2056 2346 deliberavimus
2066 2324 2140 2344 cum
2152 2314 2313 2344 fratribus

1302 2373 1428 2403 nostris
1453 2373 1485 2402 in
1509 2371 1656 2411 presenti
1686 2370 1817 2409 negotio
1845 2378 2040 2408 processum
2070 2370 2222 2397 nostrum
2247 2376 2312 2405 quo

1304 2427 1344 2456 ad
1373 2435 1410 2456 ea
1438 2434 1501 2464 que
1527 2424 1695 2463 premissa
1717 2423 1831 2453 citatio
1855 2422 2015 2457 continet,
2042 2421 2082 2451 ad
2108 2429 2248 2459 presens
2273 2429 2313 2450 ex

1304 2479 1482 2517 premissis
1503 2481 1534 2508 et
1555 2478 1633 2507 aliis
1656 2476 1759 2515 justis
1787 2475 1899 2505 causis
1922 2477 1953 2505 et
1977 2473 2191 2504 evidentibus
2217 2473 2316 2503 susti-

1304 2533 1462 2562 nendum.
1493 2532 1530 2561 Et
1556 2531 1642 2567 ideo,
1657 2529 1794 2568 Juribus
1814 2529 1963 2567 partium
1986 2530 2015 2557 et
2038 2527 2111 2565 ipso
2128 2527 2262 2565 negotio
2282 2526 2314 2555 111

1304 2586 1462 2616 omnibus
1492 2587 1524 2615 et
1544 2593 1602 2623 per
1621 2585 1731 2613 omnia
1752 2583 1785 2612 in
1805 2591 1842 2612 eo
1864 2583 1953 2611 statu
1982 2581 2014 2610 in
2032 2589 2097 2619 quo
2118 2589 2204 2609 1111111Ί
2223 2581 2312 2614 sunt,

1304 2640 1441 2670 omnino
1459 2637 1684 2672 manentibus,
1703 2636 1887 2666 terminum
1905 2643 2010 2673 nsque
2030 2633 2071 2663 ad
2089 2642 2212 2662 annum
2228 2641 2316 2662 com-

1304 2693 1489 2731 putandum
1523 2700 1540 2721 a
1578 2690 1662 2719 festo
1704 2688 1794 2719 beati
1832 2687 1965 2718 Andree
2004 2686 2148 2724 apostoli
2177 2687 2316 2715 venturo

1304 2746 1471 2785 proximo,
1484 2751 1706 2783 prorogamus
1719 2761 1768 2771 —.
1784 2742 1907 2771 Datum
1923 2740 2008 2778 apud
2029 2738 2313 2772 Urbemveterem,

1303 2809 1334 2829 Vt
1359 2798 1522 2829 kalendas
1542 2795 1758 2835 septembris,
1779 2803 1864 2824 anno
1883 2794 1952 2823 lll⁴·.
1973 2803 1987 2822 »

2168 2956 2194 2981 513
