2547 3289
232 298 290 327 1οΟ

230 377 477 417 depressionem
506 374 635 408 insiliit,
652 375 682 403 01
701 373 734 403 111
758 381 871 402 eorum
888 372 1113 402 indesinenter
1129 373 1232 402 exter-

230 429 369 460 minium
402 429 432 457 et
461 427 591 457 ruinam
629 425 819 455 nocentiora
850 425 1003 464 patravit.
1032 424 1073 454 Et
1103 425 1180 463 quia
1195 425 1234 455 de

228 480 515 522 persecutionibus
550 486 613 516 (1110
651 478 683 507 111
717 477 865 516 ejusdem
893 477 1039 507 favorem
1056 475 1233 506 scismatici

229 543 286 574 per
303 541 404 563 naves
427 534 457 562 et
479 531 589 570 galeas
605 532 636 561 01
651 530 715 560 alia
734 539 813 560 vasa
832 532 940 560 vestra
955 530 1075 560 dilecto
1092 530 1161 559 filio
1179 538 1233 559 no-

229 586 289 618 bili
320 585 392 615 viro
422 584 603 614 (iuillelmo
630 584 668 613 de
694 583 913 618 Villarduino,
933 582 1231 622 primapiAchaye,

228 637 445 670 devotissimo
474 637 587 675 utique
618 636 734 666 matris
760 635 896 666 ecclesie
929 636 1009 669 filio,
1041 644 1077 665 ac
1110 635 1180 665 suis
1204 636 1234 665 et

231 691 452 721 vassallorum
467 690 563 727 atque
582 689 731 719 fidelium
746 697 883 719 suorum
899 689 996 719 terris
1005 690 1036 718 et
1053 688 1173 718 insulis
1188 688 1234 717 in-

225 743 389 778 feruntur,
408 742 507 781 plena
527 742 622 780 quasi
650 742 809 772 certitudo
833 742 872 772 ad
890 750 949 771 nos
963 742 1002 771 de
1020 750 1105 772 novo
1118 749 1233 780 pervc-

226 796 328 830 nerat,
345 795 421 825 licet
437 795 496 825 1100
513 795 596 824 alias
613 795 711 832 sama,
726 794 826 825 immo
845 795 982 825 infamia
1000 794 1110 830 potius
1126 794 1233 824 divul—

225 849 321 889 garit,
350 857 410 878 nos
441 848 566 878 eisdem
584 847 710 878 nuntiis
724 856 799 877 cum
816 847 933 878 acerbo
965 847 1083 877 mentis
1104 855 1232 877 merore

224 901 400 933 retulilnus
431 900 575 939 qualiter
602 901 752 939 pretextu
783 900 949 930 discordie
963 900 1160 939 quaminter
1173 908 1232 930 vos
1263 920 1264 929 1

223 955 255 985 et
273 954 412 984 Venetos
426 953 576 983 asseritis
590 954 793 988 suscitatam,
806 953 1052 992 impugnabatis
1068 953 1232 983 hostiliter

223 1006 345 1036 dictum
361 1006 546 1044 principem
562 1014 598 1035 ac
612 1005 726 1035 fideles
743 1007 773 1035 et
785 1006 949 1036 vassallos
967 1006 1085 1044 ipsius,
1103 1014 1230 1035 eorum·
1262 1030 1263 1035 ,

220 1065 284 1098 que
306 1060 409 1089 terras
429 1060 459 1088 et
477 1058 606 1088 insulas
626 1058 819 1094 vastabam,
847 1067 921 1088 cum
939 1067 996 1097 per
1009 1066 1110 1088 naves
1126 1059 1156 1088 et
1178 1066 1230 1097 ga-

218 1111 286 1142 leas
309 1112 340 1141 01
357 1112 422 1142 alia
445 1120 523 1141 vasa
538 1112 648 1141 vestra
672 1120 776 1150 nuper
798 1111 1052 1142 introduxeritis
1078 1119 1231 1149 magnam

221 1164 419 1195 bellatorum
437 1164 584 1202 ejusdem
601 1163 781 1194 scismatici
801 1164 1013 1194 incivitatem
1038 1164 1231 1193 Monovasic

221 1226 257 1248 ac
273 1225 332 1255 per
346 1217 435 1246 11111111
449 1217 483 1246 111
495 1217 617 1246 terram
643 1217 749 1255 ipsius
765 1217 928 1255 principis
944 1217 1174 1255 quantitatem,
1200 1218 1231 1246 et

222 1268 465 1307 occupaveritis
486 1268 645 1307 quasdam
666 1269 795 1299 insulas
813 1269 1025 1305 Latinorum,
1044 1269 1100 1307 qui
1124 1277 1179 1298 eas
1196 1269 1229 1299 in

222 1321 359 1355 feudum
376 1321 415 1351 ab
432 1321 546 1351 eodem
576 1322 725 1360 principe
754 1322 957 1357 obtinebant,
988 1321 1072 1351 alias
1090 1321 1230 1351 eundem

222 1374 417 1414 principem,
428 1374 543 1404 fideles
555 1375 586 1404 et
597 1375 761 1404 vassallos
769 1374 1110 1412 ejusdem‚'dictasque
1126 1375 1231 1404 terras

221 1428 251 1459 et
263 1427 389 1457 insulas
402 1428 552 1456 vexando
562 1427 702 1456 marinis
715 1427 928 1465 aggressibus
937 1427 966 1456 01
975 1426 1058 1456 diris
1070 1427 1230 1457 molestiis

221 1483 420 1522 hnpetemto.
474 1484 711 1522 Expressimus
753 1484 890 1521 insuper
920 1483 1060 1521 prefatis
1089 1483 1228 1518 nuntiis,

220 1538 343 1575 quanta
358 1545 398 1566 ex
411 1536 478 1565 hiis
493 1538 586 1566 erant
599 1536 851 1566 viscera'nostra
865 1536 1084 1566 commotione
1101 1537 1230 1567 turbata

219 1589 250 1618 et
265 1590 387 1626 quanta
401 1598 459 1628 per
482 1589 539 1619 hec
556 1589 644 1619 dicta
657 1589 753 1619 sedes
765 1589 1033 1619 confundebatur
1060 1589 1183 1628 injuria
1199 1591 1230 1620 et

219 1641 603 1681 provocabaturoffensa,
630 1644 834 1680 quantumve
860 1642 1005 1680 generali
1022 1643 1160 1673 ecclesie
1176 1652 1229 1681 pc-

221 1693 581 1730 riculumimminebat,
598 1695 629 1724 01
646 1696 806 1733 quantum
824 1695 924 1725 etiam
942 1695 1004 1725 ista
1019 1696 1179 1726 cedebant
1194 1696 1229 1726 in

224 1746 332 1785 ipsius
365 1746 441 1776 fidei
480 1747 727 1777 detrimentum.
757 1747 896 1786 Propter
919 1748 1007 1786 quod
1033 1748 1230 1778 volebamus

220 1799 355 1829 omnino
381 1799 689 1830 utdissolverentur
705 1800 837 1839 penitus
861 1809 977 1831 omnes
995 1801 1230 1831 confederatio-

221 1860 280 1883 nes
302 1853 331 1882 et
357 1852 584 1891 colligationes
612 1853 721 1883 habite
748 1854 833 1883 inter
860 1862 920 1884 vos
945 1855 976 1883 et
1004 1854 1228 1884 scismaticum

220 1905 460 1943 supradictum,
480 1914 515 1934 ac
534 1907 767 1935 revocarentur
782 1906 926 1936 totaliter
938 1907 977 1936 de
993 1907 1144 1945 partibus
1161 1907 1230 1937 illis
1261 1928 1263 1933 >

222 1967 334 1992 naves,
357 1958 448 1995 galee
474 1967 618 1997 vasaque
640 1958 798 1997 predicta,
820 1959 865 1988 ita
881 1960 968 1997 quod
987 1959 1113 1989 nullam
1133 1960 1229 1990 iufer-

220 2011 293 2041 rent
308 2011 465 2048 predictis
483 2011 638 2049 principi,
658 2011 813 2041 fidelibus
829 2012 860 2041 01
886 2012 1052 2047 vassallis,
1080 2012 1176 2042 terris
1199 2014 1228 2043 et

220 2063 517 2099 insulislesionem,
527 2065 636 2102 aperte
650 2063 887 2094 nichilominus
910 2065 1127 2103 predicentes,
1141 2066 1227 2103 quod

220 2115 285 2145 nisi
304 2116 453 2145 nostrum
479 2124 579 2154 snper
600 2116 665 2145 hiis
680 2116 926 2155 beneplacitum
942 2117 1092 2147 celeriter
1112 2117 1227 2156 imple·
1259 2140 1260 2157 3

218 2169 319 2202 retur,
345 2176 421 2198 cum
442 2169 589 2206 oporteat.
608 2177 667 2198 uos
685 2169 771 2198 stare
787 2177 846 2207 pro
863 2169 1056 2199 defensione
1076 2169 1225 2199 fidelium

220 2221 251 2250 et
271 2220 447 2250 obfirmare
467 2221 595 2250 vultum
613 2221 774 2251 adversus
802 2221 877 2251 illos
907 2222 963 2260 (1111
980 2222 1079 2252 fidem
1097 2222 1129 2252 111
1145 2222 1226 2262 111313

218 2273 373 2303 fidelibus
400 2274 628 2312 persecuntur,
654 2273 693 2303 de
717 2274 889 2312 oportunis
920 2283 1019 2313 super
1037 2275 1108 2310 hoc,
1129 2277 1227 2314 prout

213 2325 295 2356 tanti
326 2326 448 2365 negotii
473 2326 620 2365 gravitas
637 2327 749 2365 exigit,
767 2327 943 2366 providere
962 2328 1117 2358 remediis
1134 2337 1225 2358 cura-

218 2387 341 2409 remus.
360 2379 427 2418 Ipsi
446 2387 523 2409 vero
541 2379 647 2409 nuntii
671 2380 857 2410 devotionis¹
874 2381 1091 2410 constantiam
1106 2382 1136 2411 et
1150 2381 1225 2411 tidci

216 2431 405 2461 firmitatem
425 2440 507 2470 quas
534 2440 595 2461 vos
612 2433 643 2461 01
657 2433 885 2463 antecessores
914 2433 1015 2463 vestri
1038 2442 1168 2472 semper
1185 2435 1224 2463 ad

216 2484 324 2514 Deum
356 2485 387 2514 01
418 2485 598 2523 predictam
627 2485 802 2515 ecclesiam
827 2485 1002 2521 habuistis,
1022 2486 1225 2517 calamItates

213 2536 353 2576 insuper
377 2538 408 2567 01
430 2537 577 2575 jacturas
593 2546 675 2576 quas
692 2538 726 2568 111
746 2538 884 2568 ecclesie
902 2539 1026 2577 pretate
1045 2540 1192 2569 servitiis
1207 2550 1225 2569 a

213 2590 490 2628 persequentibus
514 2590 606 2620 illam
630 2591 691 2620 sub
707 2591 898 2621 diversitate
912 2592 1097 2630 temporum
1118 2594 1225 2631 pertu-

215 2642 255 2672 lit
270 2642 387 2672 civitas
403 2643 597 2677 ζ1001100313,
614 2652 724 2673 coram
747 2644 844 2674 nobis
854 2645 885 2674 et
913 2644 1039 2674 eisdem
1065 2644 1224 2675 fratribus

210 2695 405 2729 retulerunt,
424 2695 648 2734 supplicantes
666 2696 847 2734 humiliter,
864 2696 1110 2736 ut‚liujusmo‹li
1125 2698 1222 2728 devo-

211 2747 312 2778 tionis
339 2748 371 2777 et
404 2748 481 2778 fidei
510 2748 637 2779 meritis
664 2750 801 2788 paterna
819 2750 1033 2780 meditatione
1061 2751 1219 2789 pensatis,

208 2808 384 2839 ageremus
397 2801 570 2832 vobiscum
588 2801 766 2841 benignius
790 2803 824 2833 111
851 2803 922 2842 11130
940 2803 1070 2842 negotio
1096 2805 1126 2833 et
1148 2813 1220 2843 ape-

209 2852 352 2883 riremus
368 2853 454 2883 circa
474 2862 532 2883 vos
551 2854 747 2885 clementius
759 2855 938 2894 apostolice
948 2855 1060 2886 oculos
1074 2856 1217 2895 pietatis.

208 2905 251 2936 Et
276 2914 350 2936 cum
379 2914 418 2936 ea
449 2914 511 2945 (1110
527 2907 566 2937 (10
583 2908 806 2945 predictorum
830 2909 992 2948 principis
1015 2917 1218 2948 suorumque

209 2958 432 2989 vassallorum
474 2960 571 2998 atque
590 2959 740 2991 fidelium
766 2961 929 2992 molestiis
945 2962 1103 2992 eteorum
1120 2963 1217 2993 terris

986 290 1233 322 REGISTRES
1257 291 1472 323 D’URBAIN
1496 293 1554 324 IV.

1296 374 1326 403 et
1354 372 1475 403 insulis
1497 375 1574 403 sunt
1584 374 1743 411 predicta,
1766 375 1802 404 ut
1817 374 2023 410 asserebant,
2040 384 2127 405 nova
2137 376 2230 405 erant
2243 376 2306 406 eis-

1297 425 1384 460 dem,
1410 434 1470 456 nec
1497 426 1675 465 quicquam
1693 435 1734 457 ex
1754 427 1821 457 hiis
1837 428 1878 457 ad
1896 436 1964 464 eas,
1982 427 2048 457 nisi
2064 430 2142 458 tunc
2160 428 2305 466 primum

1294 487 1336 508 ex
1352 480 1464 508 nostra
1482 479 1641 509 relatione
1659 481 1866 518 pervenerat,
1881 480 2038 510 dixerunt
2053 481 2152 519 quod,
2164 489 2239 510 cum
2257 481 2304 510 ni—

1297 531 1364 560 chil
1386 531 1426 561 de
1449 531 1571 561 talibus
1597 532 1715 562 suisset
1731 531 1780 562 eis
1802 541 1820 562 a
1845 532 1941 562 vobis
1957 533 2156 572 injunctum,
2175 542 2233 563 nec
2249 533 2307 563 ali-

1295 585 1382 622 quod
1411 584 1445 614 in
1467 584 1527 614 hac
1557 585 1648 623 parte
1681 585 1841 615 haberent
1871 585 2013 624 speciale
2038 586 2243 621 mandatum,
2269 594 2305 615 ac

1295 638 1467 675 sperarent
1484 645 1544 667 vos
1571 646 1589 666 a
1607 637 1730 667 nostris
1751 638 1782 668 et
1809 637 1916 676 ipsius
1932 638 2070 668 ecclesie
2087 638 2305 677 beneplacitis

1295 690 1485 720 nullatenus
1499 691 1853 725 recessuros,vestram
1863 699 1962 729 super
1971 691 2031 721 hoc
2044 691 2300 730 providentiam,

1293 751 1394 781 quam
1419 743 1459 773 ad
1485 743 1597 773 omnia
1630 751 1693 782 que
1726 744 1838 774 nostro
1867 743 2014 774 resident
2029 744 2140 774 animo
2158 745 2306 782 paratam

1294 795 1523 826 inveniremus
1539 797 1570 825 et
1582 797 1781 835 promptam,
1799 797 2046 834 requireremus
2059 796 2257 826 fiducialiter
2272 795 2305 825 in

1263 862 1264 865 ¹
1292 849 1479 887 premissis.
1503 849 1573 879 Nos
1594 849 1716 887 itaque,
1741 849 1817 879 licet
1833 849 1993 879 hactenus
2009 857 2086 887 erga
2103 857 2163 879 nos
2187 850 2217 879 et
2233 857 2306 887 pre-

1293 901 1414 931 dictam
1439 901 1627 936 ecclesiam,
1645 903 1781 932 matrem
1799 903 1955 937 vestram,
1968 901 2020 931 usi
2037 901 2168 931 fueritis
2184 901 2306 931 duritia

1291 954 1535 993 privignorum,
1552 963 1612 992 pro
1629 963 1667 984 00
1690 955 1800 984 tamen
1814 954 2168 993 quodapudingenuos
2177 953 2306 984 animos

1292 1006 1368 1044 plus
1376 1006 1507 1044 proticit
1519 1006 1744 1037 verbummite
1754 1015 1853 1045 quam
1864 1015 2032 1044 asperum,
2042 1008 2071 1036 et
2081 1005 2306 1043 lenispersua-

1294 1059 1343 1089 sio
1359 1068 1458 1097 quam
1477 1059 1604 1089 exactio
1626 1059 1783 1097 violenta,
1798 1068 1839 1089 ex
1855 1058 1984 1089 intimis
2001 1059 2110 1088 cordis
2133 1058 2306 1088 affectibus

1293 1120 1354 1142 vos
1370 1120 1470 1150 super
1488 1111 1553 1142 hiis
1579 1112 1737 1142 duximus
1763 1112 1993 1150 requirendos,
2011 1114 2183 1150 sperantes
2199 1111 2298 1150 quod,

1293 1174 1369 1195 cum
1396 1165 1543 1204 predicta
1566 1165 1684 1195 civitas
1707 1165 1786 1195 olim
1804 1165 1869 1195 fide
1884 1164 2027 1203 peclara,
2047 1164 2222 1195 devotione
2241 1164 2304 1194 sin-

1292 1227 1366 1248 cera
1382 1220 1411 1248 et
1429 1218 1646 1256 insuperabili
1666 1218 1850 1248 constantie
1875 1220 2043 1247 armatura
2069 1218 2209 1251 munita,
2226 1226 2305 1247 suos

1293 1271 1327 1300 in
1342 1271 1473 1309 magnis
1497 1273 1525 1300 et
1545 1270 1660 1300 arduis
1674 1270 1885 1300 consueverit
1899 1278 1958 1308 pro
1977 1270 2040 1299 fide
2057 1270 2218 1299 catholiva
2233 1278 2305 1308 pro-

1292 1324 1370 1354 bare
1400 1324 1549 1358 conatus,
1577 1332 1613 1352 ac
1630 1323 1670 1352 de
1686 1331 1721 1352 se
1750 1322 1822 1361 ipsa
1840 1321 2030 1351 civitatibus
2047 1322 2123 1351 aliis
2149 1321 2304 1352 exhibere

1293 1376 1479 1406 salubrium
1495 1375 1646 1413 exempla
1665 1376 1845 1413 gestorum,
1866 1383 1940 1404 cum
1955 1374 2054 1404 etiam
2072 1374 2144 1412 ipsa
2161 1374 2193 1403 in
2207 1374 2305 1404 devo-

1291 1429 1379 1459 tione
1397 1428 1437 1457 ad
1460 1428 1567 1458 Deum
1591 1429 1622 1457 et
1641 1428 1762 1457 dictam
1779 1427 1954 1457 ecclesiam
1973 1426 2104 1456 stabilis
2120 1428 2149 1457 et
2165 1435 2304 1457 accensa

1291 1490 1388 1511 suum
1407 1481 1555 1511 savorem
1570 1480 1798 1518 magnificum,
1819 1480 1973 1518 quotiens
1991 1480 2053 1509 suit
2068 1479 2304 1518 expediens,in

1291 1534 1418 1564 cunctis
1436 1533 1542 1572 ipsius
1561 1533 1699 1563 ecclesie
1717 1532 1854 1571 agendis
1871 1534 2024 1571 potenter
2040 1534 2070 1562 et
2084 1532 2302 1571 1111100ῐο110]-

1290 1587 1452 1626 penderit,
1477 1586 1517 1616 ad
1539 1587 1718 1617 memorate
1735 1586 1825 1616 sedis
1848 1586 2083 1616 exaltationem
2104 1585 2180 1615 totis
2198 1584 2305 1615 inten-

1290 1640 1398 1670 dendo
1420 1639 1563 1675 viribus,
1588 1639 1784 1677 cunctisque
1809 1638 1930 1669 studiis
1955 1638 2148 1673 laborando,
2175 1646 2235 1667 nec
2251 1646 2303 1668 as-

1290 1693 1437 1723 sueverit
1453 1701 1558 1731 usque
1567 1692 1608 1722 ad
1620 1692 1679 1722 hec
1695 1693 1845 1730 tempora
1861 1691 2026 1721 mandatis
2038 1692 2069 1721 et
2085 1689 2304 1729 beneplacitis

1290 1745 1479 1785 apostolicis
1504 1745 1651 1780 obviare,
1675 1754 1735 1775 vos
1758 1744 1817 1775 hec
1839 1744 2045 1774 attendentes
2061 1744 2255 1782 diligentius
2270 1744 2302 1774 et

1291 1800 1365 1829 ante
1386 1800 1493 1829 vestre
1505 1798 1626 1828 mentis
1637 1798 1750 1828 oculos
1767 1797 1973 1831 reducentes,
1994 1798 2106 1827 nostra
2123 1805 2224 1835 super
2237 1796 2304 1827 hiis

1290 1852 1455 1882 desideria
1488 1851 1585 1881 filiali
1605 1851 1866 1890 promptitudine
1906 1850 2066 1880 curabitis
2100 1849 2296 1888 adimplere.

1290 1906 1433 1944 Ideoque
1464 1905 1717 1934 universitatem
1749 1905 1894 1934 vestram
1925 1903 1964 1933 de
1990 1903 2215 1941 predictorum
2236 1902 2299 1932 fra-

1288 1960 1375 1989 trum
1391 1958 1530 1988 consilio
1555 1966 1743 1991 monemus,
1761 1965 1916 1995 rogamus
1930 1957 1958 1986 et
1974 1956 2147 1986 hortamur
2164 1956 2298 1989 attente,

1288 2019 1347 2050 per
1362 2010 1544 2049 apostolica
1563 2009 1659 2039 vobis
1675 2010 1796 2048 scripta
1814 2009 1962 2038 districte
1980 2008 2195 2047 precipiendo
2210 2017 2303 2038 man-

1289 2064 1415 2098 dantes,
1434 2072 1469 2092 ac
1489 2062 1699 2093 obsecrantes
1713 2071 1773 2092 vos
1788 2070 1847 2100 per
1862 2062 1971 2091 Deum
1990 2061 2104 2090 vivum
2122 2062 2153 2091 et
2169 2069 2298 2095 verum,

1288 2126 1324 2146 ac
1347 2125 1405 2155 per
1415 2116 1553 2145 Crucem
1571 2116 1602 2145 et
1619 2115 1815 2144 Passionem
1832 2123 1868 2144 ac
1887 2113 2177 2144 Resurrectionem
2188 2113 2300 2151 unige—

1288 2169 1348 2198 niti
1359 2169 1430 2207 ejus
1442 2168 1504 2198 Fili
1513 2168 1519 2197 i
1528 2168 1609 2198 ,lesu
1619 2167 1742 2197 Christi
1751 2191 1756 2202 ,
1766 2168 1929 2205 quatenus
1941 2166 2145 2196 attendentes
2161 2165 2298 2205 provide

1287 2221 1377 2260 quod
1393 2230 1529 2259 gravem
1549 2222 1579 2250 et
1605 2220 1871 2250 inextricabilem
1888 2219 2012 2258 ponitis
2030 2219 2062 2249 in
2094 2219 2200 2258 ipsius
2218 2219 2299 2248 civi-

1286 2275 1362 2304 tatis
1391 2274 1496 2312 gloria
1514 2273 1691 2307 maculam,
1706 2273 1784 2302 dum
1801 2273 1948 2311 predicto
1967 2272 2154 2302 scismatico
2171 2271 2302 2302 viribus

1289 2327 1464 2357 indefessis
1500 2326 1658 2356 assistitis
1678 2326 1711 2355 in
1729 2326 1980 2364 oppressionem
2008 2326 2039 2354 et
2065 2325 2298 2355 confusionem

1286 2380 1431 2410 filiorum
1457 2388 1540 2418 quos
1569 2380 1639 2409 Deo
1664 2378 1776 2417 genuit
1812 2378 1888 2408 fidei
1917 2378 2081 2416 professio
2107 2377 2298 2412 christiane,

1286 2433 1440 2471 quodque
1473 2432 1646 2462 ecclesiam
1677 2433 1706 2462 et
1736 2431 1835 2461 iidem
1859 2431 1966 2470 ipsam
1991 2430 2191 2469 deprimitis,
2219 2430 2298 2460 dum

1287 2485 1514 2515 scismaticum
1533 2485 1675 2515 cundem
1693 2484 1734 2514 ad
1751 2483 1921 2522 imperiale
1944 2483 2116 2521 fastigium
2132 2483 2297 2517 exaltatis,

1285 2539 1356 2577 ejus
1372 2538 1493 2568 solium
1509 2537 1677 2567 continuis
1690 2537 1875 2567 roborando
1885 2535 2055 2566 favoribus
2066 2536 2296 2566 etindeticien-

1285 2591 1375 2621 tibus
1390 2591 1526 2621 auxiliis
1542 2590 1761 2625 confovendo,
1776 2591 1954 2628 pensantes
1977 2589 2076 2619 etiam
2087 2588 2176 2627 quod
2192 2589 2297 2619 detes-

1285 2645 1419 2674 tandam
1437 2644 1476 2674 de
1499 2643 1594 2674 vobis
1612 2643 1806 2673 memoriam
1823 2644 1854 2672 et
1871 2642 2116 2680 dampnandum
2133 2641 2298 2680 relinque-

1285 2697 1363 2728 retis
1391 2696 1688 2731 Christifidelibus,
1707 2695 1734 2726 si
1767 2695 1864 2734 (quod
1892 2694 1990 2733 absit)
2008 2696 2094 2725 terra
2113 2694 2181 2729 illa,
2197 2701 2297 2732 quam

1283 2751 1431 2790 predicta
1447 2749 1663 2781 ecclesianon
1688 2749 1760 2779 sine.
1786 2748 1890 2778 multa
1915 2747 2107 2778 eorumdem
2123 2746 2297 2786 sanguinis

1283 2803 1443 2834 effusione
1462 2802 1623 2837 fidelium,
1640 2802 1682 2832 ad
1698 2801 1857 2831 unitatem
1873 2800 2067 2831 catholicam
2081 2798 2296 2838 conquisivit,

1282 2858 1314 2887 et
1331 2855 1634 2886 innumerabilibus
1645 2854 1856 2893 postmodum
1873 2853 2052 2892 impendiis
2074 2854 2106 2882 et
2124 2851 2296 2882 laboribus

1281 2918 1386 2948 usque
1401 2909 1441 2939 ad
1458 2908 1515 2939 hec
1527 2909 1674 2946 tempora
1688 2906 1909 2941 conservavit,
1923 2905 2017 2936 vobis
2029 2903 2295 2944 procurantibus,

1282 2971 1361 2994 vero
1381 2962 1490 2993 divini
1519 2961 1665 2992 nominis
1678 2960 1844 2991 subtracta
1869 2959 1985 2994 cultui,
2008 2959 2048 2989 ad
2069 2957 2228 2997 pristinos
2246 2965 2292 2987 re-
