2547 3289
1087 238 1327 276 TROISIEME
1354 238 1516 276 ΑΝΝΕΕ.
2282 250 2334 277 191

255 327 380 363 tamen,
398 327 491 357 nulla
503 327 585 357 inibi
603 327 773 366 prebenda
785 329 934 363 vacante,
949 328 1093 357 sedecim
1108 329 1139 358 et
1154 328 1267 366 plures

256 382 396 418 nepotes
422 382 454 410 et
481 381 750 419 consanguineos
774 382 917 416 vestros,
943 390 1086 419 quorum
1113 380 1267 410 nonnulli

256 432 423 463 illitterati
441 434 472 463 et
489 433 574 463 alias
591 435 704 463 minus
723 434 857 472 ydonei7
874 434 1011 472 quidam
1029 442 1107 463 vero
1124 434 1219 472 pueri
1237 434 1269 463 et

254 486 422 525 patientes
436 487 468 516 in
483 488 570 517 etate
587 487 754 517 defectum
769 495 844 517 esse
857 486 1025 523 dicuntur,
1042 488 1074 516 in
1088 488 1267 516 canonicos
1299 523 1301 531 χ

254 541 287 569 et
300 539 332 569 in
350 539 471 570 fratres
485 540 519 569 in
537 540 611 578 ipsa
624 540 777 574 ecclesia,
795 540 963 569 revelante
980 540 1038 569 boe
1057 540 1154 569 vobis
1170 548 1268 569 (wirne

255 601 293 622 ac
309 593 485 631 sanguine,
502 593 694 623 temeritate
714 593 849 631 propria
867 593 1054 631 recepistis
1069 594 1139 622 Nos
1154 593 1266 631 igitur,

254 646 545 683 presumptionem
583 646 777 684 hujusmodi
809 647 877 675 tam
916 645 1099 675 notabilem
1130 648 1267 684 tamque
1298 681 1299 690 ἵ

255 698 504 736 dampnabilem
527 700 558 728 et
585 699 739 736 exemplo
766 699 988 736 pernitiosam
1014 698 1266 737 ‹piomodolibet

254 751 422 781 sustinere
435 751 598 785 nolentes,
617 751 844 789 receptionem
861 752 908 781 vel
929 752 1138 789 receptiones
1153 751 1266 789 hujus-
1297 777 1299 787 J

254 804 355 839 modi,
383 805 414 834 et
444 804 603 843 quicquid
631 813 672 834 ex
701 804 750 834 eis
773 806 926 834 secutum
955 806 1006 833 est
1024 805 1076 833 vel
1100 803 1141 833 ob
1161 804 1264 841 ipsas,
1297 812 1299 838 J

254 857 440 894 apostolica
470 858 668 887 auctoritate
692 865 866 887 cassamus
890 858 922 886 et
946 857 1133 891 irritamus,
1162 857 1267 886 immo
1297 869 1299 875 v

253 910 366 947 potius
392 918 488 939 cassa
517 912 548 940 et
573 910 669 940 irrita
693 910 900 944 nuntiamus,
923 909 1018 939 vobis
1044 910 1215 939 universis
1236 910 1266 938 et

253 962 399 1001 singulis
427 962 490 992 sub
517 963 880 993 excommunicationis
906 971 992 1001 pena
1017 963 1159 992 firmiter
1184 962 1267 991 inhi-

250 1014 369 1045 bentes
386 1024 425 1045 ne
446 1016 646 1054 attemptare
665 1016 705 1046 de
723 1017 833 1046 cetero
849 1016 931 1045 talia
950 1016 1169 1054 presumatis,
1188 1017 1219 1045 et
1237 1014 1266 1044 si

252 1076 349 1098 secus
377 1070 610 1107 presumptum
636 1069 748 1104 fuerit,
777 1078 818 1099 ex
844 1078 931 1099 nunc
951 1078 1104 1104 vacuum,
1130 1069 1264 1098 irritum

250 1120 387 1158 penitus
405 1121 618 1151 decernimus
640 1123 671 1152 et
694 1122 803 1152 inane.
824 1122 948 1152 Datum
973 1122 1061 1160 apud
1082 1121 1265 1152 Urbemve-

249 1174 368 1209 terem,
389 1183 408 1203 v
427 1174 503 1204 idus
527 1174 742 1213 septembris,
761 1183 848 1205 anno
866 1175 978 1205 tertio.
998 1184 1014 1204 »

341 1347 413 1378 404
758 1347 884 1379 Orvieto,
900 1348 917 1374 9
930 1348 1094 1381 septembre
1114 1347 1190 1374 1263.

283 1430 461 1456 ElectiOnem
482 1431 594 1465 Rogerii
616 1432 650 1457 ‹le
674 1431 811 1463 Nortone,
835 1440 922 1465 quem
949 1431 1026 1466 prior
1054 1434 1081 1458 ot
1105 1433 1263 1458 conventus

247 1488 270 1505 s.
293 1479 396 1505 Albani
418 1480 445 1505 in
469 1480 606 1506 abbatem
633 1480 763 1515 ejusdem
783 1480 953 1507 monasterii
972 1482 1133 1513 elegerunt,
1158 1481 1262 1507 contir-

246 1530 318 1554 mat.
337 1528 416 1563 (Rae.
437 1530 480 1556 26,
499 1528 546 1556 fol.
564 1530 590 1560 2,
607 1537 674 1556 ann.
695 1529 742 1556 ΙΙΙ,
758 1534 789 1556 11⁰
810 1531 842 1561 73
861 1530 898 1557 cl‘.
917 1530 1063 1556 Porrimsr
1084 1530 1192 1565 moti.)

287 1646 304 1666 ((
334 1637 464 1675 Roqerz'o
493 1636 528 1666 de
551 1637 698 1674 Norlone,
721 1637 824 1666 abbati
843 1638 1019 1667 monasterii
1039 1648 1061 1667 S.
1081 1638 1205 1675 Albani,
1224 1637 1264 1668 ad

246 1690 412 1720 Romanam
429 1690 584 1720 ecclesiam
601 1690 683 1720 nullo
701 1691 799 1720 medio
815 1691 1009 1730 pertinentiS‚
1029 1691 1145 1721 ordinis
1161 1702 1184 1720 s.
1205 1691 1261 1721 Be—

244 1743 367 1779 nedicti,
385 1743 608 1773 Lincolniensis
626 1744 762 1773 diocesis.
784 1745 941 1775 Rationis
960 1745 1068 1775 oculis
1088 1745 1258 1775 intuentes

244 1815 293 1828 —.
322 1798 448 1827 Datum
471 1797 560 1836 apud
586 1797 875 1834 Urbemveterem,
902 1798 1016 1828 vidus
1041 1798 1258 1837 septembris,

246 1859 333 1881 anno
349 1851 460 1881 tertio.
481 1860 498 1880 »

289 1944 327 1973 In
345 1952 373 1974 e.
391 1953 436 1973 m.
456 1943 563 1982 priori
581 1945 613 1974 et
632 1944 811 1974 conventui
828 1944 1026 1974 monasterii
1042 1953 1069 1974 s.
1085 1944 1209 1975 Albani
1223 1946 1264 1976 ad

245 1997 436 2027 Romanam
457 1997 634 2027 ecclesiam
659 1997 753 2027 nullo
773 1997 883 2027 medio
901 1997 1112 2036 pertinentis,
1133 1999 1263 2028 ordinis

246 2058 273 2080 s.
293 2050 480 2084 Benedicti,
498 2050 749 2089 Lincolniensis
773 2050 931 2081 diocesis.

286 2103 325 2133 In
342 2111 369 2133 e.
387 2112 431 2133 m.
450 2103 622 2133 universis
639 2103 799 2133 vassallis
814 2104 1011 2134 monasterii
1032 2113 1060 2134 s.
1080 2104 1204 2135 Albani
1222 2106 1264 2136 ad

246 2157 435 2187 Romanam
461 2157 637 2187 ecclesiam
655 2157 749 2187 nullo
773 2157 884 2187 medio
901 2157 1114 2196 pertinentis
1134 2159 1263 2189 ordinis

245 2218 272 2240 s.
292 2210 479 2245 Benedicti,
496 2210 748 2240 Lincolniensis
765 2211 924 2241 diocesis.

315 2391 319 2395 ·
334 2383 407 2414 405

732 2382 856 2409 Orvieto.
873 2383 907 2410 22².
925 2384 1089 2417 septembre
1109 2384 1186 2411 1203.

280 2466 385 2492 statuit
397 2468 427 2492 ut
444 2466 471 2492 iu
488 2466 610 2493 ecclesia
626 2466 702 2493 beati
716 2467 830 2493 Martini
843 2467 1018 2494 Turonensis
1031 2468 1146 2494 nullide
1160 2471 1258 2495 cetero

243 2514 279 2542 lic
293 2517 326 2541 ·at
352 2514 407 2541 nisi
431 2515 547 2541 unicum
571 2515 744 2542 beneficium
764 2524 830 2542 cuin
852 2517 1015 2550 praebenda
1036 2517 1185 2549 obtinere;
1208 2526 1257 2544 eos

242 2567 340 2590 auum
358 2564 405 2598 qui
424 2566 492 2590 tunc
508 2565 647 2598 temporis
666 2564 747 2599 plura
762 2564 858 2591 officia
874 2565 944 2592 inibi
962 2566 1144 2598 obtinebant,
1166 2575 1199 2593 ea
1213 2574 1258 2593 re-

241 2613 334 2639 tinere
350 2613 465 2640 tolerat.
486 2613 565 2648 (Rae.
582 2614 626 2643 28,
645 2613 695 2640 fol.
710 2614 736 2644 2,
753 2621 821 2640 ann.
843 2613 890 2641 ΙΙΙ,
907 2619 939 2640 11⁰
955 2614 996 2649 8.)

282 2727 297 2747 (‹
317 2742 339 2748 ..
359 2717 472 2747 decano
488 2722 514 2746 et
530 2717 667 2758 capitulo
685 2719 805 2748 ecclesie
820 2719 899 2748 beati
915 2719 1042 2749 Μανῐίηὶ
1061 2720 1255 2757 Turonensis,

241 2770 283 2800 ad
303 2771 467 2801 Romanam
485 2771 640 2800 ecclesiam
657 2771 739 2801 nullo
761 2772 858 2802 medio
874 2773 1066 2812 pertinentis.
1088 2774 1258 2804 Provisio-

243 2824 298 2854 nis
313 2826 427 2854 nostre
448 2825 627 2862 provenire
646 2842 693 2855 —.
719 2825 804 2855 Sane
823 2825 864 2855 ad
881 2825 1258 2857 audientiam-nostram

243 2877 396 2916 pervenit
420 2877 520 2915 quod,
543 2886 619 2911 cum
637 2877 843 2908 venerabilis
861 2878 966 2908 frater
984 2881 1099 2909 noster
1121 2904 1127 2910 .
1147 2903 1152 2908 .
1172 2903 1178 2915 ,
1202 2880 1259 2910 Ce-

244 2931 463 2961 nomanensis
490 2931 681 2969 episeopus,
713 2933 745 2961 et
773 2931 918 2962 dilectus
943 2932 1034 2961 filius
1067 2955 1124 2968 ..,
1153 2932 1257 2962 abbas

1329 327 1526 357 monasterii
1548 328 1831 362 Furardimtuitis,
1854 329 2090 358 (listerrieusis
2110 329 2249 361 caulinis.
2277 331 2338 359 lto-

1299 378 1300 381 ’
1329 380 1558 418 thomagensis
1581 381 1734 413 diocesis,
1756 382 1787 410 in
1809 381 1950 410 ecclesia
1967 382 2039 419 ipsa
2054 381 2098 410 lb.
2121 382 2255 411 Martini
2273 384 2337 412 'l‘u—

1331 433 1499 463 rouousis‘)
1523 434 1720 463 auctorituu
1747 434 1929 471 apostolica
1959 435 2106 464 osticium
2132 435 2337 464 visitationis

1331 486 1574 524 impomlerent,
1602 487 1795 516 invenerunt
1825 488 1938 525 plures
1963 488 2141 516 canonis-os
2165 488 2197 517 in
2222 489 2336 518 eadem

1330 540 1481 570 ecclesia,
1519 549 1660 577 quorum
1697 540 1837 578 quilibet
1873 540 1957 569 ‹lua›⁴
1991 541 2232 578 preposituras,
2268 542 2338 571 sive

1299 595 1300 598 ’
1330 601 1430 621 unam
1447 593 1695 630 preposituram
1712 595 1741 622 et
1758 602 1859 622 unum
1880 594 2026 623 osticium
2049 594 2097 623 vel
2117 603 2216 624 unam
2235 595 2338 625 admi-

1329 645 1576 679 nistratimiem,
1606 648 1662 675 aut.
1693 646 1789 683 plura
1818 646 1941 681 ostivia,
1973 656 2031 675 seu
2061 647 2144 676 duas
2178 648 2337 677 adminis«

1329 699 1490 727 trationes
1508 708 1544 728 ac
1563 699 1766 736 prebendam
1786 700 1858 728 sino
1881 700 2133 737 dispensatione
2154 702 2339 739 apostolica

1328 751 1532 781 detinebant.
1562 753 1698 781 Etcum
1727 752 1849 781 vellent
1879 760 1980 789 super
2008 753 2066 782 lior
2094 754 2261 790 ‹iu-dinare,
2289 758 2336 789 tu,

1330 804 1375 833 tili
1400 805 1534 838 decane,
1557 807 1587 833 et
1612 805 1717 842 aliqui
1743 814 1785 834 ox
1810 804 1916 839 vobis,
1942 805 2001 834 tilii
2024 806 2220 842 capitulum,
2249 817 2338 837 asse-

1330 857 1448 886 ruistis
1471 857 1556 886 iuter
1580 857 1644 886 alia
1665 858 1752 895 quod
1773 857 1804 886 id
1831 857 1860 886 in
1885 858 2190 895 p1·edi‹·taeen-lesia
2209 860 2338 890 ‹locon-

1329 910 1508 939 suetndine
1529 910 1589 939 fuit
1615 910 1830 939 observatum
1855 919 1873 938 a
1897 912 2044 948 tempore
2064 911 2158 949 <eujus
2177 913 2339 942 memoria

1328 971 1393 991 non
1422 963 1549 992 existit.
1581 963 1651 992 Nos
1680 962 1792 1001 itaque
1819 963 1970 992 volentes
2002 972 2065 992 nou
2093 966 2160 993 tam
2190 965 2220 994 id
2251 966 2339 1003 quod

1328 1015 1503 1045 consuevit
1522 1024 1622 1053 quam
1642 1016 1730 1054 quod
1750 1015 1848 1045 debet
1877 1016 1947 1045 lieri
1977 1016 2160 1046 observari.
2182 1020 2211 1047 et
2232 1019 2338 1048 cousi—

1328 1069 1484 1098 derantes
1504 1068 1592 1106 quod
1611 1077 1698 1097 unns
1720 1068 1776 1098 vix
1803 1069 1928 1098 suflicit
1946 1077 2049 1098 unum
2070 1070 2217 1099 osticium
2236 1071 2340 1100 adim·

1328 1120 1430 1158 plere,
1460 1121 1634 1158 cupientes
1661 1130 1793 1160 qnoque
1820 1121 2013 1159 hujusmodi
2037 1123 2173 1152 modum
2200 1124 2340 1154 avaritie

1328 1182 1363 1204 ac
1392 1174 1589 1204 ambitionis
1619 1174 1739 1203 vitium
1769 1175 1808 1204 de
1839 1175 1989 1213 predicta
2019 1175 2162 1205 ecelesia
2192 1177 2341 1206 totaliter

1328 1227 1509 1265 extirpare,
1542 1227 1751 1262 ordinamus,
1784 1228 1966 1257 statuimus
1999 1230 2029 1257 et
2060 1229 2277 1266 providemus
2305 1231 2341 1260 ut

1328 1280 1412 1310 nulli
1431 1281 1470 1310 de
1489 1282 1598 1310 cetero
1616 1281 1716 1310 liceat
1734 1280 1800 1310 nisi
1817 1281 1953 1310 unicum
1973 1280 2185 1316 beneficium,
2206 1283 2276 1312 sive
2296 1284 2341 1313 sit

1327 1334 1543 1372 prepositura
1567 1343 1625 1364 seu
1651 1334 1902 1364 administratio
1925 1334 1977 1364 vel
2004 1334 2154 1364 officium
2179 1338 2235 1365 aut
2261 1345 2340 1374 quo<

1327 1396 1470 1426 cumque
1501 1387 1565 1417 alio
1596 1388 1732 1417 nomine
1768 1389 1960 1423 censeatur,
1991 1397 2065 1418 cum
2103 1388 2272 1426 prebenda
2307 1390 2340 1420 in

1327 1441 1498 1480 sepedicta
1519 1441 1661 1471 ecclesia
1678 1441 1840 1477 obtinere,
1860 1441 1994 1471 irritum
2014 1444 2044 1472 et
2063 1442 2173 1477 inane,
2194 1443 2222 1472 si
2242 1451 2340 1473 secus

1326 1503 1345 1524 a
1367 1504 1536 1533 quoquam
1564 1495 1799 1533 presumptum
1825 1494 1937 1527 fuerit,
1963 1495 2192 1531 decernentes,
2218 1504 2255 1525 ac
2280 1504 2339 1526 vos

1325 1548 1364 1577 ad
1383 1547 1653 1578 observationem
1679 1547 1873 1586 hujusmodi
1896 1548 2162 1583 consuetudinis
2184 1549 2286 1578 etiam
2308 1550 2339 1579 si

1324 1601 1425 1631 suerit
1446 1601 1636 1640 juramento
1655 1601 1799 1636 firmata,
1820 1609 1883 1639 quc
1903 1600 2042 1630 dicenda
2063 1602 2114 1631 est
2132 1602 2243 1640 potius
2267 1611 2337 1632 cor-

1325 1655 1457 1693 ruptela
1478 1662 1646 1693 quamque
1668 1662 1842 1683 cassamus
1864 1655 1894 1683 et
1917 1654 2102 1687 irritamus,
2122 1654 2338 1693 aliquatenus

1325 1717 1389 1738 non
1418 1707 1537 1738 teneri.
1574 1708 1640 1737 Eos
1673 1708 1784 1736 autem
1817 1707 1874 1745 qui
1902 1707 1943 1736 ad
1971 1715 2111 1745 presens
2143 1707 2338 1745 hujusmodi

1324 1761 1569 1799 preposituras,
1598 1760 1709 1790 officia
1732 1760 1784 1790 vel
1806 1760 2131 1795 administrationes,
2150 1761 2247 1799 Juxta
2268 1769 2339 1799 pre-

1325 1815 1448 1844 dictam
1478 1813 1770 1848 consuetudinem,
1791 1813 1953 1849 obtinent,
1982 1822 2020 1843 ea
2050 1814 2194 1844 retinere
2225 1814 2339 1844 taliter

1324 1868 1521 1903 toleramus,
1548 1866 1789 1896 nichilominus
1813 1866 1994 1896 suadentes
2025 1866 2152 1896 eisdem
2181 1867 2269 1905 quod
2297 1868 2338 1898 de

1325 1921 1475 1960 sepefata
1502 1920 1743 1950 consuetudine
1770 1929 1845 1949 cum
1874 1919 2063 1949 animarum
2089 1928 2227 1949 suarum
2251 1921 2337 1958 peri-

1325 1974 1399 2004 culo
1427 1982 1493 2003 non
1518 1974 1698 2003 confidant.
1728 1973 1823 2003 Nulli
1849 1981 1926 2011 ergo
1958 1975 2071 2003 nostre
2099 1973 2335 2011 ordinationis,

1325 2027 1589 2063 constitutionis,
1610 2026 1829 2064 provisionis,
1848 2026 2052 2056 cassationis
2070 2028 2099 2056 et
2121 2026 2335 2063 irritationis,

1325 2082 1386 2110 etc.
1407 2081 1532 2110 Datum
1549 2080 1638 2118 apud
1654 2079 1943 2114 Urbemveterein,
1960 2088 1981 2109 x
1995 2079 2157 2109 kalendas
2176 2079 2334 2115 octobris,

1324 2143 1410 2164 anno
1428 2134 1538 2165 tertio.
1562 2143 1576 2162 »

1803 2327 1927 2355 Orvieto.
1948 2327 1979 2354 21
1997 2327 2159 2361 septembre
2178 2327 2255 2354 1203.

1411 2330 1485 2361 406

1355 2414 1473 2440 Ordiuat
1488 2414 1563 2447 quod
1586 2412 1707 2439 ecclesia
1731 2420 1753 2438 s.
1773 2411 1871 2437 Hilarii
1888 2410 2064 2437 l'ietavensis
2081 2411 2116 2436 ab
2135 2411 2213 2436 omui
2234 2410 2331 2437 domi-

1320 2463 1377 2494 nio,
1401 2462 1601 2497 jurisdictione
1627 2469 1659 2487 ac
1678 2462 1819 2495 potestate
1843 2459 2018 2486 Pictiivensis
2042 2458 2167 2493 episcopi
2193 2459 2283 2485 libera
2302 2461 2331 2486 et

1319 2514 1453 2546 exempta
1466 2519 1582 2545 prorsus
1600 2510 1704 2536 existat
1720 2512 1746 2535 et
1765 2508 1823 2535 sedi
1840 2508 2016 2542 apostolicae
2037 2503 2205 2534 immediate
2222 2517 2253 2534 ac
2270 2516 2333 2542 per·

1320 2563 1403 2596 petuo
1421 2560 1548 2596 subjecta
1571 2560 1729 2585 remaneat.
1749 2558 1829 2593 gnae..
1847 2558 1891 2588 28,
1911 2557 1958 2583 fol.
1974 2559 1990 2584 2
2005 2561 2044 2588 νο,
2058 2565 2125 2583 anu.
2144 2557 2192 2585 ΙΙΙ,
2206 2561 2238 2583 n⁰
2254 2557 2296 2591 9.)

1360 2678 1374 2693 «
1395 2665 1445 2695 Ad
1457 2666 1594 2704 fictarum
1613 2664 1659 2693 rei
1675 2663 1859 2693 memoriam.
1877 2662 1963 2697 Quia
1982 2670 2022 2691 ex
2039 2670 2095 2691 ore
2113 2662 2263 2692 sedentis
2279 2679 2328 2691 —.

1319 2720 1404 2749 Sane
1434 2720 1519 2748 inter
1543 2717 1627 2747 bone
1658 2716 1819 2746 memorie
1848 2715 2047 2748 Johannem,
2069 2714 2278 2754 episcopum,
2297 2716 2330 2745 et

1319 2772 1497 2803 ecclesiam
1521 2771 1769 2805 Pictavensem,
1790 2777 1831 2799 ex
1847 2770 1941 2807 parte
1958 2776 2034 2804 una,
2056 2769 2087 2798 et
2108 2791 2113 2796 .
2133 2791 2138 2796 .
2158 2767 2331 2798 thesaura-

1318 2826 1418 2861 rium,
1452 2847 1482 2854 ..
1509 2824 1673 2854 decanum
1699 2824 1730 2853 et
1758 2822 1944 2861 capitulum
1969 2821 2111 2852 ecclesie
2139 2829 2167 2851 s.
2193 2821 2330 2860 Hylarii

1318 2877 1541 2910 Pictavensis,
1564 2884 1667 2914 super
1682 2875 1902 2914 subjectione,
1921 2874 2114 2904 obedientia
2128 2876 2160 2904 et
2176 2882 2330 2904 reveren-

1319 2933 1366 2962 tia
1390 2933 1421 2961 et
1439 2931 1516 2961 aliis
1536 2929 1787 2968 episcopalibus
1803 2928 1940 2968 juribus
1959 2936 2022 2967 que
2041 2928 2131 2958 idem
2149 2928 2330 2966 episcopus
