2547 3289
331 238 369 268 78
1133 221 1353 254 REGISTRE
1375 212 1587 252 CAMERAL

872 308 996 340 Orvieto,
1016 306 1171 342 22jnnvier
1187 305 1265 332 1263.

421 318 492 349 280

367 397 464 423 Eidem
482 393 607 427 indulget
626 394 655 418 ut
672 393 773 426 praeter
789 388 1054 416 archidiaconatum
1074 385 1339 413 Waterfordensem

332 448 359 472 et
388 444 444 471 alia
468 441 603 469 beneficia
628 448 691 474 quse
717 439 837 468 obtinet,
871 436 1034 464 animarum
1064 442 1162 461 curam
1191 432 1339 464 habentia,

331 500 420 520 unum
443 490 533 517 adhuc
552 489 595 515 vel
615 488 695 523 plura
718 486 865 516 beneficia,
888 484 1003 511 etiamsi
1020 491 1118 510 euram
1141 481 1267 509 similem
1291 481 1339 508 ha-

333 541 426 569 beant,
450 546 535 572 usqne
559 538 595 564 ud
617 543 764 563 summam
792 533 973 568 septuaginta
994 539 1160 559 marcarum
1185 529 1338 564 sterlingo-

333 597 395 615 rum
412 587 537 621 recipere
553 588 580 612 et
597 585 720 612 retinere
740 583 843 610 valeat.
860 583 938 617 (unu.
956 582 1002 612 27,
1021 580 1068 608 fol.
1091 582 1135 610 77,
1152 583 1183 605 n⁰
1200 579 1241 613 2.)

375 669 528 700 «Eidem.
547 668 619 699 Etsi
647 668 785 706 propter
803 665 1005 696 ambitiones
1030 682 1078 694 —.
1101 664 1226 694 Datum
1253 661 1341 700 apud

332 722 620 757 Urbeinveterem,
632 730 664 750 x1
679 719 841 750 kalendas
856 717 1029 753 februarii,
1045 725 1132 747 anno
1149 714 1308 746 seeundo.
1325 725 1340 741 »

875 863 998 894 Orvieto,
1018 864 1050 888 22
1061 861 1172 898 junvier
1194 861 1268 887 1263.

423 869 491 900 281

367 947 516 973 Benedicto
531 946 565 972 de
582 945 684 971 Aterde
700 943 827 978 indulget
851 945 881 970 ut
898 944 1002 976 prnffter
1018 940 1156 968 beneficia
1179 947 1241 974 quie
1266 938 1340 965 obti-

332 997 389 1027 net,
406 1002 526 1029 quorum
542 994 696 1028 proventus
712 999 856 1018 summum
866 990 967 1025 viginti
979 990 1117 1016 librarum
1133 987 1340 1022 sterlingorum

331 1052 387 1070 non
403 1043 552 1073 excedunt,
564 1041 681 1068 unicum
691 1040 769 1067 aliud
784 1039 953 1066 beneficium
968 1038 1093 1073 recipere
1111 1039 1138 1063 et
1154 1036 1276 1063 retinere
1295 1043 1341 1062 va·

331 1092 397 1119 leat.
419 1091 496 1127 (Rm.
516 1092 560 1121 27,
579 1089 628 1116 fol.
647 1091 679 1116 77
695 1094 732 1120 v⁰,
751 1094 782 1114 11⁰
800 1088 837 1123 1.)

372 1192 386 1207 «
408 1179 524 1209 Dilecto
550 1179 616 1218 filio
636 1177 800 1208 Benedicta
817 1176 852 1207 de
868 1176 991 1213 Aterde,
1026 1175 1138 1205 rectori
1159 1174 1280 1204 ecclesie
1306 1173 1341 1204 de

331 1232 729 1273 Scazstzamm,Armaclzane
746 1230 881 1260 diocesis.
898 1230 971 1260 Etsi
989 1230 1126 1268 propter
1138 1228 1341 1258 ambitiones

331 1305 379 1316 —.
397 1287 433 1316 ut
450 1294 553 1324 snpra
572 1285 604 1315 in
622 1284 778 1324 proxima
795 1292 854 1322 per
869 1284 988 1314 totum.
1011 1293 1025 1309 »

871 1427 995 1460 Orvieto,
1010 1427 1044 1453 22
1056 1426 1169 1462 janvier
1188 1426 1264 1452 1263.

421 1432 494 1463 282

367 1510 501 1537 Riccardo
515 1510 551 1536 de
571 1509 733 1536 Norhatone
750 1507 880 1541 indulget
900 1508 930 1532 ut
945 1508 1048 1540 przeter
1063 1504 1200 1532 beneficia
1217 1511 1279 1538 quae
1293 1503 1340 1530 ob-

330 1558 412 1589 tinet,
436 1559 598 1585 animarum
621 1564 719 1583 curam
744 1555 888 1585 habentia,
907 1562 1082 1589 quorumque
1104 1555 1257 1588 proventus
1273 1560 1340 1587 qua-

330 1607 463 1641 draginta
485 1613 648 1632 marcarum
665 1605 869 1638 sterlingorum
890 1612 947 1630 non
969 1603 1117 1632 excedunt,
1141 1609 1229 1628 unum
1249 1600 1340 1627 adhue

331 1656 373 1682 vel
406 1655 487 1689 plura
515 1654 652 1681 beneficia
676 1661 763 1687 usque
786 1653 822 1679 ad
852 1652 978 1678 valorem
995 1659 1121 1678 annuum
1149 1649 1341 1684 quadraginta

332 1711 494 1730 marcarum
510 1703 635 1737 recipere
652 1704 680 1729 et
703 1701 780 1728 lieite
798 1701 921 1727 retinere
946 1700 1050 1727 valeat.
1069 1700 1145 1734 (Bm.
1166 1700 1210 1726 27.
1239 1698 1288 1725 fol.
1307 1700 1340 1724 77

332 1758 368 1784 νῦ,
384 1756 415 1778 n⁰
433 1752 473 1786 2,)

372 1853 386 1870 (t
405 1841 553 1871 Riccardo
566 1841 600 1870 de
613 1840 800 1873 Nor-hatone,
818 1839 931 1868 rectori
955 1836 1074 1867 ecclesie
1091 1836 1126 1866 de
1157 1836 1258 1872 Felde,
1281 1836 1340 1865 Ar-

330 1894 475 1924 maclmne
506 1893 641 1923 diocesis.
673 1894 757 1924 Cum
776 1892 868 1931 digni
896 1891 963 1920 sint
993 1908 1042 1926 —,
1063 1891 1099 1920 ut
1133 1890 1166 1919 in
1185 1889 1342 1927 proxima

331 1955 438 1985 usque
458 1947 491 1976 in
510 1947 622 1976 finem.
645 1958 660 1973 »

898 2088 1021 2118 Orvieto,
1048 2089 1076 2114 ¹5
1098 2094 1176 2113 mars
1193 2086 1269 2113 1263.

422 2094 493 2125 283

366 2172 486 2199 Roberto
505 2170 632 2204 indulget
648 2172 687 2200 ut,
705 2177 761 2195 non
777 2168 907 2195 obstante
926 2166 1039 2193 defectu
1055 2165 1206 2194 natalium,
1221 2164 1340 2199 'priora-

330 2223 391 2248 tum
408 2219 575 2247 monasterii
592 2219 618 2245 S.
639 2216 798 2244 Eadmundi
816 2216 938 2243 retinere
959 2215 1051 2241 valeat
1072 2217 1100 2241 et
1119 2215 1156 2241 ad
1177 2213 1248 2240 alias
1265 2212 1340 2239 ordi-

330 2269 374 2296 nis
391 2270 418 2295 S.
435 2267 577 2295 Benedicti
594 2265 862 2294 administrationes
875 2264 998 2294 assumi,
1019 2263 1134 2290 etiamsi
1151 2262 1267 2289 abbatia
1280 2261 1340 2288 sue-

329 2318 367 2345 rit
383 2317 426 2344 vel
443 2325 540 2343 curam
555 2315 718 2343 animarum
738 2313 869 2341 habuerit
893 2320 1044 2340 annexam.
1065 2312 1143 2347 (Pam.
1161 2313 1205 2342 27,
1229 2309 1277 2337 rol.
1294 2311 1338 2341 78,

329 2371 358 2393 ι]ο
381 2367 413 2401 1.)

370 2462 385 2477 «
404 2449 544 2484 leuberto,
565 2446 721 2487 capellano
754 2449 868 2480 nostro,
889 2443 1069 2484 presbitero,
1093 2441 1195 2482 priori
1223 2449 1339 2470 monas-

330 2503 400 2533 terii
419 2502 453 2533 S.
472 2499 662 2535 Eadmundi,
682 2498 798 2530 ordinis
813 2497 848 2528 S.
868 2495 1038 2530 Benedicti,
1056 2493 1260 2525 lvorwicensis
1274 2492 1338 2523 dio-

329 2556 412 2587 cesis.
440 2554 650 2586 Testimonio
668 2553 708 2583 de
728 2554 761 2582 te
790 2570 839 2581 —.
862 2550 987 2581 Datum
1008 2549 1095 2587 apud
1119 2547 1338 2579 Urbemvete-

310 2608 313 2609 ⁷
329 2618 411 2646 rem,
432 2609 508 2639 idus
522 2607 652 2644 marcii,
671 2613 757 2636 anno
773 2603 931 2635 secundo.
953 2613 967 2629 »

400 2755 472 2786 284
916 2749 1040 2779 Orvieto,
1055 2749 1089 2775 26
1108 2747 1167 2774 mai
1188 2748 1263 2774 1263.

365 2833 499 2867 Magistro
524 2831 646 2859 Johnnui
668 2830 795 2865 indulget
814 2831 843 2856 ut
865 2831 967 2864 proeter
991 2828 1025 2854 de
1051 2827 1223 2861 Mugyutonc
1247 2829 1274 2853 et
1302 2826 1336 2853 de

1398 303 1530 332 diocesis,
1547 302 1697 329 ecclesiam
1711 302 1744 328 de
1760 301 1896 333 Schirlee,
1914 302 2043 337 ejusdem
2061 303 2195 334 diocesis,
2211 311 2276 330 eum
2293 311 2360 330 cura
2372 303 2408 330 si-

1399 351 1472 382 mili,
1493 354 1519 378 et
1538 351 1653 377 unicum
1669 350 1746 377 aliud
1771 350 1942 377 beneficium
1963 351 2090 385 recipere
2113 354 2141 378 et
2158 352 2281 379 retinere
2302 351 2406 379 valeat.

1400 400 1477 435 (Rea.
1496 401 1540 432 27,
1558 399 1606 426 sol.
1628 401 1672 430 78,
1691 404 1720 425 n⁰
1735 399 1775 432 2.)

1441 512 1456 530 «
1489 501 1635 541 Magyistro
1661 500 1805 537 Jolzanni,
1842 500 1954 529 rectori
1986 499 2106 529 ecclesie
2141 499 2177 528 de
2205 499 2405 539 Muqyntone,

1403 554 1633 585 Conventrensis
1659 553 1793 583 diocesis.
1825 553 2026 583 Honestatis
2056 553 2089 582 et
2117 552 2258 582 scientie
2274 570 2323 582 —.
2345 553 2410 583 Da-

1401 609 1470 638 tum
1489 607 1577 646 apud
1594 606 1882 643 Urbemveterem,
1902 615 1945 634 vu
1964 605 2126 635 kalendas
2137 605 2237 645 junii,
2254 614 2341 636 anno
2357 613 2409 635 se-

1402 660 1522 691 cundo.
1542 671 1556 687 υ

1491 852 1562 883 285

1969 851 2095 882 Orvieto‚
2114 852 2145 877 15
2159 858 2239 877 mars
2262 851 2338 877 1263.

1436 930 1546 965 Hugoni
1563 931 1685 957 Everard
1702 931 1831 966 indulget
1848 934 1876 958 ut
1892 933 1996 965 praeter
2010 930 2162 958 ecclesiam
2185 930 2218 957 de
2235 930 2408 962 Alwartone,

1401 978 1599 1006 Buthoniensis
1621 981 1649 1005 et
1665 978 1819 1006 Wellensis
1844 979 1976 1012 diocesis,
1995 987 2059 1005 cum
2090 987 2156 1006 cura
2173 979 2339 1006 animarum
2363 985 2411 1006 an-

1399 1035 1480 1055 nexa.
1497 1029 1525 1054 et
1556 1027 1707 1054 eeclesiam
1724 1027 1758 1053 de
1787 1027 2003 1062 Hylpringtone‚
2030 1027 2249 1054 Saresbiriensis
2276 1026 2410 1058 diocesis,

1399 1084 1486 1111 quam
1510 1075 1596 1102 habet
1623 1076 1868 1107 commendatam,
1884 1083 2060 1110 quarumque
2087 1078 2241 1110 proventus
2263 1082 2410 1102 summam

1400 1134 1449 1152 sex
1464 1133 1629 1152 marcarum
1645 1124 1850 1159 sterlingorum
1868 1132 1924 1151 non
1938 1125 2086 1156 excedunt,
2100 1124 2216 1151 unicum
2232 1123 2309 1151 aliud
2326 1124 2410 1151 bene-

1401 1173 1496 1201 ficium
1514 1173 1639 1208 recipere
1664 1176 1691 1200 et
1712 1174 1834 1200 retinere
1853 1173 1956 1200 valeat.
1975 1174 2052 1208 (nm.
2071 1174 2115 1204 27,
2135 1172 2184 1200 sol.
2210 1174 2245 1200 78
2259 1177 2297 1205 v0,
2323 1176 2355 1199 n⁰
2372 1172 2412 1207 1.)

1442 1286 1456 1302 «
1473 1274 1598 1314 Huqoni
1614 1274 1645 1304 E
1648 1274 1767 1311 verard,
1784 1275 1894 1304 rectori
1909 1274 2030 1304 ecclesie
2047 1274 2081 1304 de
2098 1274 2285 1311 .-1Izcarlone,
2298 1274 2413 1305 Batho-

1400 1329 1499 1357 nensis
1517 1333 1544 1358 et
1570 1327 1723 1357 Wellensis
1746 1327 1882 1358 diocesis.
1902 1327 2124 1358 Attendentes
2141 1329 2198 1359 tue
2215 1327 2338 1359 merita
2359 1346 2409 1362 —‚

1400 1382 1437 1411 ut
1451 1389 1553 1420 supra
1571 1381 1605 1411 in
1622 1381 1779 1420 proxima
1796 1389 1854 1420 per
1872 1382 1991 1411 totum.
2015 1392 2030 1408 »ι

1993 1566 2116 1598 Orvieto,
2129 1568 2168 1594 26
2185 1568 2244 1595 mai
2262 1569 2340 1596 1263.

1491 1568 1563 1599 286

1436 1646 1587 1674 Guillelmo
1609 1647 1642 1673 de
1657 1646 1804 1680 Norburge
1823 1646 1949 1681 indulget
1970 1649 2000 1673 ut
2021 1649 2124 1681 praeter
2139 1648 2293 1675 ecclesiam
2312 1649 2347 1676 de
2359 1649 2414 1676 Ba-

1401 1696 1561 1727 reswirthe,
1581 1695 1790 1722 Lineolniensis
1806 1694 1939 1726 diocesis,
1957 1695 2060 1722 'curam
2074 1696 2230 1724 habentem
2246 1698 2413 1725 animarum

1401 1753 1553 1775 annexam,
1583 1744 1735 1771 eeclesiam
1757 1744 1790 1770 de
1807 1744 1911 1770 Corum
1936 1746 1963 1770 et
1992 1745 2026 1771 de
2042 1744 2221 1778 Aldrintone,
2237 1746 2367 1782 ejusdem
2383 1749 2414 1775 et

1402 1793 1588 1821 Eboraeensis
1605 1792 1774 1824 diocesium,
1790 1800 1855 1819 eum
1875 1800 1942 1819 cura
1958 1792 2058 1824 simili,
2077 1802 2148 1828 quas
2165 1793 2250 1821 habet.
2266 1802 2414 1823 commen-

1402 1843 1492 1873 datas,
1512 1850 1688 1877 quarumque
1705 1843 1856 1876 proventus
1872 1849 2017 1868 summam
2029 1842 2148 1877 triginta
2164 1851 2328 1871 marearum
2340 1846 2415 1871 ster-

1402 1891 1545 1926 lingorum
1562 1898 1617 1917 non
1632 1891 1781 1921 excedunt,
1795 1897 1905 1916 necnon
1928 1890 2044 1916 unicum
2061 1890 2139 1917 aliud
2153 1891 2323 1919 beneficium
2340 1892 2413 1920 reci-

1401 1948 1467 1975 pere
1479 1941 1507 1966 et
1526 1939 1603 1966 licite
1622 1939 1746 1965 retinere
1767 1937 1870 1965 valeat.
1890 1938 1968 1973 (Rae.
1988 1940 2032 1970 27,
2047 1938 2095 1966 sol.
2112 1941 2147 1966 78
2161 1943 2200 1970 νο,
2218 1945 2248 1966 n⁰
2258 1940 2298 1973 2.)

1443 2052 1458 2067 «
1475 2038 1633 2070 Gnillelmo
1643 2039 1678 2069 de
1693 2038 1865 2077 Not-bury&
1881 2039 1991 2067 rectori
2007 2037 2127 2068 ecclesie
2142 2038 2178 2069 de
2192 2039 2409 2078 Bnreszcirth,

1401 2092 1622 2123 Lincolniensis
1640 2092 1774 2122 diocesis.
1803 2090 1878 2121 Etsi
1895 2092 2032 2129 propter
2049 2093 2110 2122 etc.
2128 2110 2167 2114 —
2184 2092 2305 2124 Datum
2323 2093 2412 2133 apud

1401 2146 1690 2179 Urbemveterem,
1714 2154 1755 2174 vn
1772 2143 1935 2174 kalendas
1948 2143 2047 2182 junii,
2064 2145 2280 2184 pontificatus
2301 2147 2412 2178 nostri

1401 2208 1489 2230 anno
1513 2199 1672 2230 seeundo.
1694 2210 1707 2224 u

1490 2389 1561 2420 287
2012 2386 2136 2417 Orvieto‚
2153 2386 2170 2412 4
2185 2386 2244 2414 mai
2260 2388 2338 2415 126³.

1435 2467 1554 2494 Henrieo
1582 2466 1710 2501 indulget
1735 2467 1763 2492 ut
1780 2468 1882 2499 praeter
1903 2465 2056 2492 eeclesiam
2068 2466 2102 2492 de
2119 2465 2291 2497 Bukenhale‚
2308 2473 2409 2493 curam

1398 2516 1551 2543 habentem
1568 2515 1730 2542 animarum
1754 2521 1907 2545 annexam,-
1927 2514 2062 2550 cujusque
2087 2516 2242 2550 proventus
2263 2521 2409 2542 summam

1398 2568 1512 2592 centum
1528 2563 1685 2591 solidorum
1708 2562 1914 2598 sterlingorum
1940 2570 1996 2590 non
2017 2563 2167 2595 excedunt,
2193 2563 2308 2591 unicum
2330 2561 2409 2590 aliud

1398 2613 1578 2645 beneficium,
1597 2620 1695 2640 curam
1717 2611 1844 2639 similem
1861 2611 1980 2644 habens,
1998 2612 2124 2647 recipere
2144 2614 2172 2639 et
2192 2611 2269 2639 licite
2284 2611 2407 2639 retinere

1397 2661 1499 2689 valeat.
1514 2662 1594 2697 (Rae.
1613 2662 1659 2692 27,
1679 2659 1727 2687 rol.
1745 2661 1789 2691 79,
1804 2665 1834 2686 n⁰
1856 2660 1893 2694 1.)

1439 2773 1454 2789 «
1472 2761 1618 2798 Hem-ico,
1641 2760 1749 2790 rectori
1773 2760 1892 2790 ecclesie
1920 2760 1955 2790 de
1977 2758 2165 2795 Bukenlzale,
2187 2758 2408 2790 Lincobiiemis

1397 2814 1534 2846 diocesis.
1555 2815 1639 2845 Cum
1660 2814 1750 2853 digni
1770 2814 1837 2844 sint
1858 2830 1906 2844 -—.
1930 2814 2055 2844 Datum
2078 2811 2167 2851 apud
2191 2811 2406 2844 Urbemvete-

329 2881 475 2908 Rodburue
490 2880 635 2912 eeclesias,
652 2887 751 2906 curam
765 2878 928 2906 animarum
945 2877 1092 2908 habentes,
1110 2874 1336 2903 Conventrensis
1366 2878 1369 2903 ζ
1397 2877 1481 2904 rem,
1504 2877 1552 2898 1111
1571 2875 1678 2898 nonas
1697 2868 1786 2901 maii,
1803 2875 1890 2897 anno
1905 2865 2063 2896 secundo.
2083 2877 2097 2891 »
