2547 3289
256 245 316 273 364

297 334 311 353 ((
340 349 345 353 .
372 348 377 353 .
401 322 552 362 potestati,
578 320 702 349 consilio
727 325 753 348 el
780 318 932 347 communi
962 317 1131 352 Verulnnis,
1159 316 1261 355 fideli-
1292 335 1293 341 ,

257 378 310 407 bus
327 377 447 405 nostris.
468 375 535 405 Res
554 372 774 407 incredibilis,
795 379 849 401 res
862 379 947 400 nova
963 372 995 400 et
1016 370 1154 400 insolita
1173 371 1204 400 et
1223 369 1263 399 ab
1293 377 1294 380 ’

257 430 393 467 antique
404 429 571 465 (Iampane
588 425 762 455 fidelitatis
776 423 906 453 actibus
918 423 1039 459 aliena,
1057 423 1095 452 ad
1110 424 1263 453 nostrum

256 490 363 520 nuper
383 479 533 519 pervenit
555 478 718 512 auditum,
741 484 816 515 que,
834 475 912 506 licet
936 477 1080 514 nequeat
1099 476 1131 505 in
1151 476 1266 505 credu-

255 535 384 564 litatem
403 534 515 562 nostre
531 531 654 560 mentis
672 529 865 565 ascendere,
883 529 1034 559 animum
1056 530 1168 558 tamen
1190 537 1263 558 nos·

255 590 343 617 trum
368 584 592 615 amaritudine
615 584 816 621 nostrosque
839 590 960 612 sensus
983 581 1094 621 gelido
1120 582 1265 620 quodam

255 641 392 676 stupore
418 637 569 676 replevit.
595 635 833 666 Intelleximus
856 635 980 665 etenim
1001 635 1088 673 quod
1111 634 1264 664 nonnulli

254 691 383 722 milites
398 693 429 720 et.
447 690 576 728 pedites
589 690 628 719 de
641 688 836 727 Campania,
848 687 1000 717 volentes
1015 695 1138 726 ponere
1154 695 1266 717 macu-

254 745 324 780 lam
340 744 373 773 in
392 743 510 777 veteri,
526 743 629 772 immo
647 744 715 772 tam
736 742 933 777 inveterata,
953 741 1062 779 gloria
1080 742 1266 779 Campano-

254 806 341 832 rum,
363 797 395 826 in
416 804 555 834 regnum
578 795 692 825 Sicilie
711 794 881 833 stipendia
897 793 1075 826 Manfredi,
1094 794 1263 832 quondam

254 850 419 889 principis
441 848 628 884 Tarentini,
651 849 766 877 contra
788 848 977 878 Romanam
1000 846 1189 881 ecclesiam,
1212 855 1265 876 00-

253 911 328 933 111111
348 904 487 932 matrem
506 901 733 936 etdominam,
752 900 861 943 ipsius
880 900 997 929 fideles
1012 901 1043 930 et
1058 900 1197 930 devotos
1215 908 1264 929 ec-

253 956 356 985 clesie
383 954 585 993 suscepturi,
618 954 775 984 accedere
800 954 1093 992 presumpserunt,
1121 961 1161 983 ex
1187 961 1263 992 quo,

253 1009 283 1039 si
301 1008 361 1039 hoc
381 1017 497 1038 verum
518 1009 619 1043 esset,
638 1007 748 1046 patria
768 1008 880 1036 vestra
898 1006 991 1045 gravi
1010 1008 1265 1045 respergeretur

254 1061 406 1097 infamia,
426 1062 562 1100 totaque
584 1060 643 1091 illa
664 1060 767 1098 regio,
788 1068 852 1098 que
872 1059 986 1089 stabili
1007 1067 1141 1097 semper
1160 1059 1265 1089 fideli-

252 1115 319 1145 late
339 1114 509 1153 prefulsit,
529 1114 700 1144 videretur
717 1113 786 1152 jam
802 1114 940 1151 propter
960 1112 1097 1142 illorum
1116 1112 1264 1142 nefarias

253 1167 539 1207 presumptiones‚
565 1175 605 1196 ne
629 1167 783 1196 dicamus
806 1166 1022 1204 proditorias,
1052 1165 1263 1195 infidelitatis

252 1221 418 1259 contagiis
430 1220 611 1250 obfuscari.
630 1220 669 1250 Et
684 1219 757 1249 ideo
773 1227 845 1252 nos,
858 1219 1011 1248 nolentes
1025 1220 1114 1249 tante
1131 1218 1264 1248 temeri—

251 1274 332 1304 tatis
349 1282 524 1303 excessum
546 1273 578 1302 in
598 1273 681 1308 illis,
697 1273 726 1302 si
744 1272 800 1311 qui
816 1272 876 1302 1100
892 1273 1175 1310 attemptaverunt
1194 1271 1261 1309 jam

252 1326 305 1356 vel
333 1326 492 1364 deinceps
516 1326 802 1364 attemptaverint,
828 1325 1019 1363 relinquere
1046 1324 1261 1362 impunitum.

252 1379 468 1409 universitati
490 1380 599 1408 vestre
623 1387 682 1416 per
704 1378 890 1416 apostolica
910 1378 1046 1415 scripta,
1069 1377 1130 1407 sub
1152 1376 1262 1407 debito

252 1432 426 1462 fidelitatis
448 1441 512 1470 quo
536 1431 632 1461 nobis
658 1434 689 1461 et
711 1431 851 1461 ecclesie
870 1430 1018 1468 predicte
1037 1430 1210 1463 tenemini,
1231 1431 1262 1459 et

251 1494 336 1524 pena
364 1485 457 1515 mille
484 1492 675 1514 marcarum
707 1483 847 1522 argenti,
870 1483 1023 1513 districte
1044 1482 1261 1521 precipiendo

251 1538 452 1568 mandamus
474 1539 632 1576 quatinus
651 1545 767 1567 omnes
786 1536 864 1566 illos
886 1536 925 1566 de
944 1538 1035 1566 terra
1058 1537 1180 1572 vestra,
1203 1536 1260 1574 qui

250 1591 291 1621 ad
302 1591 489 1629 predictum
507 1599 646 1629 regnum
664 1590 778 1620 taliter
792 1590 1006 1620 accesserunt
1023 1590 1079 1618 aut
1095 1589 1133 1618 de
1151 1590 1261 1619 cetero

250 1644 464 1678 accesserint,
480 1652 555 1673 cum
571 1643 691 1673 occulti
708 1643 760 1673 vel
778 1642 883 1681 ignoti
898 1641 995 1672 vobis
1011 1650 1087 1672 esse
1105 1650 1171 1671 non
1187 1650 1262 1680 pos-

249 1697 329 1732 sint,
348 1696 573 1735 personaliter
594 1704 726 1735 capere,
753 1705 790 1726 ac
812 1695 875 1726 sub
896 1698 967 1725 arta
984 1695 1135 1725 detinere
1152 1697 1261 1725 custo—

248 1749 314 1782 dia,
342 1758 517 1788 quousque
541 1749 580 1779 de
604 1749 688 1788 ipsis
713 1749 812 1779 aliter
833 1749 1066 1787 disponamus,
1091 1750 1123 1778 et
1142 1748 1260 1778 domos

248 1803 401 1842 ipsorum
419 1812 460 1833 ex
480 1804 550 1832 toto
570 1802 715 1838 diruere,
736 1811 795 1832 nec
818 1811 883 1832 non
906 1802 992 1832 bona
1011 1802 1171 1831 eorudem
1195 1810 1262 1831 om-

248 1856 305 1885 nia
326 1856 547 1894 001111ζ5101110,
573 1855 665 1885 0111111
690 1855 862 1889 dilatione,
883 1855 1082 1885 difficultate
1105 1863 1141 1884 ac
1166 1863 1262 1885 excu-

249 1909 380 1939 satione
407 1910 570 1944 cessante,
606 1908 693 1938 sicut
720 1910 870 1938 nostram
899 1910 931 1938 et
957 1908 1142 1946 apostolice
1171 1908 1262 1937 sedis

250 1970 361 1992 caram
383 1961 512 1992 habetis
529 1961 684 2000 gratiam,
703 1961 849 1992 sollicite
869 1962 1069 2000 procuretis,
1083 1961 1261 1999 proceden-

251 2016 303 2045 tes
320 2015 435 2044 eodem
455 2015 553 2044 inodo
571 2015 686 2044 contra
704 2014 847 2044 barones
867 2016 899 2044 et
919 2014 1005 2044 alios
1023 2014 1154 2044 nobiles
1170 2014 1262 2044 simi-

251 2067 296 2097 lis
311 2067 407 2105 culpe
426 2076 512 2104 reos,
530 2069 692 2106 quantum
712 2068 751 2097 ad
770 2068 888 2097 domos
907 2069 939 2097 et
957 2067 1042 2096 bona
1063 2076 1177 2097 eorum
1198 2076 1262 2106 que

250 2120 285 2150 in
302 2122 391 2150 terra
406 2120 456 2150 vel
475 2120 630 2150 districtu
648 2121 760 2150 vestro
777 2120 979 2155 consistunt,
1001 2129 1143 2158 quorum
1160 2120 1261 2150 etiam

250 2182 425 2212 personas,
447 2174 474 2203 si
493 2182 550 2203 eos
569 2173 609 2203 ad
633 2175 755 2203 terram
777 2175 922 2203 vestram
943 2173 1057 2203 venire
1077 2173 1260 2212 contingat,

251 2226 494 2256 nichilominus
512 2226 666 2265 capiatis
686 2226 810 2256 Scituri
829 2235 888 2264 pro
908 2228 1009 2262 certo,
1031 2227 1119 2265 quod
1139 2227 1167 2256 si
1184 2235 1262 2256 nos-

252 2280 342 2309 trum
366 2288 431 2309 non
451 2280 677 2318 impleveritis
696 2279 875 2309 efficaciter
892 2280 924 2309 in
940 2279 1000 2309 hac
1017 2281 1110 2318 parte
1128 2288 1262 2318 precep-

250 2333 334 2368 tum,
354 2332 474 2362 merito
501 2341 571 2368 vos,
596 2341 738 2371 quorum
759 2332 958 2362 fidelitatem
978 2333 1012 2362 in
1035 2333 1095 2362 hoc
1114 2333 1261 2371 experiri

252 2385 447 2424 specialiter
468 2386 637 2420 volumus,
659 2387 748 2416 tante
772 2385 909 2415 illorum
936 2386 1085 2424 nequitie
1110 2386 1262 2416 conscios

251 2447 311 2468 seu
328 2439 511 2477 participes
526 2438 771 2477 reputabimus.
789 2440 819 2469 et
834 2439 1019 2477 predictam
1039 2447 1158 2477 penam
1175 2439 1260 2468 solvi

251 2491 349 2521 nobis
368 2491 518 2530 plenarie
532 2492 706 2522 faciemus.
725 2492 765 2522 Et
781 2500 855 2522 ecce
869 2491 1054 2522 venerabili
1075 2492 1171 2522 fratri
1189 2500 1264 2522 nos-

250 2545 329 2575 tro..
348 2544 505 2583 episcopo
519 2545 701 2581 Verulano,
719 2545 843 2585 litter—is
860 2545 988 2575 nostris
1003 2545 1214 2584 injungimus
1227 2546 1262 2575 111

253 2597 327 2636 ipse
350 2597 560 2636 diligentiam
583 2598 636 2628 vel
655 2598 898 2638 negligentiam
916 2599 1065 2628 vestram
1083 2606 1184 2638 super
1202 2597 1262 2628 hoc

251 2649 351 2680 nohis
370 2650 501 2681 studeat
521 2650 665 2682 fideliter
685 2651 854 2682 intimare.
873 2652 998 2682 Datum
1015 2651 1103 2691 a'pud
1121 2650 1262 2683 Urbem-

250 2704 410 2739 veterem,
429 2713 449 2733 11
470 2704 630 2735 kalendas
649 2705 773 2741 martii,
793 2714 879 2736 anno
897 2706 1009 2736 tertio.
1033 2715 1047 2734 »

290 2809 328 2839 In
345 2810 488 2840 eundem
501 2811 636 2841 modum
653 2835 659 2841 .
676 2836 682 2842 .
699 2811 858 2850 episcopo
876 2812 1059 2842 Verulano.
1075 2812 1145 2842 Nos
1159 2813 1262 2844 incre·

250 2862 367 2892 dibilis
379 2864 440 2894 etc.
455 2863 567 2894 verbis
583 2865 812 2904 competenter
827 2865 979 2901 mutatis,
996 2874 1102 2905 usque
1116 2874 1259 2905 quorum

251 2915 350 2946 etiam
368 2924 530 2955 personas
547 2916 789 2948 nichilominus
803 2918 948 2957 capiant,
961 2918 990 2949 si
1006 2927 1063 2949 eos
1081 2919 1121 2949 ad
1134 2920 1259 2950 terram

1014 234 1201 265 REGISTP.
1208 234 1256 264 ES
1279 234 1492 265 D'URBAIN
1517 235 1574 265 IV.

1325 317 1433 356 ipsam
1459 318 1568 348 redire
1593 319 1774 357 contingat.
1799 319 1947 358 Ideoque
1971 320 2173 351 fraternitati
2198 323 2254 352 tue
2273 331 2333 361 per

1324 371 1510 409 apostolica
1531 371 1657 410 scripta
1679 372 1712 401 in
1734 372 1859 402 virtute
1877 371 2068 403 obedientie
2091 373 2243 405 districte
2263 384 2334 414 pre-

1325 423 1479 462 cipiendo
1501 424 1701 454 mandamus
1724 425 1884 463 quatinus
1903 425 2114 465 diligentiam
2137 426 2208 457 sive
2231 428 2334 466 negli-

1325 477 1484 514 gentiam,
1506 486 1606 515 quam
1631 477 1733 507 iidem
1757 480 1877 513 rector,
1902 478 2084 508 consilium
2106 480 2137 509 et
2159 487 2336 510 commune

1325 529 1505 560 habuerint
1534 530 1566 559 111
1592 529 1651 560 hac
1675 531 1782 568 parte,
1807 529 1905 560 nobis
1930 531 2069 561 studeas
2092 531 2237 562 fideliter
2260 533 2335 563 inti-

1326 591 1429 618 mare,
1454 591 1490 612 ac
1514 582 1651 620 insuper
1671 582 1862 613 Verulanos
1885 583 1963 613 illos
1985 592 2113 614 necnon
2137 584 2282 615 barones
2304 587 2334 615 et

1326 635 1458 666 nobiles
1481 637 1513 665 et
1533 635 1619 665 alios
1642 637 1697 665 tue
1716 636 1864 666 civitatis
1884 638 1915 666 et
1935 636 2093 673 diocesis,
2118 637 2176 676 qui
2199 640 2337 677 propter

1325 689 1386 719 1100
1408 689 1440 718 111
1460 689 1649 727 predictum
1668 697 1808 727 regnum
1831 689 1878 719 ire
1901 691 2186 728 attemptaverunt
2210 691 2263 721 vel
2288 693 2336 721 at-

1326 742 1666 780 temptaverint,(·11m
1684 742 1742 772 vix
1760 743 1815 772 aut
1834 751 2020 781 numquam
2034 743 2094 773 tibi
2113 752 2188 773 esse
2203 744 2337 782 possint

1327 795 1499 833 incogniti,
1526 804 1584 833 per
1611 795 1750 825 eandem
1774 795 1945 826 civitatem
1967 797 1998 826 et
2021 796 2183 827 diocesim
2201 805 2336 827 excom·

1327 848 1517 878 municatos
1540 848 1741 878 nominatim
1766 857 1803 878 ac
1824 848 1958 887 publice
1980 849 2116 879 nunties
2137 851 2169 879 et
2187 850 2337 881 nuntiari

1326 901 1561 940 sollempniter
1585 901 1700 938 facias,
1720 902 1752 931 et
1770 901 1811 931 ab
1828 901 1986 931 omnibus
2003 902 2110 932 artius
2129 902 2260 938 evitari,
2283 912 2336 934 eo-

1326 963 1399 984 rum
1424 954 1521 985 nobis
1542 954 1679 984 nomina
1704 954 1767 984 sub
1785 956 1842 985 tuo
1861 955 1974 994 sigillo
1993 955 2138 985 fideliter
2159 956 2338 986 transmis-

1326 1016 1436 1037 surus.
1456 1008 1579 1038 Datum
1599 1009 1633 1038 ut
1650 1016 1764 1047 supra.
1786 1018 1800 1035 11

1879 1202 2002 1233 0111010,
2019 1202 2260 1229 2610111011264.

1414 1204 1486 1234 760

1360 1284 1554 1318 insi-ascriptis
1577 1284 1695 1310 mandat
1716 1287 1756 1310 ut.
1777 1292 1867 1318 papae
1880 1283 2012 1318 ref-risque
2031 1284 2206 1311 Francorum
2224 1285 2335 1312 deside-

1323 1334 1373 1360 riis
1390 1334 1634 1367 obtemperantes,
1652 1333 1880 1367 pracceptoriam
1897 1333 2005 1359 ordinis
2025 1334 2052 1360 in
2072 1341 2160 1368 regno
2184 1334 2335 1367 Franciae,

1323 1382 1405 1408 fratri
1422 1382 1553 1408 Amet-ico
1570 1382 1603 1408 110
1620 1382 1694 1416 Rupe
1719 1381 1916 1409 committant.
1937 1383 2016 1416 (Rea.
2034 1383 2079 1413 28,
2097 1382 2147 1409 fol.
2168 1383 2203 1409 92
2217 1388 2255 1409 ψ’.
2273 1391 2337 1410 cur.

1323 1430 1389 1457 anni
1408 1431 1452 1460 111,
1471 1435 1501 1456 11⁰
1518 1431 1576 1464 sio.)

1364 1547 1379 1562 «
1406 1561 1411 1566 .
1435 1561 1439 1566 .
1466 1536 1610 1575 maqislro
1635 1540 1662 1564 et
1685 1536 1843 1565 conventui
1864 1535 1975 1566 ,militie
2003 1536 2118 1576 Templi
2143 1536 2336 1567 1010501117ιὶ-

1323 1589 1397 1618 tani.
1421 1589 1536 1619 Zelum
1563 1591 1700 1628 paterne
1723 1589 1875 1620 caritatis
1897 1608 1946 1619 —.
1969 1590 2056 1620 Sane
2078 1590 2279 1621 carissimus
2301 1592 2336 1621 in

1323 1642 1458 1673 Christo
1475 1642 1568 1672 filius
1582 1644 1697 1672 noster
1713 1667 1718 1672 .
1740 1666 1745 1671 .
1762 1651 1823 1673 rex
1836 1643 1977 1673 Francie
1994 1643 2151 1679 illustris,
2171 1646 2333 1683 tanquam

1322 1696 1481 1734 princeps
1513 1695 1715 1732 catholicus,
1746 1704 1849 1734 supra
1881 1697 2000 1734 pectus
2031 1696 2124 1726 sedis
2150 1697 2336 1735 apostolice

1323 1749 1517 1779 dilectionis
1530 1749 1743 1788 prerogativa
1755 1748 1967 1783 recumbens,
1979 1750 2151 1788 precipuis
2161 1750 2336 1781 favoribus

1323 1802 1363 1832 ab
1378 1803 1493 1832 eadem
1511 1802 1589 1832 sede
1607 1804 1818 1840 promeretur
1833 1802 1942 1832 attolli
1956 1805 1988 1833 et
2006 1811 2023 1832 a
2035 1802 2132 1833 vobis
2147 1811 2183 1833 ac
2199 1804 2334 1840 ceteris,

1322 1856 1431 1886 Deum
1450 1857 1481 1886 et
1500 1856 1687 1886 Romanam
1708 1855 1885 1886 ecclesiam
1904 1855 2333 1893 reverentibushonorari.

1322 1910 1387 1940 Hic
1403 1911 1453 1940 est
1469 1910 1558 1940 enim
1580 1909 1763 1940 orthodoxe
1786 1909 1862 1939 fidei
1876 1909 2009 1940 validus
2028 1913 2266 1949 propugnator,
2283 1910 2337 1941 hic

1323 1963 1443 1993 matris
1484 1963 1626 1993 ecclesie
1655 1963 1838 2001 precipuus
1871 1963 2065 1997 advocatus,
2097 1963 2149 1993 hic
2177 1963 2336 1994 defensor

1323 2016 1472 2046 eximius
1480 2015 1708 2046 ecclesiastice
1721 2015 1901 2051 libertatis,
1912 2015 1964 2045 hic
1975 2016 2196 2047 ecclesiarum
2206 2019 2337 2055 protec-

1322 2071 1375 2099 tor
1397 2069 1567 2104 assiduus,
1591 2069 1826 2107 religiosorum
1842 2068 2021 2099 benivolus
2039 2072 2168 2100 amator
2185 2070 2334 2109 01111001-

1323 2122 1398 2158 dus,
1416 2121 1507 2152 velut
1530 2121 1595 2160 ipsi
1612 2122 1681 2151 Deo
1698 2121 1929 2159 peramabilis,
1948 2123 1978 2152 et
1999 2122 2032 2151 in
2048 2122 2213 2161 regalium
2230 2123 2336 2153 virtu—

1323 2176 1394 2205 tum
1424 2174 1585 2205 exercitio
1615 2174 1766 2204 fervidus
1791 2176 1957 2213 operator.
1988 2175 2192 2213 Specialiter
2221 2177 2336 2206 autem

1293 2255 1294 2271 ,
1324 2228 1430 2258 multa
1445 2237 1504 2257 vos
1522 2230 1553 2257 ct
1573 2228 1725 2257 ordinem
1745 2230 1895 2257 vestrum
1913 2228 2088 2259 affectione
2104 2230 2334 2268 prosequitur,

1324 2281 1427 2320 etqui
1446 2280 1486 2310 ab
1506 2280 1665 2310 omnibus
1683 2290 1723 2310 ex
1739 2281 1897 2311 clementi
1917 2289 1977 2311 sua
1998 2281 2148 2312 bonitate
2167 2282 2336 2322 diligitur,

1324 2334 1518 2373 specialiter
1537 2334 1576 2363 110
1595 2334 1768 2364 fidelitatis
1788 2336 1899 2364 vestre
1921 2334 2088 2373 probitate
2110 2335 2248 2366 confidit
2264 2344 2337 2367 ves-

1323 2389 1440 2426 traque
1451 2387 1583 2418 devotio
1602 2386 1712 2417 locum
1726 2387 1886 2426 grandem
1901 2387 1967 2417 sibi
1978 2387 2132 2419 vendicat
2144 2388 2232 2427 apud
2244 2397 2334 2419 eum.

1323 2440 1431 2479 Digne
1450 2440 1552 2479 igitur
1575 2440 1686 2478 ipsum
1703 2440 1815 2479 plenis
1832 2440 1957 2470 studiis
1974 2440 2140 2471 honorare
2160 2442 2336 2478 tenemini,

1324 2493 1423 2533 digne
1451 2493 1491 2523 ad
1517 2493 1703 2532 gratiarum
1726 2492 1792 2523 sibi
1817 2493 1966 2524 actiones
1993 2502 2171 2533 assurgere
2197 2503 2234 2525 ac
2258 2502 2336 2526 eum

1323 2546 1434 2576 laudis
1450 2546 1666 2583 magnificare
1682 2546 1852 2585 preconio,
1869 2555 1946 2576 cnm
1966 2555 2026 2577 vos
2042 2555 2101 2586 pre
2117 2547 2240 2578 ceteris
2255 2548 2338 2578 ami-

1324 2608 1380 2630 cos
1403 2599 1469 2629 sibi
1497 2600 1580 2630 fidos
1601 2599 1741 2638 elegerit
1764 2601 1795 2630 et
1825 2607 1928 2638 super
1952 2608 1990 2630 eo
2013 2608 2078 2630 non
2101 2600 2174 2631 sine
2197 2608 2336 2639 precum

1323 2653 1453 2693 rogavit
1478 2653 1652 2691 instantia,
1672 2652 1731 2684 ubi
1749 2652 1874 2684 vestris
1893 2652 2031 2685 deberet
2044 2652 2204 2694 precibus
2217 2661 2336 2694 preve·

1324 2706 1401 2738 niri.
1420 2706 1497 2746 Ipse
1514 2716 1646 2746 nempe,
1665 2706 1883 2738 considerans
1901 2706 1991 2746 quod
2008 2715 2262 2747 nonnumquam
2275 2715 2337 2747 per

1324 2760 1434 2800 ipsius
1454 2761 1583 2791 ordinis
1600 2761 1634 2791 in
1652 2761 1795 2791 Francia
1812 2762 2038 2800 preceptores,
2056 2760 2114 2799 qui
2135 2759 2245 2791 solent
2261 2768 2336 2791 esse

1322 2822 1383 2853 pro
1395 2815 1558 2853 tempore,
1571 2813 1677 2844 multa
1690 2813 1799 2852 ipsius
1811 2813 1901 2852 regis
1914 2821 2035 2852 magna
2046 2814 2078 2843 et
2088 2812 2193 2843 ardua
2202 2813 2338 2852 negotia

1322 2866 1468 2898 fideliter
1485 2868 1518 2898 et
1535 2866 1665 2897 utiliter
1681 2865 1878 2906 agebantur,
1893 2874 1931 2896 ac
1946 2865 2166 2897 considerans
2182 2865 2272 2906 quod
2287 2866 2336 2896 di-

1322 2920 1407 2951 lecto
1433 2919 1515 2954 tilio,
1538 2919 1634 2950 fratri
1657 2919 1815 2950 Americo
1839 2919 1879 2949 de
1905 2919 2012 2958 Rupe,
2031 2918 2104 2949 viro
2132 2919 2249 2958 utique
2267 2917 2335 2950 sibi
