<?xml version="1.0" encoding="UTF-8"?>
<!DOCTYPE html PUBLIC "-//W3C//DTD XHTML 1.0 Transitional//EN"
    "http://www.w3.org/TR/xhtml1/DTD/xhtml1-transitional.dtd">
<html xmlns="http://www.w3.org/1999/xhtml" xml:lang="en" lang="en">
 <head>
  <title>
</title>
<meta http-equiv="Content-Type" content="text/html;charset=utf-8" />
  <meta name='ocr-system' content='tesseract 3.04.00' />
  <meta name='ocr-capabilities' content='ocr_page ocr_carea ocr_par ocr_line ocrx_word'/>
</head>
<body>
  <div class='ocr_page' id='page_1' title='image "./lesregistresdurb12cath/lesregistresdurb12cath_0439.png"; bbox 0 0 2547 3289; ppageno 0'>
   <div class='ocr_carea' id='block_1_1' title="bbox 1035 280 1467 318">
    <p class='ocr_par' dir='ltr' id='par_1_1' title="bbox 1035 280 1467 318">
     <span class='ocr_line' id='line_1_1' title="bbox 1035 280 1467 318; baseline 0.002 -1"><span class='ocrx_word' id='word_1_1' title='bbox 1035 280 1270 318; x_wconf 71' lang='lat' dir='ltr'>DEUXOEME</span> <span class='ocrx_word' id='word_1_2' title='bbox 1301 280 1467 318; x_wconf 71' lang='lat' dir='ltr'>ANNEE.</span> 
     </span>
    </p>
   </div>
   <div class='ocr_carea' id='block_1_2' title="bbox 208 367 1231 1996">
    <p class='ocr_par' dir='ltr' id='par_1_2' title="bbox 208 367 1227 1356">
     <span class='ocr_line' id='line_1_2' title="bbox 209 367 1221 408; baseline 0.001 -10"><span class='ocrx_word' id='word_1_3' title='bbox 209 367 289 399; x_wconf 89' lang='lat' dir='ltr'>lecti</span> <span class='ocrx_word' id='word_1_4' title='bbox 312 368 374 398; x_wconf 90' lang='lat' dir='ltr'>filii</span> <span class='ocrx_word' id='word_1_5' title='bbox 401 369 570 408; x_wconf 83' lang='lat' dir='ltr'>magnifici</span> <span class='ocrx_word' id='word_1_6' title='bbox 596 369 660 399; x_wconf 76' lang='lat' dir='ltr'>viri</span> <span class='ocrx_word' id='word_1_7' title='bbox 685 369 854 406; x_wconf 84' lang='lat' dir='ltr'>Riccardi‚</span> <span class='ocrx_word' id='word_1_8' title='bbox 880 370 1014 400; x_wconf 90' lang='lat' dir='ltr'>comitis</span> <span class='ocrx_word' id='word_1_9' title='bbox 1041 370 1221 406; x_wconf 72' lang='grc'><strong>(1011101110,</strong></span> 
     </span>
     <span class='ocr_line' id='line_1_3' title="bbox 211 416 1223 456; baseline 0.002 -10"><span class='ocrx_word' id='word_1_10' title='bbox 211 416 387 447; x_wconf 72' lang='lat' dir='ltr'>dicebatur</span> <span class='ocrx_word' id='word_1_11' title='bbox 415 417 529 456; x_wconf 88' lang='lat' dir='ltr'>ipsum</span> <span class='ocrx_word' id='word_1_12' title='bbox 557 417 590 448; x_wconf 92' lang='lat' dir='ltr'>in</span> <span class='ocrx_word' id='word_1_13' title='bbox 618 417 747 448; x_wconf 85' lang='lat' dir='ltr'>eisdem</span> <span class='ocrx_word' id='word_1_14' title='bbox 779 417 903 448; x_wconf 88' lang='lat' dir='ltr'>litteris</span> <span class='ocrx_word' id='word_1_15' title='bbox 928 418 961 448; x_wconf 93' lang='lat' dir='ltr'>in</span> <span class='ocrx_word' id='word_1_16' title='bbox 992 419 1223 449; x_wconf 79' lang='lat' dir='ltr'>Romanorum</span> 
     </span>
     <span class='ocr_line' id='line_1_4' title="bbox 211 470 1224 508; baseline 0.002 -9"><span class='ocrx_word' id='word_1_17' title='bbox 211 477 325 508; x_wconf 86' lang='lat' dir='ltr'>regem</span> <span class='ocrx_word' id='word_1_18' title='bbox 350 470 495 500; x_wconf 86' lang='lat' dir='ltr'>electum</span> <span class='ocrx_word' id='word_1_19' title='bbox 521 473 553 500; x_wconf 90' lang='lat' dir='ltr'>et</span> <span class='ocrx_word' id='word_1_20' title='bbox 576 472 772 501; x_wconf 84' lang='lat' dir='ltr'>coronatum</span> <span class='ocrx_word' id='word_1_21' title='bbox 798 471 965 501; x_wconf 89' lang='lat' dir='ltr'>nominari</span> <span class='ocrx_word' id='word_1_22' title='bbox 994 471 1125 507; x_wconf 73' lang='lat' dir='ltr'>dobere,</span> <span class='ocrx_word' id='word_1_23' title='bbox 1148 481 1224 501; x_wconf 79' lang='lat' dir='ltr'>cum</span> 
     </span>
     <span class='ocr_line' id='line_1_5' title="bbox 208 523 1223 563; baseline 0.003 -11"><span class='ocrx_word' id='word_1_24' title='bbox 208 531 268 561; x_wconf 91' lang='lat' dir='ltr'>per</span> <span class='ocrx_word' id='word_1_25' title='bbox 294 523 403 553; x_wconf 82' lang='lat' dir='ltr'>felicis</span> <span class='ocrx_word' id='word_1_26' title='bbox 425 524 669 554; x_wconf 88' lang='lat' dir='ltr'>recordationis</span> <span class='ocrx_word' id='word_1_27' title='bbox 693 524 925 554; x_wconf 76' lang='lat' dir='ltr'>Alexandrum</span> <span class='ocrx_word' id='word_1_28' title='bbox 949 533 1082 563; x_wconf 82' lang='lat' dir='ltr'>papam,</span> <span class='ocrx_word' id='word_1_29' title='bbox 1108 525 1223 563; x_wconf 87' lang='lat' dir='ltr'>prede-</span> 
     </span>
     <span class='ocr_line' id='line_1_6' title="bbox 210 576 1224 616; baseline 0.002 -11"><span class='ocrx_word' id='word_1_30' title='bbox 210 584 378 606; x_wconf 77' lang='lat' dir='ltr'><strong>cessorem</strong></span> <span class='ocrx_word' id='word_1_31' title='bbox 409 578 575 611; x_wconf 86' lang='lat' dir='ltr'>nostrum,</span> <span class='ocrx_word' id='word_1_32' title='bbox 602 579 634 606; x_wconf 89' lang='lat' dir='ltr'>et</span> <span class='ocrx_word' id='word_1_33' title='bbox 660 586 678 606; x_wconf 86' lang='lat' dir='ltr'>a</span> <span class='ocrx_word' id='word_1_34' title='bbox 708 576 805 606; x_wconf 80' lang='lat' dir='ltr'>nobis</span> <span class='ocrx_word' id='word_1_35' title='bbox 830 577 930 607; x_wconf 86' lang='lat' dir='ltr'>etiam</span> <span class='ocrx_word' id='word_1_36' title='bbox 960 577 993 607; x_wconf 89' lang='grc'>111</span> <span class='ocrx_word' id='word_1_37' title='bbox 1021 577 1224 616; x_wconf 77' lang='lat' dir='ltr'>quibusdam</span> 
     </span>
     <span class='ocr_line' id='line_1_7' title="bbox 211 629 1225 668; baseline 0.001 -9"><span class='ocrx_word' id='word_1_38' title='bbox 211 629 340 659; x_wconf 90' lang='lat' dir='ltr'>nostris</span> <span class='ocrx_word' id='word_1_39' title='bbox 362 629 486 660; x_wconf 90' lang='lat' dir='ltr'>litteris</span> <span class='ocrx_word' id='word_1_40' title='bbox 513 630 554 659; x_wconf 86' lang='lat' dir='ltr'>ad</span> <span class='ocrx_word' id='word_1_41' title='bbox 573 629 697 668; x_wconf 87' lang='lat' dir='ltr'>ipsum,</span> <span class='ocrx_word' id='word_1_42' title='bbox 716 630 793 659; x_wconf 84' lang='lat' dir='ltr'>licet</span> <span class='ocrx_word' id='word_1_43' title='bbox 812 638 912 668; x_wconf 87' lang='lat' dir='ltr'>super</span> <span class='ocrx_word' id='word_1_44' title='bbox 929 630 995 659; x_wconf 86' lang='lat' dir='ltr'>alio</span> <span class='ocrx_word' id='word_1_45' title='bbox 1016 630 1153 660; x_wconf 86' lang='lat' dir='ltr'>directis</span> <span class='ocrx_word' id='word_1_46' title='bbox 1170 639 1225 660; x_wconf 79' lang='lat' dir='ltr'>ne-</span> 
     </span>
     <span class='ocr_line' id='line_1_8' title="bbox 211 681 1225 721; baseline 0.001 -10"><span class='ocrx_word' id='word_1_47' title='bbox 211 681 313 719; x_wconf 77' lang='lat' dir='ltr'>gotio,</span> <span class='ocrx_word' id='word_1_48' title='bbox 334 682 381 711; x_wconf 84' lang='lat' dir='ltr'>sic</span> <span class='ocrx_word' id='word_1_49' title='bbox 401 682 553 712; x_wconf 83' lang='lat' dir='ltr'>extiterit</span> <span class='ocrx_word' id='word_1_50' title='bbox 572 682 781 717; x_wconf 79' lang='lat' dir='ltr'>nominatus;</span> <span class='ocrx_word' id='word_1_51' title='bbox 801 682 930 720; x_wconf 82' lang='lat' dir='ltr'>sicque,</span> <span class='ocrx_word' id='word_1_52' title='bbox 949 691 1023 712; x_wconf 82' lang='lat' dir='ltr'>cum</span> <span class='ocrx_word' id='word_1_53' title='bbox 1040 682 1110 721; x_wconf 87' lang='lat' dir='ltr'>jam</span> <span class='ocrx_word' id='word_1_54' title='bbox 1130 683 1174 713; x_wconf 90' lang='lat' dir='ltr'>sit</span> <span class='ocrx_word' id='word_1_55' title='bbox 1193 683 1225 712; x_wconf 91' lang='lat' dir='ltr'>in</span> 
     </span>
     <span class='ocr_line' id='line_1_9' title="bbox 212 735 1226 774; baseline 0.001 -10"><span class='ocrx_word' id='word_1_56' title='bbox 212 735 429 773; x_wconf 77' lang='lat' dir='ltr'>possessione</span> <span class='ocrx_word' id='word_1_57' title='bbox 458 735 510 765; x_wconf 79' lang='lat' dir='ltr'>vel</span> <span class='ocrx_word' id='word_1_58' title='bbox 537 735 634 773; x_wconf 82' lang='lat' dir='ltr'>quasi</span> <span class='ocrx_word' id='word_1_59' title='bbox 659 735 870 773; x_wconf 85' lang='lat' dir='ltr'>husjusmodi</span> <span class='ocrx_word' id='word_1_60' title='bbox 896 735 1000 770; x_wconf 83' lang='lat' dir='ltr'>tituli,</span> <span class='ocrx_word' id='word_1_61' title='bbox 1028 744 1092 765; x_wconf 92' lang='lat' dir='ltr'>non</span> <span class='ocrx_word' id='word_1_62' title='bbox 1116 737 1226 774; x_wconf 86' lang='lat' dir='ltr'>potest</span> 
     </span>
     <span class='ocr_line' id='line_1_10' title="bbox 210 787 1225 826; baseline 0.002 -10"><span class='ocrx_word' id='word_1_63' title='bbox 210 787 250 816; x_wconf 91' lang='lat' dir='ltr'>de</span> <span class='ocrx_word' id='word_1_64' title='bbox 271 790 381 817; x_wconf 83' lang='lat' dir='ltr'>cetero</span> <span class='ocrx_word' id='word_1_65' title='bbox 402 787 431 817; x_wconf 89' lang='lat' dir='ltr'>ei</span> <span class='ocrx_word' id='word_1_66' title='bbox 456 788 535 818; x_wconf 88' lang='lat' dir='ltr'>talis</span> <span class='ocrx_word' id='word_1_67' title='bbox 558 788 680 817; x_wconf 88' lang='lat' dir='ltr'>titulus</span> <span class='ocrx_word' id='word_1_68' title='bbox 701 788 773 817; x_wconf 90' lang='lat' dir='ltr'>sine</span> <span class='ocrx_word' id='word_1_69' title='bbox 792 788 917 826; x_wconf 83' lang='lat' dir='ltr'>injuria</span> <span class='ocrx_word' id='word_1_70' title='bbox 936 787 1078 824; x_wconf 77' lang='lat' dir='ltr'>detrahi,</span> <span class='ocrx_word' id='word_1_71' title='bbox 1100 796 1159 817; x_wconf 87' lang='lat' dir='ltr'>nec</span> <span class='ocrx_word' id='word_1_72' title='bbox 1178 790 1225 818; x_wconf 85' lang='lat' dir='ltr'>est</span> 
     </span>
     <span class='ocr_line' id='line_1_11' title="bbox 213 840 1226 879; baseline 0.001 -9"><span class='ocrx_word' id='word_1_73' title='bbox 213 840 430 879; x_wconf 87' lang='lat' dir='ltr'>aliquatenus</span> <span class='ocrx_word' id='word_1_74' title='bbox 447 840 692 876; x_wconf 82' lang='lat' dir='ltr'>detrahendus;</span> <span class='ocrx_word' id='word_1_75' title='bbox 718 840 898 878; x_wconf 78' lang='lat' dir='ltr'>presertim</span> <span class='ocrx_word' id='word_1_76' title='bbox 916 849 991 869; x_wconf 90' lang='lat' dir='ltr'>cum</span> <span class='ocrx_word' id='word_1_77' title='bbox 1007 841 1160 870; x_wconf 81' lang='lat' dir='ltr'>nonnulli</span> <span class='ocrx_word' id='word_1_78' title='bbox 1184 849 1226 871; x_wconf 79' lang='lat' dir='ltr'>ex</span> 
     </span>
     <span class='ocr_line' id='line_1_12' title="bbox 210 892 1226 932; baseline 0.001 -10"><span class='ocrx_word' id='word_1_79' title='bbox 210 893 317 928; x_wconf 80' lang='lat' dir='ltr'>vobis,</span> <span class='ocrx_word' id='word_1_80' title='bbox 336 895 486 932; x_wconf 88' lang='lat' dir='ltr'>tempore</span> <span class='ocrx_word' id='word_1_81' title='bbox 503 893 754 931; x_wconf 74' lang='lat' dir='ltr'>predecessoris</span> <span class='ocrx_word' id='word_1_82' title='bbox 769 892 932 931; x_wconf 87' lang='lat' dir='ltr'>ejusdem,</span> <span class='ocrx_word' id='word_1_83' title='bbox 952 902 1054 931; x_wconf 87' lang='lat' dir='ltr'>super</span> <span class='ocrx_word' id='word_1_84' title='bbox 1070 893 1130 923; x_wconf 81' lang='lat' dir='ltr'>hoc</span> <span class='ocrx_word' id='word_1_85' title='bbox 1146 894 1226 923; x_wconf 82' lang='lat' dir='ltr'>deli-</span> 
     </span>
     <span class='ocr_line' id='line_1_13' title="bbox 210 946 1225 985; baseline 0 -9"><span class='ocrx_word' id='word_1_86' title='bbox 210 946 384 976; x_wconf 89' lang='lat' dir='ltr'>beratione</span> <span class='ocrx_word' id='word_1_87' title='bbox 401 946 588 985; x_wconf 87' lang='lat' dir='ltr'>prehabita,</span> <span class='ocrx_word' id='word_1_88' title='bbox 614 946 725 984; x_wconf 88' lang='lat' dir='ltr'>ipsum</span> <span class='ocrx_word' id='word_1_89' title='bbox 742 946 858 976; x_wconf 85' lang='lat' dir='ltr'>taliter</span> <span class='ocrx_word' id='word_1_90' title='bbox 877 946 1096 976; x_wconf 78' lang='lat' dir='ltr'>nominarint.</span> <span class='ocrx_word' id='word_1_91' title='bbox 1115 947 1225 976; x_wconf 78' lang='lat' dir='ltr'>Caris-</span> 
     </span>
     <span class='ocr_line' id='line_1_14' title="bbox 211 998 1225 1037; baseline 0 -9"><span class='ocrx_word' id='word_1_92' title='bbox 211 999 298 1029; x_wconf 90' lang='lat' dir='ltr'>simo</span> <span class='ocrx_word' id='word_1_93' title='bbox 324 1000 438 1029; x_wconf 88' lang='lat' dir='ltr'>autem</span> <span class='ocrx_word' id='word_1_94' title='bbox 470 999 505 1028; x_wconf 86' lang='lat' dir='ltr'>in</span> <span class='ocrx_word' id='word_1_95' title='bbox 538 998 671 1029; x_wconf 84' lang='lat' dir='ltr'>Christo</span> <span class='ocrx_word' id='word_1_96' title='bbox 698 998 768 1028; x_wconf 87' lang='grc'><strong>11110</strong></span> <span class='ocrx_word' id='word_1_97' title='bbox 800 1000 952 1034; x_wconf 88' lang='lat' dir='ltr'>nostro..‚</span> <span class='ocrx_word' id='word_1_98' title='bbox 983 999 1053 1037; x_wconf 89' lang='lat' dir='ltr'>regi</span> <span class='ocrx_word' id='word_1_99' title='bbox 1078 999 1225 1029; x_wconf 85' lang='lat' dir='ltr'>Castelle</span> 
     </span>
     <span class='ocr_line' id='line_1_15' title="bbox 211 1051 1227 1090; baseline 0 -9"><span class='ocrx_word' id='word_1_100' title='bbox 211 1052 349 1088; x_wconf 82' lang='lat' dir='ltr'>illustri,</span> <span class='ocrx_word' id='word_1_101' title='bbox 363 1061 423 1090; x_wconf 93' lang='lat' dir='ltr'>pro</span> <span class='ocrx_word' id='word_1_102' title='bbox 438 1060 476 1082; x_wconf 90' lang='lat' dir='ltr'>eo</span> <span class='ocrx_word' id='word_1_103' title='bbox 495 1060 559 1081; x_wconf 89' lang='lat' dir='ltr'>non</span> <span class='ocrx_word' id='word_1_104' title='bbox 576 1051 690 1082; x_wconf 86' lang='lat' dir='ltr'>deberi</span> <span class='ocrx_word' id='word_1_105' title='bbox 707 1051 786 1082; x_wconf 87' lang='lat' dir='ltr'>talis</span> <span class='ocrx_word' id='word_1_106' title='bbox 803 1051 925 1081; x_wconf 88' lang='lat' dir='ltr'>titulus</span> <span class='ocrx_word' id='word_1_107' title='bbox 938 1052 1128 1087; x_wconf 84' lang='lat' dir='ltr'>videbatur,</span> <span class='ocrx_word' id='word_1_108' title='bbox 1148 1052 1227 1090; x_wconf 84' lang='lat' dir='ltr'>quia</span> 
     </span>
     <span class='ocr_line' id='line_1_16' title="bbox 210 1104 1227 1144; baseline 0 -10"><span class='ocrx_word' id='word_1_109' title='bbox 210 1105 299 1134; x_wconf 89' lang='lat' dir='ltr'>idem</span> <span class='ocrx_word' id='word_1_110' title='bbox 316 1113 375 1134; x_wconf 81' lang='lat' dir='ltr'>rex</span> <span class='ocrx_word' id='word_1_111' title='bbox 394 1113 454 1135; x_wconf 89' lang='lat' dir='ltr'>nec</span> <span class='ocrx_word' id='word_1_112' title='bbox 473 1105 583 1143; x_wconf 86' lang='lat' dir='ltr'>quoad</span> <span class='ocrx_word' id='word_1_113' title='bbox 602 1104 688 1135; x_wconf 89' lang='lat' dir='ltr'>hunc</span> <span class='ocrx_word' id='word_1_114' title='bbox 702 1104 853 1140; x_wconf 71' lang='lat' dir='ltr'>titulum,</span> <span class='ocrx_word' id='word_1_115' title='bbox 872 1113 946 1134; x_wconf 89' lang='lat' dir='ltr'>cum</span> <span class='ocrx_word' id='word_1_116' title='bbox 963 1113 1149 1144; x_wconf 83' lang='lat' dir='ltr'>numquam</span> <span class='ocrx_word' id='word_1_117' title='bbox 1167 1113 1227 1143; x_wconf 88' lang='lat' dir='ltr'>per</span> 
     </span>
     <span class='ocr_line' id='line_1_17' title="bbox 210 1157 1227 1196; baseline -0.001 -8"><span class='ocrx_word' id='word_1_118' title='bbox 210 1158 349 1196; x_wconf 88' lang='lat' dir='ltr'>papales</span> <span class='ocrx_word' id='word_1_119' title='bbox 367 1158 499 1188; x_wconf 79' lang='lat' dir='ltr'>litteras</span> <span class='ocrx_word' id='word_1_120' title='bbox 518 1158 632 1188; x_wconf 86' lang='lat' dir='ltr'>taliter</span> <span class='ocrx_word' id='word_1_121' title='bbox 649 1158 842 1188; x_wconf 88' lang='lat' dir='ltr'>intitulatus</span> <span class='ocrx_word' id='word_1_122' title='bbox 860 1157 1022 1193; x_wconf 76' lang='lat' dir='ltr'>extiterit,</span> <span class='ocrx_word' id='word_1_123' title='bbox 1040 1167 1099 1188; x_wconf 80' lang='lat' dir='ltr'>nec</span> <span class='ocrx_word' id='word_1_124' title='bbox 1117 1158 1227 1196; x_wconf 77' lang='lat' dir='ltr'>quoad</span> 
     </span>
     <span class='ocr_line' id='line_1_18' title="bbox 211 1211 1226 1250; baseline -0.001 -9"><span class='ocrx_word' id='word_1_125' title='bbox 211 1211 278 1242; x_wconf 87' lang='lat' dir='ltr'>alia</span> <span class='ocrx_word' id='word_1_126' title='bbox 308 1211 372 1241; x_wconf 83' lang='lat' dir='ltr'>fuit</span> <span class='ocrx_word' id='word_1_127' title='bbox 404 1211 438 1241; x_wconf 92' lang='lat' dir='ltr'>in</span> <span class='ocrx_word' id='word_1_128' title='bbox 471 1211 586 1250; x_wconf 84' lang='lat' dir='ltr'>aliquo</span> <span class='ocrx_word' id='word_1_129' title='bbox 622 1211 878 1249; x_wconf 87' lang='lat' dir='ltr'>possessionem</span> <span class='ocrx_word' id='word_1_130' title='bbox 911 1211 964 1241; x_wconf 79' lang='lat' dir='ltr'>vel</span> <span class='ocrx_word' id='word_1_131' title='bbox 999 1211 1096 1250; x_wconf 83' lang='lat' dir='ltr'>quasi</span> <span class='ocrx_word' id='word_1_132' title='bbox 1132 1211 1226 1250; x_wconf 85' lang='lat' dir='ltr'>regni</span> 
     </span>
     <span class='ocr_line' id='line_1_19' title="bbox 210 1263 1227 1303; baseline 0 -9"><span class='ocrx_word' id='word_1_133' title='bbox 210 1263 425 1294; x_wconf 84' lang='lat' dir='ltr'>Alammanie</span> <span class='ocrx_word' id='word_1_134' title='bbox 455 1266 651 1300; x_wconf 68' lang='lat' dir='ltr'>assecutus5</span> <span class='ocrx_word' id='word_1_135' title='bbox 681 1273 743 1294; x_wconf 90' lang='lat' dir='ltr'>nec</span> <span class='ocrx_word' id='word_1_136' title='bbox 773 1264 872 1294; x_wconf 89' lang='lat' dir='ltr'>debet</span> <span class='ocrx_word' id='word_1_137' title='bbox 906 1265 1014 1294; x_wconf 86' lang='lat' dir='ltr'>status</span> <span class='ocrx_word' id='word_1_138' title='bbox 1046 1264 1227 1303; x_wconf 88' lang='lat' dir='ltr'>pendentis</span> 
     </span>
     <span class='ocr_line' id='line_1_20' title="bbox 210 1317 1225 1356; baseline 0 -9"><span class='ocrx_word' id='word_1_139' title='bbox 210 1317 337 1356; x_wconf 84' lang='lat' dir='ltr'>negotii</span> <span class='ocrx_word' id='word_1_140' title='bbox 363 1326 439 1347; x_wconf 88' lang='lat' dir='ltr'>cum</span> <span class='ocrx_word' id='word_1_141' title='bbox 466 1317 665 1348; x_wconf 78' lang='lat' dir='ltr'>alterutrius</span> <span class='ocrx_word' id='word_1_142' title='bbox 695 1317 803 1356; x_wconf 87' lang='lat' dir='ltr'>partis</span> <span class='ocrx_word' id='word_1_143' title='bbox 829 1317 1017 1356; x_wconf 80' lang='lat' dir='ltr'>prejudicio</span> <span class='ocrx_word' id='word_1_144' title='bbox 1038 1317 1225 1348; x_wconf 88' lang='lat' dir='ltr'>immutari.</span> 
     </span>
    </p>

    <p class='ocr_par' dir='ltr' id='par_1_3' title="bbox 210 1370 1231 1996">
     <span class='ocr_line' id='line_1_21' title="bbox 250 1370 1230 1410; baseline 0.001 -10"><span class='ocrx_word' id='word_1_145' title='bbox 250 1371 316 1401; x_wconf 91' lang='lat' dir='ltr'>Pro</span> <span class='ocrx_word' id='word_1_146' title='bbox 331 1372 516 1401; x_wconf 88' lang='lat' dir='ltr'>memorato</span> <span class='ocrx_word' id='word_1_147' title='bbox 530 1380 609 1401; x_wconf 77' lang='lat' dir='ltr'>vero</span> <span class='ocrx_word' id='word_1_148' title='bbox 623 1379 699 1410; x_wconf 80' lang='lat' dir='ltr'>rege</span> <span class='ocrx_word' id='word_1_149' title='bbox 710 1370 856 1401; x_wconf 84' lang='lat' dir='ltr'>Castelle</span> <span class='ocrx_word' id='word_1_150' title='bbox 872 1370 1116 1410; x_wconf 83' lang='lat' dir='ltr'>suggerebatur</span> <span class='ocrx_word' id='word_1_151' title='bbox 1128 1380 1143 1401; x_wconf 90' lang='lat' dir='ltr'>e</span> <span class='ocrx_word' id='word_1_152' title='bbox 1156 1380 1230 1401; x_wconf 89' lang='lat' dir='ltr'>con-</span> 
     </span>
     <span class='ocr_line' id='line_1_22' title="bbox 210 1424 1229 1463; baseline 0.001 -10"><span class='ocrx_word' id='word_1_153' title='bbox 210 1425 263 1453; x_wconf 86' lang='lat' dir='ltr'>tra</span> <span class='ocrx_word' id='word_1_154' title='bbox 285 1424 379 1453; x_wconf 94' lang='lat' dir='ltr'>nullo</span> <span class='ocrx_word' id='word_1_155' title='bbox 398 1424 497 1453; x_wconf 88' lang='lat' dir='ltr'>modo</span> <span class='ocrx_word' id='word_1_156' title='bbox 520 1424 636 1454; x_wconf 83' lang='lat' dir='ltr'>comiti</span> <span class='ocrx_word' id='word_1_157' title='bbox 654 1425 852 1460; x_wconf 88' lang='lat' dir='ltr'>memorato,</span> <span class='ocrx_word' id='word_1_158' title='bbox 874 1424 931 1454; x_wconf 88' lang='lat' dir='ltr'>sed</span> <span class='ocrx_word' id='word_1_159' title='bbox 950 1424 1015 1462; x_wconf 87' lang='lat' dir='ltr'>ipsi</span> <span class='ocrx_word' id='word_1_160' title='bbox 1032 1424 1114 1463; x_wconf 87' lang='lat' dir='ltr'>regi,</span> <span class='ocrx_word' id='word_1_161' title='bbox 1135 1425 1229 1463; x_wconf 81' lang='lat' dir='ltr'>regni</span> 
     </span>
     <span class='ocr_line' id='line_1_23' title="bbox 211 1476 1230 1515; baseline 0.001 -9"><span class='ocrx_word' id='word_1_162' title='bbox 211 1477 415 1507; x_wconf 84' lang='lat' dir='ltr'>Alamannie</span> <span class='ocrx_word' id='word_1_163' title='bbox 428 1476 566 1506; x_wconf 89' lang='lat' dir='ltr'>titulum</span> <span class='ocrx_word' id='word_1_164' title='bbox 580 1476 830 1513; x_wconf 89' lang='lat' dir='ltr'>ascribendum,</span> <span class='ocrx_word' id='word_1_165' title='bbox 842 1485 917 1506; x_wconf 82' lang='lat' dir='ltr'>cum</span> <span class='ocrx_word' id='word_1_166' title='bbox 933 1477 1048 1515; x_wconf 89' lang='lat' dir='ltr'>plures</span> <span class='ocrx_word' id='word_1_167' title='bbox 1059 1477 1230 1515; x_wconf 76' lang='grc'><strong>(1011111101-</strong></span> 
     </span>
     <span class='ocr_line' id='line_1_24' title="bbox 210 1529 1229 1569; baseline 0.001 -10"><span class='ocrx_word' id='word_1_168' title='bbox 210 1529 311 1568; x_wconf 89' lang='lat' dir='ltr'>pibus</span> <span class='ocrx_word' id='word_1_169' title='bbox 323 1529 526 1561; x_wconf 76' lang='lat' dir='ltr'>electoribus</span> <span class='ocrx_word' id='word_1_170' title='bbox 542 1533 618 1560; x_wconf 80' lang='lat' dir='ltr'>vota</span> <span class='ocrx_word' id='word_1_171' title='bbox 636 1538 697 1560; x_wconf 87' lang='lat' dir='ltr'>sua</span> <span class='ocrx_word' id='word_1_172' title='bbox 709 1530 896 1560; x_wconf 83' lang='lat' dir='ltr'>direxerint</span> <span class='ocrx_word' id='word_1_173' title='bbox 911 1531 944 1559; x_wconf 93' lang='lat' dir='ltr'>in</span> <span class='ocrx_word' id='word_1_174' title='bbox 960 1538 1072 1569; x_wconf 86' lang='lat' dir='ltr'>regem</span> <span class='ocrx_word' id='word_1_175' title='bbox 1087 1531 1229 1560; x_wconf 91' lang='lat' dir='ltr'>eundem</span> 
     </span>
     <span class='ocr_line' id='line_1_25' title="bbox 212 1583 1229 1623; baseline 0.001 -10"><span class='ocrx_word' id='word_1_176' title='bbox 212 1584 244 1613; x_wconf 90' lang='lat' dir='ltr'>et</span> <span class='ocrx_word' id='word_1_177' title='bbox 268 1583 382 1622; x_wconf 88' lang='lat' dir='ltr'>ipsum</span> <span class='ocrx_word' id='word_1_178' title='bbox 407 1583 449 1613; x_wconf 88' lang='lat' dir='ltr'>ad</span> <span class='ocrx_word' id='word_1_179' title='bbox 476 1583 628 1622; x_wconf 87' lang='lat' dir='ltr'>predicta</span> <span class='ocrx_word' id='word_1_180' title='bbox 652 1591 793 1622; x_wconf 85' lang='lat' dir='ltr'>regnum</span> <span class='ocrx_word' id='word_1_181' title='bbox 817 1585 848 1613; x_wconf 91' lang='lat' dir='ltr'>et</span> <span class='ocrx_word' id='word_1_182' title='bbox 874 1583 1055 1622; x_wconf 87' lang='lat' dir='ltr'>imperium</span> <span class='ocrx_word' id='word_1_183' title='bbox 1077 1583 1229 1623; x_wconf 82' lang='lat' dir='ltr'>legit-ime</span> 
     </span>
     <span class='ocr_line' id='line_1_26' title="bbox 211 1629 1216 1675; baseline 0.001 -9"><span class='ocrx_word' id='word_1_184' title='bbox 211 1637 371 1666; x_wconf 76' lang='lat' dir='ltr'>duxerint</span> <span class='ocrx_word' id='word_1_185' title='bbox 385 1629 592 1675; x_wconf 83' lang='lat' dir='ltr'>eligendum.</span> <span class='ocrx_word' id='word_1_186' title='bbox 610 1636 746 1666; x_wconf 88' lang='lat' dir='ltr'>Prefato</span> <span class='ocrx_word' id='word_1_187' title='bbox 764 1645 843 1666; x_wconf 83' lang='lat' dir='ltr'>vero</span> <span class='ocrx_word' id='word_1_188' title='bbox 861 1636 977 1666; x_wconf 89' lang='lat' dir='ltr'>comiti</span> <span class='ocrx_word' id='word_1_189' title='bbox 995 1645 1055 1666; x_wconf 90' lang='lat' dir='ltr'>nec</span> <span class='ocrx_word' id='word_1_190' title='bbox 1072 1645 1131 1674; x_wconf 88' lang='lat' dir='ltr'>per</span> <span class='ocrx_word' id='word_1_191' title='bbox 1146 1637 1216 1667; x_wconf 86' lang='lat' dir='ltr'>elec</span> 
     </span>
     <span class='ocr_line' id='line_1_27' title="bbox 211 1689 1230 1729; baseline 0.001 -10"><span class='ocrx_word' id='word_1_192' title='bbox 211 1690 352 1725; x_wconf 85' lang='lat' dir='ltr'>tionem,</span> <span class='ocrx_word' id='word_1_193' title='bbox 369 1699 433 1728; x_wconf 88' lang='grc'><strong>(1110</strong></span> <span class='ocrx_word' id='word_1_194' title='bbox 449 1690 489 1720; x_wconf 87' lang='lat' dir='ltr'>de</span> <span class='ocrx_word' id='word_1_195' title='bbox 510 1690 586 1729; x_wconf 88' lang='lat' dir='ltr'>ipso</span> <span class='ocrx_word' id='word_1_196' title='bbox 606 1690 691 1720; x_wconf 88' lang='lat' dir='ltr'>facta</span> <span class='ocrx_word' id='word_1_197' title='bbox 704 1689 840 1726; x_wconf 86' lang='lat' dir='ltr'>dicitur,</span> <span class='ocrx_word' id='word_1_198' title='bbox 858 1699 933 1719; x_wconf 83' lang='lat' dir='ltr'>cuin</span> <span class='ocrx_word' id='word_1_199' title='bbox 953 1689 1045 1719; x_wconf 89' lang='lat' dir='ltr'>nulla</span> <span class='ocrx_word' id='word_1_200' title='bbox 1063 1690 1177 1727; x_wconf 85' lang='lat' dir='ltr'>fuerit,</span> <span class='ocrx_word' id='word_1_201' title='bbox 1196 1690 1230 1720; x_wconf 92' lang='lat' dir='ltr'>in</span> 
     </span>
     <span class='ocr_line' id='line_1_28' title="bbox 213 1743 1230 1782; baseline 0.001 -9"><span class='ocrx_word' id='word_1_202' title='bbox 213 1752 315 1782; x_wconf 87' lang='lat' dir='ltr'>regno</span> <span class='ocrx_word' id='word_1_203' title='bbox 339 1745 369 1773; x_wconf 94' lang='lat' dir='ltr'>et</span> <span class='ocrx_word' id='word_1_204' title='bbox 391 1743 536 1782; x_wconf 89' lang='lat' dir='ltr'>imperio</span> <span class='ocrx_word' id='word_1_205' title='bbox 555 1743 771 1781; x_wconf 84' lang='lat' dir='ltr'>supradictis,</span> <span class='ocrx_word' id='word_1_206' title='bbox 801 1751 860 1773; x_wconf 92' lang='lat' dir='ltr'>nec</span> <span class='ocrx_word' id='word_1_207' title='bbox 884 1751 943 1781; x_wconf 90' lang='lat' dir='ltr'>per</span> <span class='ocrx_word' id='word_1_208' title='bbox 969 1743 1127 1782; x_wconf 84' lang='lat' dir='ltr'>superius</span> <span class='ocrx_word' id='word_1_209' title='bbox 1151 1744 1230 1774; x_wconf 87' lang='lat' dir='ltr'>alle-</span> 
     </span>
     <span class='ocr_line' id='line_1_29' title="bbox 213 1796 1230 1835; baseline 0 -9"><span class='ocrx_word' id='word_1_210' title='bbox 213 1799 289 1835; x_wconf 82' lang='lat' dir='ltr'>gata</span> <span class='ocrx_word' id='word_1_211' title='bbox 307 1805 367 1835; x_wconf 91' lang='lat' dir='ltr'>pro</span> <span class='ocrx_word' id='word_1_212' title='bbox 392 1796 466 1835; x_wconf 90' lang='lat' dir='ltr'>ipso</span> <span class='ocrx_word' id='word_1_213' title='bbox 488 1797 521 1826; x_wconf 93' lang='lat' dir='ltr'>in</span> <span class='ocrx_word' id='word_1_214' title='bbox 543 1805 645 1835; x_wconf 84' lang='lat' dir='ltr'>regno</span> <span class='ocrx_word' id='word_1_215' title='bbox 668 1796 769 1826; x_wconf 90' lang='lat' dir='ltr'>titulo</span> <span class='ocrx_word' id='word_1_216' title='bbox 793 1796 837 1826; x_wconf 89' lang='lat' dir='ltr'>sit</span> <span class='ocrx_word' id='word_1_217' title='bbox 853 1796 910 1835; x_wconf 83' lang='lat' dir='ltr'>jus</span> <span class='ocrx_word' id='word_1_218' title='bbox 929 1796 1066 1835; x_wconf 85' lang='lat' dir='ltr'>aliquod</span> <span class='ocrx_word' id='word_1_219' title='bbox 1085 1797 1230 1835; x_wconf 85' lang='lat' dir='ltr'>acquisi-</span> 
     </span>
     <span class='ocr_line' id='line_1_30' title="bbox 212 1849 1230 1888; baseline 0 -9"><span class='ocrx_word' id='word_1_220' title='bbox 212 1852 299 1880; x_wconf 88' lang='lat' dir='ltr'>tum.</span> <span class='ocrx_word' id='word_1_221' title='bbox 324 1850 452 1879; x_wconf 87' lang='lat' dir='ltr'>Littere</span> <span class='ocrx_word' id='word_1_222' title='bbox 474 1858 619 1888; x_wconf 87' lang='lat' dir='ltr'>namque</span> <span class='ocrx_word' id='word_1_223' title='bbox 638 1849 718 1879; x_wconf 89' lang='lat' dir='ltr'>dicti</span> <span class='ocrx_word' id='word_1_224' title='bbox 741 1849 995 1888; x_wconf 84' lang='lat' dir='ltr'>predecessoris</span> <span class='ocrx_word' id='word_1_225' title='bbox 1012 1849 1144 1879; x_wconf 90' lang='lat' dir='ltr'>nullum</span> <span class='ocrx_word' id='word_1_226' title='bbox 1163 1849 1230 1880; x_wconf 89' lang='lat' dir='ltr'>sibi</span> 
     </span>
     <span class='ocr_line' id='line_1_31' title="bbox 214 1902 1230 1942; baseline 0.001 -9"><span class='ocrx_word' id='word_1_227' title='bbox 214 1903 326 1942; x_wconf 88' lang='lat' dir='ltr'>quoad</span> <span class='ocrx_word' id='word_1_228' title='bbox 348 1903 479 1941; x_wconf 88' lang='lat' dir='ltr'>regium</span> <span class='ocrx_word' id='word_1_229' title='bbox 500 1903 639 1933; x_wconf 89' lang='lat' dir='ltr'>titulum</span> <span class='ocrx_word' id='word_1_230' title='bbox 659 1902 715 1941; x_wconf 91' lang='lat' dir='ltr'>jus</span> <span class='ocrx_word' id='word_1_231' title='bbox 739 1902 914 1937; x_wconf 72' lang='lat' dir='ltr'>dederunt,</span> <span class='ocrx_word' id='word_1_232' title='bbox 938 1911 1014 1932; x_wconf 89' lang='lat' dir='ltr'>cum</span> <span class='ocrx_word' id='word_1_233' title='bbox 1033 1903 1100 1933; x_wconf 76' lang='lat' dir='ltr'>sint</span> <span class='ocrx_word' id='word_1_234' title='bbox 1118 1903 1230 1934; x_wconf 86' lang='lat' dir='ltr'>littere</span> 
     </span>
     <span class='ocr_line' id='line_1_32' title="bbox 214 1955 1231 1996; baseline 0 -10"><span class='ocrx_word' id='word_1_235' title='bbox 214 1956 384 1996; x_wconf 80' lang='lat' dir='ltr'>placentia</span> <span class='ocrx_word' id='word_1_236' title='bbox 408 1956 564 1995; x_wconf 88' lang='lat' dir='ltr'>quedam,</span> <span class='ocrx_word' id='word_1_237' title='bbox 589 1964 630 1986; x_wconf 92' lang='lat' dir='ltr'>ne</span> <span class='ocrx_word' id='word_1_238' title='bbox 653 1955 807 1986; x_wconf 87' lang='lat' dir='ltr'>dicamus</span> <span class='ocrx_word' id='word_1_239' title='bbox 832 1956 1033 1992; x_wconf 84' lang='lat' dir='ltr'>adulatoria,</span> <span class='ocrx_word' id='word_1_240' title='bbox 1060 1964 1125 1986; x_wconf 91' lang='lat' dir='ltr'>non</span> <span class='ocrx_word' id='word_1_241' title='bbox 1144 1956 1231 1986; x_wconf 82' lang='lat' dir='ltr'>diffi-</span> 
     </span>
    </p>
   </div>
   <div class='ocr_carea' id='block_1_3' title="bbox 213 2009 1231 2097">
    <p class='ocr_par' dir='ltr' id='par_1_4' title="bbox 213 2009 1231 2097">
     <span class='ocr_line' id='line_1_33' title="bbox 214 2009 1231 2048; baseline 0 -9"><span class='ocrx_word' id='word_1_242' title='bbox 214 2009 379 2039; x_wconf 90' lang='lat' dir='ltr'>nitionem</span> <span class='ocrx_word' id='word_1_243' title='bbox 404 2009 555 2048; x_wconf 81' lang='lat' dir='ltr'>aliquam</span> <span class='ocrx_word' id='word_1_244' title='bbox 581 2009 804 2039; x_wconf 73' lang='lat' dir='ltr'>continentes</span> <span class='ocrx_word' id='word_1_245' title='bbox 822 2009 917 2044; x_wconf 87' lang='lat' dir='ltr'>Quod</span> <span class='ocrx_word' id='word_1_246' title='bbox 936 2010 1037 2039; x_wconf 84' lang='lat' dir='ltr'>etiam</span> <span class='ocrx_word' id='word_1_247' title='bbox 1059 2018 1100 2039; x_wconf 80' lang='lat' dir='ltr'>ex</span> <span class='ocrx_word' id='word_1_248' title='bbox 1121 2018 1159 2040; x_wconf 86' lang='lat' dir='ltr'>eo</span> <span class='ocrx_word' id='word_1_249' title='bbox 1177 2019 1231 2048; x_wconf 87' lang='lat' dir='ltr'>ap-</span> 
     </span>
     <span class='ocr_line' id='line_1_34' title="bbox 213 2057 1231 2097; baseline 0 -9"><span class='ocrx_word' id='word_1_250' title='bbox 213 2059 324 2096; x_wconf 87' lang='lat' dir='ltr'>paret,</span> <span class='ocrx_word' id='word_1_251' title='bbox 342 2058 421 2096; x_wconf 89' lang='lat' dir='ltr'>quia</span> <span class='ocrx_word' id='word_1_252' title='bbox 446 2058 525 2088; x_wconf 90' lang='lat' dir='ltr'>licet</span> <span class='ocrx_word' id='word_1_253' title='bbox 545 2066 648 2097; x_wconf 89' lang='lat' dir='ltr'>super</span> <span class='ocrx_word' id='word_1_254' title='bbox 668 2057 730 2088; x_wconf 89' lang='lat' dir='ltr'>hoc</span> <span class='ocrx_word' id='word_1_255' title='bbox 748 2066 808 2096; x_wconf 90' lang='lat' dir='ltr'>per</span> <span class='ocrx_word' id='word_1_256' title='bbox 826 2057 939 2096; x_wconf 87' lang='lat' dir='ltr'>ipsum</span> <span class='ocrx_word' id='word_1_257' title='bbox 956 2058 1231 2096; x_wconf 85' lang='lat' dir='ltr'>predecessorem</span> 
     </span>
    </p>
   </div>
   <div class='ocr_carea' id='block_1_4' title="bbox 215 2110 1241 2999">
    <p class='ocr_par' dir='ltr' id='par_1_5' title="bbox 215 2110 1241 2999">
     <span class='ocr_line' id='line_1_35' title="bbox 215 2110 1229 2149; baseline 0 -8"><span class='ocrx_word' id='word_1_258' title='bbox 215 2112 247 2141; x_wconf 93' lang='lat' dir='ltr'>et</span> <span class='ocrx_word' id='word_1_259' title='bbox 274 2111 398 2142; x_wconf 85' lang='lat' dir='ltr'>fratres</span> <span class='ocrx_word' id='word_1_260' title='bbox 428 2119 510 2141; x_wconf 88' lang='lat' dir='ltr'>suos</span> <span class='ocrx_word' id='word_1_261' title='bbox 542 2110 644 2141; x_wconf 85' lang='lat' dir='ltr'>fuerit</span> <span class='ocrx_word' id='word_1_262' title='bbox 674 2110 846 2141; x_wconf 88' lang='lat' dir='ltr'>interdum</span> <span class='ocrx_word' id='word_1_263' title='bbox 871 2110 1070 2141; x_wconf 86' lang='lat' dir='ltr'>deliberatio</span> <span class='ocrx_word' id='word_1_264' title='bbox 1103 2110 1229 2149; x_wconf 86' lang='lat' dir='ltr'>habita,</span> 
     </span>
     <span class='ocr_line' id='line_1_36' title="bbox 215 2164 1232 2203; baseline 0.001 -9"><span class='ocrx_word' id='word_1_265' title='bbox 215 2173 402 2203; x_wconf 85' lang='lat' dir='ltr'>numquam</span> <span class='ocrx_word' id='word_1_266' title='bbox 420 2166 534 2195; x_wconf 84' lang='lat' dir='ltr'>tamen</span> <span class='ocrx_word' id='word_1_267' title='bbox 556 2164 620 2194; x_wconf 85' lang='lat' dir='ltr'>fuit</span> <span class='ocrx_word' id='word_1_268' title='bbox 640 2164 770 2203; x_wconf 88' lang='lat' dir='ltr'>aliquid</span> <span class='ocrx_word' id='word_1_269' title='bbox 789 2164 986 2194; x_wconf 84' lang='lat' dir='ltr'>diffinitum.</span> <span class='ocrx_word' id='word_1_270' title='bbox 1013 2165 1054 2194; x_wconf 92' lang='lat' dir='ltr'>Et</span> <span class='ocrx_word' id='word_1_271' title='bbox 1074 2164 1148 2195; x_wconf 90' lang='lat' dir='ltr'>ideo</span> <span class='ocrx_word' id='word_1_272' title='bbox 1165 2173 1232 2195; x_wconf 89' lang='lat' dir='ltr'>non</span> 
     </span>
     <span class='ocr_line' id='line_1_37' title="bbox 216 2217 1233 2258; baseline 0.002 -11"><span class='ocrx_word' id='word_1_273' title='bbox 216 2219 268 2247; x_wconf 87' lang='lat' dir='ltr'>est</span> <span class='ocrx_word' id='word_1_274' title='bbox 290 2218 479 2248; x_wconf 86' lang='lat' dir='ltr'>verisimile</span> <span class='ocrx_word' id='word_1_275' title='bbox 497 2218 586 2257; x_wconf 86' lang='lat' dir='ltr'>quod</span> <span class='ocrx_word' id='word_1_276' title='bbox 608 2226 668 2256; x_wconf 91' lang='lat' dir='ltr'>per</span> <span class='ocrx_word' id='word_1_277' title='bbox 691 2218 798 2248; x_wconf 89' lang='lat' dir='ltr'>dictas</span> <span class='ocrx_word' id='word_1_278' title='bbox 816 2217 949 2248; x_wconf 83' lang='lat' dir='ltr'>litteras</span> <span class='ocrx_word' id='word_1_279' title='bbox 966 2217 1112 2248; x_wconf 78' lang='lat' dir='ltr'>voluerit</span> <span class='ocrx_word' id='word_1_280' title='bbox 1131 2227 1233 2258; x_wconf 88' lang='lat' dir='ltr'>super</span> 
     </span>
     <span class='ocr_line' id='line_1_38' title="bbox 217 2270 1233 2310; baseline 0.001 -10"><span class='ocrx_word' id='word_1_281' title='bbox 217 2270 335 2301; x_wconf 90' lang='lat' dir='ltr'>eodem</span> <span class='ocrx_word' id='word_1_282' title='bbox 365 2271 495 2310; x_wconf 86' lang='lat' dir='ltr'>aliquid</span> <span class='ocrx_word' id='word_1_283' title='bbox 528 2271 686 2302; x_wconf 86' lang='lat' dir='ltr'>diffinire.</span> <span class='ocrx_word' id='word_1_284' title='bbox 719 2271 827 2307; x_wconf 90' lang='lat' dir='ltr'>Unde,</span> <span class='ocrx_word' id='word_1_285' title='bbox 846 2279 906 2309; x_wconf 89' lang='lat' dir='ltr'>per</span> <span class='ocrx_word' id='word_1_286' title='bbox 935 2271 1071 2301; x_wconf 87' lang='lat' dir='ltr'>easdem</span> <span class='ocrx_word' id='word_1_287' title='bbox 1100 2271 1233 2302; x_wconf 88' lang='lat' dir='ltr'>litteras</span> 
     </span>
     <span class='ocr_line' id='line_1_39' title="bbox 217 2323 1234 2363; baseline 0.001 -10"><span class='ocrx_word' id='word_1_288' title='bbox 217 2323 312 2353; x_wconf 86' lang='lat' dir='ltr'>nulla</span> <span class='ocrx_word' id='word_1_289' title='bbox 328 2324 515 2354; x_wconf 88' lang='lat' dir='ltr'>necessitas</span> <span class='ocrx_word' id='word_1_290' title='bbox 535 2323 634 2354; x_wconf 91' lang='lat' dir='ltr'>nobis</span> <span class='ocrx_word' id='word_1_291' title='bbox 652 2324 815 2354; x_wconf 87' lang='lat' dir='ltr'>indicitur</span> <span class='ocrx_word' id='word_1_292' title='bbox 832 2323 1035 2354; x_wconf 83' lang='lat' dir='ltr'>observandi</span> <span class='ocrx_word' id='word_1_293' title='bbox 1052 2324 1143 2363; x_wconf 85' lang='lat' dir='ltr'>quod</span> <span class='ocrx_word' id='word_1_294' title='bbox 1159 2333 1234 2355; x_wconf 90' lang='lat' dir='ltr'>con-</span> 
     </span>
     <span class='ocr_line' id='line_1_40' title="bbox 216 2377 1233 2417; baseline 0.002 -11"><span class='ocrx_word' id='word_1_295' title='bbox 216 2377 345 2406; x_wconf 86' lang='lat' dir='ltr'>tinetur</span> <span class='ocrx_word' id='word_1_296' title='bbox 362 2377 397 2406; x_wconf 93' lang='lat' dir='ltr'>in</span> <span class='ocrx_word' id='word_1_297' title='bbox 413 2377 461 2407; x_wconf 88' lang='lat' dir='ltr'>eis</span> <span class='ocrx_word' id='word_1_298' title='bbox 477 2377 532 2407; x_wconf 90' lang='lat' dir='ltr'>vel</span> <span class='ocrx_word' id='word_1_299' title='bbox 550 2377 661 2416; x_wconf 88' lang='lat' dir='ltr'>ipsius</span> <span class='ocrx_word' id='word_1_300' title='bbox 680 2377 934 2416; x_wconf 86' lang='lat' dir='ltr'>predecessoris</span> <span class='ocrx_word' id='word_1_301' title='bbox 951 2377 984 2407; x_wconf 92' lang='lat' dir='ltr'>in</span> <span class='ocrx_word' id='word_1_302' title='bbox 1000 2377 1061 2408; x_wconf 92' lang='lat' dir='ltr'>hoc</span> <span class='ocrx_word' id='word_1_303' title='bbox 1075 2377 1233 2417; x_wconf 82' lang='lat' dir='ltr'>vestigiis</span> 
     </span>
     <span class='ocr_line' id='line_1_41' title="bbox 218 2429 1234 2470; baseline 0.001 -11"><span class='ocrx_word' id='word_1_304' title='bbox 218 2429 405 2460; x_wconf 85' lang='lat' dir='ltr'>inherendi.</span> <span class='ocrx_word' id='word_1_305' title='bbox 424 2430 493 2461; x_wconf 88' lang='lat' dir='ltr'>Nec</span> <span class='ocrx_word' id='word_1_306' title='bbox 509 2430 622 2460; x_wconf 90' lang='lat' dir='ltr'>littere</span> <span class='ocrx_word' id='word_1_307' title='bbox 640 2432 766 2467; x_wconf 89' lang='lat' dir='ltr'>nostre,</span> <span class='ocrx_word' id='word_1_308' title='bbox 779 2430 808 2460; x_wconf 92' lang='lat' dir='ltr'>si</span> <span class='ocrx_word' id='word_1_309' title='bbox 824 2431 938 2466; x_wconf 90' lang='lat' dir='ltr'>etiam,</span> <span class='ocrx_word' id='word_1_310' title='bbox 956 2432 993 2460; x_wconf 92' lang='lat' dir='ltr'>ut</span> <span class='ocrx_word' id='word_1_311' title='bbox 1009 2430 1144 2466; x_wconf 84' lang='lat' dir='ltr'>dicitur,</span> <span class='ocrx_word' id='word_1_312' title='bbox 1160 2440 1234 2470; x_wconf 90' lang='lat' dir='ltr'>pro-</span> 
     </span>
     <span class='ocr_line' id='line_1_42' title="bbox 219 2483 1235 2522; baseline 0.001 -10"><span class='ocrx_word' id='word_1_313' title='bbox 219 2485 405 2519; x_wconf 76' lang='lat' dir='ltr'>cesserunt,</span> <span class='ocrx_word' id='word_1_314' title='bbox 423 2483 464 2513; x_wconf 84' lang='lat' dir='ltr'>ad</span> <span class='ocrx_word' id='word_1_315' title='bbox 479 2483 513 2512; x_wconf 92' lang='lat' dir='ltr'>id</span> <span class='ocrx_word' id='word_1_316' title='bbox 523 2483 653 2522; x_wconf 85' lang='lat' dir='ltr'>aliquid</span> <span class='ocrx_word' id='word_1_317' title='bbox 665 2485 858 2522; x_wconf 87' lang='lat' dir='ltr'>operantur,</span> <span class='ocrx_word' id='word_1_318' title='bbox 873 2487 945 2514; x_wconf 89' lang='lat' dir='ltr'>tum</span> <span class='ocrx_word' id='word_1_319' title='bbox 959 2483 1038 2522; x_wconf 85' lang='lat' dir='ltr'>quia</span> <span class='ocrx_word' id='word_1_320' title='bbox 1052 2492 1118 2513; x_wconf 92' lang='lat' dir='ltr'>non</span> <span class='ocrx_word' id='word_1_321' title='bbox 1131 2492 1235 2522; x_wconf 88' lang='lat' dir='ltr'>super</span> 
     </span>
     <span class='ocr_line' id='line_1_43' title="bbox 219 2535 1232 2575; baseline 0.002 -10"><span class='ocrx_word' id='word_1_322' title='bbox 219 2535 355 2574; x_wconf 91' lang='lat' dir='ltr'>imperii</span> <span class='ocrx_word' id='word_1_323' title='bbox 370 2536 515 2575; x_wconf 87' lang='lat' dir='ltr'>negotio,</span> <span class='ocrx_word' id='word_1_324' title='bbox 532 2536 591 2566; x_wconf 89' lang='lat' dir='ltr'>sed</span> <span class='ocrx_word' id='word_1_325' title='bbox 604 2544 707 2574; x_wconf 90' lang='lat' dir='ltr'>super</span> <span class='ocrx_word' id='word_1_326' title='bbox 718 2536 864 2575; x_wconf 84' lang='lat' dir='ltr'>quodam</span> <span class='ocrx_word' id='word_1_327' title='bbox 877 2537 1018 2575; x_wconf 89' lang='lat' dir='ltr'>pecunie</span> <span class='ocrx_word' id='word_1_328' title='bbox 1031 2537 1232 2575; x_wconf 86' lang='lat' dir='ltr'>quantitate,</span> 
     </span>
     <span class='ocr_line' id='line_1_44' title="bbox 220 2589 1236 2628; baseline 0.001 -9"><span class='ocrx_word' id='word_1_329' title='bbox 220 2598 284 2628; x_wconf 89' lang='lat' dir='ltr'>que</span> <span class='ocrx_word' id='word_1_330' title='bbox 313 2589 354 2619; x_wconf 88' lang='lat' dir='ltr'>ab</span> <span class='ocrx_word' id='word_1_331' title='bbox 384 2589 458 2627; x_wconf 89' lang='lat' dir='ltr'>ipso</span> <span class='ocrx_word' id='word_1_332' title='bbox 483 2589 605 2619; x_wconf 86' lang='lat' dir='ltr'>comite</span> <span class='ocrx_word' id='word_1_333' title='bbox 626 2589 815 2619; x_wconf 80' lang='lat' dir='ltr'>venerabili</span> <span class='ocrx_word' id='word_1_334' title='bbox 845 2589 943 2619; x_wconf 84' lang='lat' dir='ltr'>fratri</span> <span class='ocrx_word' id='word_1_335' title='bbox 967 2591 1124 2627; x_wconf 88' lang='lat' dir='ltr'>nostro..‚</span> <span class='ocrx_word' id='word_1_336' title='bbox 1155 2589 1236 2620; x_wconf 91' lang='lat' dir='ltr'>Por-</span> 
     </span>
     <span class='ocr_line' id='line_1_45' title="bbox 219 2640 1234 2680; baseline -0.001 -8"><span class='ocrx_word' id='word_1_337' title='bbox 219 2641 331 2672; x_wconf 90' lang='lat' dir='ltr'>tuensi</span> <span class='ocrx_word' id='word_1_338' title='bbox 353 2641 523 2680; x_wconf 83' lang='lat' dir='ltr'>episcopo,</span> <span class='ocrx_word' id='word_1_339' title='bbox 548 2640 661 2671; x_wconf 80' lang='lat' dir='ltr'>debita</span> <span class='ocrx_word' id='word_1_340' title='bbox 683 2641 869 2676; x_wconf 85' lang='lat' dir='ltr'>dicebatur,</span> <span class='ocrx_word' id='word_1_341' title='bbox 889 2641 1039 2672; x_wconf 89' lang='lat' dir='ltr'>confecte</span> <span class='ocrx_word' id='word_1_342' title='bbox 1063 2641 1234 2677; x_wconf 87' lang='lat' dir='ltr'>dicuntur,</span> 
     </span>
     <span class='ocr_line' id='line_1_46' title="bbox 220 2694 1224 2733; baseline 0 -9"><span class='ocrx_word' id='word_1_343' title='bbox 220 2696 358 2733; x_wconf 87' lang='lat' dir='ltr'>propter</span> <span class='ocrx_word' id='word_1_344' title='bbox 373 2694 463 2732; x_wconf 84' lang='lat' dir='ltr'>quod</span> <span class='ocrx_word' id='word_1_345' title='bbox 480 2703 580 2732; x_wconf 88' lang='lat' dir='ltr'>super</span> <span class='ocrx_word' id='word_1_346' title='bbox 596 2694 661 2724; x_wconf 86' lang='lat' dir='ltr'>alio</span> <span class='ocrx_word' id='word_1_347' title='bbox 678 2694 777 2724; x_wconf 86' lang='lat' dir='ltr'>fidem</span> <span class='ocrx_word' id='word_1_348' title='bbox 799 2702 865 2724; x_wconf 92' lang='lat' dir='ltr'>non</span> <span class='ocrx_word' id='word_1_349' title='bbox 887 2694 1014 2724; x_wconf 87' lang='lat' dir='ltr'>faciunt</span> <span class='ocrx_word' id='word_1_350' title='bbox 1032 2703 1092 2724; x_wconf 89' lang='lat' dir='ltr'>nec</span> <span class='ocrx_word' id='word_1_351' title='bbox 1107 2694 1164 2733; x_wconf 87' lang='lat' dir='ltr'>jus</span> <span class='ocrx_word' id='word_1_352' title='bbox 1180 2694 1224 2724; x_wconf 89' lang='lat' dir='ltr'>tri</span> 
     </span>
     <span class='ocr_line' id='line_1_47' title="bbox 223 2747 1236 2786; baseline 0 -9"><span class='ocrx_word' id='word_1_353' title='bbox 223 2747 343 2783; x_wconf 87' lang='lat' dir='ltr'>buunt,</span> <span class='ocrx_word' id='word_1_354' title='bbox 359 2747 447 2777; x_wconf 87' lang='lat' dir='ltr'>sicut</span> <span class='ocrx_word' id='word_1_355' title='bbox 465 2755 525 2786; x_wconf 90' lang='lat' dir='ltr'>per</span> <span class='ocrx_word' id='word_1_356' title='bbox 544 2747 809 2777; x_wconf 85' lang='lat' dir='ltr'>instrumentum</span> <span class='ocrx_word' id='word_1_357' title='bbox 830 2755 932 2785; x_wconf 90' lang='lat' dir='ltr'>super</span> <span class='ocrx_word' id='word_1_358' title='bbox 949 2747 1015 2777; x_wconf 90' lang='lat' dir='ltr'>alio</span> <span class='ocrx_word' id='word_1_359' title='bbox 1034 2747 1236 2783; x_wconf 83' lang='lat' dir='ltr'>confectum,</span> 
     </span>
     <span class='ocr_line' id='line_1_48' title="bbox 223 2799 1239 2839; baseline 0.001 -10"><span class='ocrx_word' id='word_1_360' title='bbox 223 2801 258 2830; x_wconf 94' lang='lat' dir='ltr'>in</span> <span class='ocrx_word' id='word_1_361' title='bbox 275 2809 340 2839; x_wconf 85' lang='lat' dir='ltr'>quo</span> <span class='ocrx_word' id='word_1_362' title='bbox 358 2801 410 2830; x_wconf 86' lang='lat' dir='ltr'>vir</span> <span class='ocrx_word' id='word_1_363' title='bbox 431 2802 463 2830; x_wconf 90' lang='lat' dir='ltr'>et</span> <span class='ocrx_word' id='word_1_364' title='bbox 485 2800 608 2830; x_wconf 89' lang='lat' dir='ltr'>mulier</span> <span class='ocrx_word' id='word_1_365' title='bbox 626 2807 661 2829; x_wconf 88' lang='grc'>50</span> <span class='ocrx_word' id='word_1_366' title='bbox 679 2799 839 2838; x_wconf 84' lang='lat' dir='ltr'>conjuges</span> <span class='ocrx_word' id='word_1_367' title='bbox 858 2799 1045 2836; x_wconf 83' lang='lat' dir='ltr'>nominant,</span> <span class='ocrx_word' id='word_1_368' title='bbox 1066 2800 1239 2830; x_wconf 86' lang='lat' dir='ltr'>matrimo-</span> 
     </span>
     <span class='ocr_line' id='line_1_49' title="bbox 226 2852 1240 2892; baseline -0.001 -9"><span class='ocrx_word' id='word_1_369' title='bbox 226 2853 320 2883; x_wconf 89' lang='lat' dir='ltr'>nium</span> <span class='ocrx_word' id='word_1_370' title='bbox 339 2862 405 2883; x_wconf 90' lang='lat' dir='ltr'>non</span> <span class='ocrx_word' id='word_1_371' title='bbox 426 2852 604 2892; x_wconf 63' lang='lat' dir='ltr'>probatum</span> <span class='ocrx_word' id='word_1_372' title='bbox 626 2856 699 2882; x_wconf 88' lang='lat' dir='ltr'>tum</span> <span class='ocrx_word' id='word_1_373' title='bbox 719 2852 808 2891; x_wconf 88' lang='lat' dir='ltr'>quia,</span> <span class='ocrx_word' id='word_1_374' title='bbox 833 2852 862 2882; x_wconf 92' lang='lat' dir='ltr'>si</span> <span class='ocrx_word' id='word_1_375' title='bbox 879 2852 957 2882; x_wconf 85' lang='lat' dir='ltr'>data</span> <span class='ocrx_word' id='word_1_376' title='bbox 973 2853 1166 2883; x_wconf 84' lang='lat' dir='ltr'>earumdem</span> <span class='ocrx_word' id='word_1_377' title='bbox 1186 2852 1240 2883; x_wconf 90' lang='lat' dir='ltr'>lit-</span> 
     </span>
     <span class='ocr_line' id='line_1_50' title="bbox 225 2905 1241 2944; baseline -0.002 -7"><span class='ocrx_word' id='word_1_378' title='bbox 225 2909 389 2942; x_wconf 88' lang='lat' dir='ltr'>terarum,</span> <span class='ocrx_word' id='word_1_379' title='bbox 415 2906 444 2936; x_wconf 90' lang='lat' dir='ltr'>si</span> <span class='ocrx_word' id='word_1_380' title='bbox 469 2906 584 2936; x_wconf 83' lang='lat' dir='ltr'>forsan</span> <span class='ocrx_word' id='word_1_381' title='bbox 609 2906 805 2944; x_wconf 86' lang='lat' dir='ltr'>appareant,</span> <span class='ocrx_word' id='word_1_382' title='bbox 829 2905 1031 2942; x_wconf 85' lang='lat' dir='ltr'>attendatur,</span> <span class='ocrx_word' id='word_1_383' title='bbox 1060 2907 1173 2944; x_wconf 88' lang='lat' dir='ltr'>aperte</span> <span class='ocrx_word' id='word_1_384' title='bbox 1201 2905 1241 2935; x_wconf 90' lang='lat' dir='ltr'>li·</span> 
     </span>
     <span class='ocr_line' id='line_1_51' title="bbox 226 2958 1240 2999; baseline -0.002 -9"><span class='ocrx_word' id='word_1_385' title='bbox 226 2959 343 2999; x_wconf 87' lang='lat' dir='ltr'>quebit</span> <span class='ocrx_word' id='word_1_386' title='bbox 360 2959 449 2998; x_wconf 88' lang='lat' dir='ltr'>quod</span> <span class='ocrx_word' id='word_1_387' title='bbox 468 2968 506 2990; x_wconf 89' lang='lat' dir='ltr'>eo</span> <span class='ocrx_word' id='word_1_388' title='bbox 526 2961 678 2998; x_wconf 83' lang='lat' dir='ltr'>tempore</span> <span class='ocrx_word' id='word_1_389' title='bbox 695 2958 916 2993; x_wconf 87' lang='lat' dir='ltr'>transierunt,</span> <span class='ocrx_word' id='word_1_390' title='bbox 937 2958 1071 2997; x_wconf 81' lang='lat' dir='ltr'>quando</span> <span class='ocrx_word' id='word_1_391' title='bbox 1091 2966 1163 2994; x_wconf 90' lang='lat' dir='ltr'>nos,</span> <span class='ocrx_word' id='word_1_392' title='bbox 1182 2958 1240 2997; x_wconf 85' lang='lat' dir='ltr'>qui</span> 
     </span>
    </p>
   </div>
   <div class='ocr_carea' id='block_1_5' title="bbox 1254 385 1272 2990">
    <p class='ocr_par' dir='ltr' id='par_1_6' title="bbox 1254 385 1272 2990">
     <span class='ocr_line' id='line_1_52' title="bbox 1254 385 1272 2990; baseline 0 0"><span class='ocrx_word' id='word_1_393' title='bbox 1254 385 1272 2990; x_wconf 95' lang='lat' dir='ltr'> </span> 
     </span>
    </p>
   </div>
   <div class='ocr_carea' id='block_1_6' title="bbox 2239 289 2293 317">
    <p class='ocr_par' dir='ltr' id='par_1_7' title="bbox 2239 289 2293 317">
     <span class='ocr_line' id='line_1_53' title="bbox 2239 289 2293 317; baseline 0 0"><span class='ocrx_word' id='word_1_394' title='bbox 2239 289 2293 317; x_wconf 79' lang='lat'>171</span> 
     </span>
    </p>
   </div>
   <div class='ocr_carea' id='block_1_7' title="bbox 1285 371 2307 2196">
    <p class='ocr_par' dir='ltr' id='par_1_8' title="bbox 1285 371 2307 2196">
     <span class='ocr_line' id='line_1_54' title="bbox 1286 371 2296 410; baseline 0 -9"><span class='ocrx_word' id='word_1_395' title='bbox 1286 380 1350 401; x_wconf 91' lang='lat' dir='ltr'>non</span> <span class='ocrx_word' id='word_1_396' title='bbox 1377 372 1549 401; x_wconf 80' lang='lat' dir='ltr'>fueramus</span> <span class='ocrx_word' id='word_1_397' title='bbox 1574 371 1613 401; x_wconf 86' lang='lat' dir='ltr'>de</span> <span class='ocrx_word' id='word_1_398' title='bbox 1640 372 1780 410; x_wconf 74' lang='lat' dir='ltr'>collegio</span> <span class='ocrx_word' id='word_1_399' title='bbox 1805 371 2039 405; x_wconf 71' lang='lat' dir='ltr'>cardinalium,</span> <span class='ocrx_word' id='word_1_400' title='bbox 2063 380 2163 410; x_wconf 75' lang='lat' dir='ltr'>super</span> <span class='ocrx_word' id='word_1_401' title='bbox 2183 372 2296 409; x_wconf 74' lang='lat' dir='ltr'>liujus-</span> 
     </span>
     <span class='ocr_line' id='line_1_55' title="bbox 1285 424 2296 463; baseline -0.001 -9"><span class='ocrx_word' id='word_1_402' title='bbox 1285 425 1375 454; x_wconf 87' lang='lat' dir='ltr'>modi</span> <span class='ocrx_word' id='word_1_403' title='bbox 1402 425 1535 463; x_wconf 77' lang='lat' dir='ltr'>negotio</span> <span class='ocrx_word' id='word_1_404' title='bbox 1566 433 1631 454; x_wconf 89' lang='grc'><strong>11011</strong></span> <span class='ocrx_word' id='word_1_405' title='bbox 1660 434 1794 454; x_wconf 83' lang='lat' dir='ltr'>cramus</span> <span class='ocrx_word' id='word_1_406' title='bbox 1820 434 1878 454; x_wconf 65' lang='lat' dir='ltr'>nec</span> <span class='ocrx_word' id='word_1_407' title='bbox 1909 434 1983 454; x_wconf 78' lang='grc'><strong>0550</strong></span> <span class='ocrx_word' id='word_1_408' title='bbox 2009 427 2203 463; x_wconf 65' lang='lat' dir='ltr'>poteramus</span> <span class='ocrx_word' id='word_1_409' title='bbox 2226 424 2296 454; x_wconf 80' lang='grc'><strong>1115-</strong></span> 
     </span>
     <span class='ocr_line' id='line_1_56' title="bbox 1286 476 2296 515; baseline 0.002 -10"><span class='ocrx_word' id='word_1_410' title='bbox 1286 477 1394 506; x_wconf 81' lang='lat' dir='ltr'>tructi.</span> <span class='ocrx_word' id='word_1_411' title='bbox 1428 476 1657 507; x_wconf 79' lang='lat' dir='ltr'>Cardinalium</span> <span class='ocrx_word' id='word_1_412' title='bbox 1695 477 1796 506; x_wconf 68' lang='lat' dir='ltr'>ctiam</span> <span class='ocrx_word' id='word_1_413' title='bbox 1827 477 2050 515; x_wconf 82' lang='lat' dir='ltr'>quorumdam</span> <span class='ocrx_word' id='word_1_414' title='bbox 2082 477 2203 513; x_wconf 78' lang='lat' dir='ltr'>littere,</span> <span class='ocrx_word' id='word_1_415' title='bbox 2236 486 2296 515; x_wconf 88' lang='lat' dir='ltr'>per</span> 
     </span>
     <span class='ocr_line' id='line_1_57' title="bbox 1286 529 2295 568; baseline 0.003 -11"><span class='ocrx_word' id='word_1_416' title='bbox 1286 538 1370 567; x_wconf 74' lang='grc'><strong>11005</strong></span> <span class='ocrx_word' id='word_1_417' title='bbox 1397 530 1461 568; x_wconf 77' lang='lat' dir='ltr'>ipsi</span> <span class='ocrx_word' id='word_1_418' title='bbox 1489 529 1601 559; x_wconf 80' lang='lat' dir='ltr'>comiti</span> <span class='ocrx_word' id='word_1_419' title='bbox 1633 529 1694 559; x_wconf 64' lang='lat' dir='ltr'>suls</span> <span class='ocrx_word' id='word_1_420' title='bbox 1724 530 1815 567; x_wconf 68' lang='lat' dir='ltr'>regio</span> <span class='ocrx_word' id='word_1_421' title='bbox 1843 530 1977 559; x_wconf 86' lang='grc'><strong>1101111110</strong></span> <span class='ocrx_word' id='word_1_422' title='bbox 2002 530 2166 568; x_wconf 83' lang='lat' dir='ltr'>scriptum</span> <span class='ocrx_word' id='word_1_423' title='bbox 2188 531 2295 560; x_wconf 79' lang='lat' dir='ltr'>fuisse</span> 
     </span>
     <span class='ocr_line' id='line_1_58' title="bbox 1286 582 2295 621; baseline 0.002 -11"><span class='ocrx_word' id='word_1_424' title='bbox 1286 582 1419 618; x_wconf 81' lang='lat' dir='ltr'>dicitur,</span> <span class='ocrx_word' id='word_1_425' title='bbox 1441 591 1653 621; x_wconf 75' lang='lat' dir='ltr'>nequaquam</span> <span class='ocrx_word' id='word_1_426' title='bbox 1673 583 1705 611; x_wconf 93' lang='lat' dir='ltr'>in</span> <span class='ocrx_word' id='word_1_427' title='bbox 1722 582 1782 612; x_wconf 83' lang='lat' dir='ltr'>hoc</span> <span class='ocrx_word' id='word_1_428' title='bbox 1802 583 1978 621; x_wconf 75' lang='lat' dir='ltr'>suffragari</span> <span class='ocrx_word' id='word_1_429' title='bbox 2000 583 2155 612; x_wconf 69' lang='lat' dir='ltr'>videntur</span> <span class='ocrx_word' id='word_1_430' title='bbox 2174 583 2295 618; x_wconf 86' lang='lat' dir='ltr'>cidem,</span> 
     </span>
     <span class='ocr_line' id='line_1_59' title="bbox 1287 635 2296 666; baseline 0.002 -3"><span class='ocrx_word' id='word_1_431' title='bbox 1287 644 1361 664; x_wconf 87' lang='lat' dir='ltr'>cum</span> <span class='ocrx_word' id='word_1_432' title='bbox 1378 644 1441 665; x_wconf 88' lang='lat' dir='ltr'>non</span> <span class='ocrx_word' id='word_1_433' title='bbox 1462 635 1586 665; x_wconf 85' lang='lat' dir='ltr'>suerint</span> <span class='ocrx_word' id='word_1_434' title='bbox 1603 635 1715 665; x_wconf 83' lang='lat' dir='ltr'>habita</span> <span class='ocrx_word' id='word_1_435' title='bbox 1730 636 1899 665; x_wconf 75' lang='lat' dir='ltr'>comnmni</span> <span class='ocrx_word' id='word_1_436' title='bbox 1917 636 2161 666; x_wconf 82' lang='lat' dir='ltr'>deliberatione</span> <span class='ocrx_word' id='word_1_437' title='bbox 2178 645 2237 665; x_wconf 89' lang='lat' dir='ltr'>nec</span> <span class='ocrx_word' id='word_1_438' title='bbox 2256 636 2296 666; x_wconf 87' lang='lat' dir='ltr'>de</span> 
     </span>
     <span class='ocr_line' id='line_1_60' title="bbox 1287 689 2296 728; baseline 0.002 -11"><span class='ocrx_word' id='word_1_439' title='bbox 1287 689 1438 718; x_wconf 90' lang='lat' dir='ltr'>omnium</span> <span class='ocrx_word' id='word_1_440' title='bbox 1460 697 1627 718; x_wconf 83' lang='lat' dir='ltr'>consensu</span> <span class='ocrx_word' id='word_1_441' title='bbox 1650 697 1819 718; x_wconf 65' lang='lat' dir='ltr'>concesse.</span> <span class='ocrx_word' id='word_1_442' title='bbox 1840 689 1935 724; x_wconf 81' lang='lat' dir='ltr'>Quod</span> <span class='ocrx_word' id='word_1_443' title='bbox 1954 689 2054 719; x_wconf 77' lang='lat' dir='ltr'>ctiam</span> <span class='ocrx_word' id='word_1_444' title='bbox 2079 699 2119 718; x_wconf 75' lang='lat' dir='ltr'>cx</span> <span class='ocrx_word' id='word_1_445' title='bbox 2140 698 2177 719; x_wconf 82' lang='lat' dir='ltr'>eo</span> <span class='ocrx_word' id='word_1_446' title='bbox 2196 698 2296 728; x_wconf 85' lang='lat' dir='ltr'>appa-</span> 
     </span>
     <span class='ocr_line' id='line_1_61' title="bbox 1287 742 2297 781; baseline 0.001 -10"><span class='ocrx_word' id='word_1_447' title='bbox 1287 743 1349 777; x_wconf 87' lang='lat' dir='ltr'>ret,</span> <span class='ocrx_word' id='word_1_448' title='bbox 1376 742 1465 780; x_wconf 77' lang='lat' dir='ltr'>quod</span> <span class='ocrx_word' id='word_1_449' title='bbox 1489 750 1553 771; x_wconf 90' lang='grc'><strong>11011</strong></span> <span class='ocrx_word' id='word_1_450' title='bbox 1582 743 1734 771; x_wconf 86' lang='lat' dir='ltr'>omnium</span> <span class='ocrx_word' id='word_1_451' title='bbox 1763 742 1986 771; x_wconf 79' lang='lat' dir='ltr'>cardinalium</span> <span class='ocrx_word' id='word_1_452' title='bbox 2016 743 2073 772; x_wconf 82' lang='lat' dir='ltr'>sed</span> <span class='ocrx_word' id='word_1_453' title='bbox 2103 743 2297 781; x_wconf 72' lang='lat' dir='ltr'>aliquorum</span> 
     </span>
     <span class='ocr_line' id='line_1_62' title="bbox 1287 794 2298 833; baseline 0.002 -10"><span class='ocrx_word' id='word_1_454' title='bbox 1287 794 1518 824; x_wconf 84' lang='lat' dir='ltr'>tantummodo</span> <span class='ocrx_word' id='word_1_455' title='bbox 1546 794 1658 833; x_wconf 82' lang='lat' dir='ltr'>sigilla</span> <span class='ocrx_word' id='word_1_456' title='bbox 1685 795 1813 824; x_wconf 80' lang='lat' dir='ltr'>eisdem</span> <span class='ocrx_word' id='word_1_457' title='bbox 1846 795 1970 824; x_wconf 73' lang='lat' dir='ltr'>litteris</span> <span class='ocrx_word' id='word_1_458' title='bbox 2004 795 2109 824; x_wconf 70' lang='lat' dir='ltr'>suis-sc</span> <span class='ocrx_word' id='word_1_459' title='bbox 2140 796 2298 825; x_wconf 79' lang='lat' dir='ltr'>dicuntur</span> 
     </span>
     <span class='ocr_line' id='line_1_63' title="bbox 1288 846 2298 886; baseline 0.002 -11"><span class='ocrx_word' id='word_1_460' title='bbox 1288 855 1447 885; x_wconf 82' lang='lat' dir='ltr'>appensa.</span> <span class='ocrx_word' id='word_1_461' title='bbox 1470 846 1553 876; x_wconf 89' lang='lat' dir='ltr'>Cum</span> <span class='ocrx_word' id='word_1_462' title='bbox 1572 847 1674 885; x_wconf 79' lang='lat' dir='ltr'>igitur</span> <span class='ocrx_word' id='word_1_463' title='bbox 1694 856 1735 876; x_wconf 79' lang='lat' dir='ltr'>ex</span> <span class='ocrx_word' id='word_1_464' title='bbox 1755 847 1917 885; x_wconf 73' lang='lat' dir='ltr'>predictis</span> <span class='ocrx_word' id='word_1_465' title='bbox 1936 848 2199 886; x_wconf 57' lang='grc'><strong>10011000550115,</strong></span> <span class='ocrx_word' id='word_1_466' title='bbox 2222 857 2298 877; x_wconf 81' lang='grc'><strong>1105-</strong></span> 
     </span>
     <span class='ocr_line' id='line_1_64' title="bbox 1287 899 2298 935; baseline 0.002 -7"><span class='ocrx_word' id='word_1_467' title='bbox 1287 899 1350 929; x_wconf 84' lang='lat' dir='ltr'>tris</span> <span class='ocrx_word' id='word_1_468' title='bbox 1375 899 1427 929; x_wconf 80' lang='lat' dir='ltr'>vel</span> <span class='ocrx_word' id='word_1_469' title='bbox 1448 900 1671 929; x_wconf 84' lang='lat' dir='ltr'>cardinalium</span> <span class='ocrx_word' id='word_1_470' title='bbox 1697 900 1821 929; x_wconf 80' lang='lat' dir='ltr'>litteris</span> <span class='ocrx_word' id='word_1_471' title='bbox 1845 900 1975 929; x_wconf 88' lang='lat' dir='ltr'>nullum</span> <span class='ocrx_word' id='word_1_472' title='bbox 1995 901 2039 930; x_wconf 84' lang='lat' dir='ltr'>sit</span> <span class='ocrx_word' id='word_1_473' title='bbox 2064 900 2151 930; x_wconf 83' lang='lat' dir='ltr'>dicto</span> <span class='ocrx_word' id='word_1_474' title='bbox 2171 901 2298 935; x_wconf 73' lang='lat' dir='ltr'>coiniti,</span> 
     </span>
     <span class='ocr_line' id='line_1_65' title="bbox 1288 952 2300 992; baseline 0.001 -11"><span class='ocrx_word' id='word_1_475' title='bbox 1288 952 1375 981; x_wconf 85' lang='lat' dir='ltr'>circa</span> <span class='ocrx_word' id='word_1_476' title='bbox 1399 952 1535 982; x_wconf 83' lang='lat' dir='ltr'>titulum</span> <span class='ocrx_word' id='word_1_477' title='bbox 1559 953 1598 982; x_wconf 91' lang='lat' dir='ltr'>de</span> <span class='ocrx_word' id='word_1_478' title='bbox 1622 961 1687 991; x_wconf 87' lang='grc'><strong>(1110</strong></span> <span class='ocrx_word' id='word_1_479' title='bbox 1712 953 1830 991; x_wconf 71' lang='lat' dir='ltr'>agitur,</span> <span class='ocrx_word' id='word_1_480' title='bbox 1849 953 1905 991; x_wconf 83' lang='lat' dir='ltr'>jus</span> <span class='ocrx_word' id='word_1_481' title='bbox 1926 953 1976 982; x_wconf 72' lang='lat' dir='ltr'>vel</span> <span class='ocrx_word' id='word_1_482' title='bbox 1997 954 2169 991; x_wconf 73' lang='grc'><strong>1105505510</strong></span> <span class='ocrx_word' id='word_1_483' title='bbox 2188 954 2300 992; x_wconf 81' lang='lat' dir='ltr'>acqui-</span> 
     </span>
     <span class='ocr_line' id='line_1_66' title="bbox 1289 1004 2299 1044; baseline 0.002 -10"><span class='ocrx_word' id='word_1_484' title='bbox 1289 1005 1364 1040; x_wconf 84' lang='lat' dir='ltr'>sita,</span> <span class='ocrx_word' id='word_1_485' title='bbox 1384 1004 1478 1034; x_wconf 86' lang='lat' dir='ltr'>nulla</span> <span class='ocrx_word' id='word_1_486' title='bbox 1494 1005 1559 1034; x_wconf 84' lang='lat' dir='ltr'>dici</span> <span class='ocrx_word' id='word_1_487' title='bbox 1578 1008 1692 1043; x_wconf 84' lang='lat' dir='ltr'>posset</span> <span class='ocrx_word' id='word_1_488' title='bbox 1713 1005 1837 1044; x_wconf 86' lang='lat' dir='ltr'>injuria</span> <span class='ocrx_word' id='word_1_489' title='bbox 1857 1005 1907 1034; x_wconf 74' lang='lat' dir='ltr'>vel</span> <span class='ocrx_word' id='word_1_490' title='bbox 1928 1005 2089 1035; x_wconf 73' lang='lat' dir='ltr'>detractio</span> <span class='ocrx_word' id='word_1_491' title='bbox 2108 1006 2191 1042; x_wconf 63' lang='grc'><strong>11011,</strong></span> <span class='ocrx_word' id='word_1_492' title='bbox 2212 1006 2241 1035; x_wconf 78' lang='lat' dir='ltr'>si</span> <span class='ocrx_word' id='word_1_493' title='bbox 2260 1006 2299 1036; x_wconf 82' lang='lat' dir='ltr'>de</span> 
     </span>
     <span class='ocr_line' id='line_1_67' title="bbox 1288 1058 2300 1097; baseline 0 -9"><span class='ocrx_word' id='word_1_494' title='bbox 1288 1060 1398 1088; x_wconf 88' lang='lat' dir='ltr'>cetero</span> <span class='ocrx_word' id='word_1_495' title='bbox 1423 1058 1456 1087; x_wconf 91' lang='lat' dir='ltr'>in</span> <span class='ocrx_word' id='word_1_496' title='bbox 1481 1058 1604 1088; x_wconf 84' lang='lat' dir='ltr'>litteris</span> <span class='ocrx_word' id='word_1_497' title='bbox 1626 1058 1812 1097; x_wconf 77' lang='lat' dir='ltr'>dirigendis</span> <span class='ocrx_word' id='word_1_498' title='bbox 1829 1058 1870 1087; x_wconf 88' lang='lat' dir='ltr'>ad</span> <span class='ocrx_word' id='word_1_499' title='bbox 1891 1067 1967 1088; x_wconf 91' lang='lat' dir='ltr'>eum</span> <span class='ocrx_word' id='word_1_500' title='bbox 1991 1059 2079 1088; x_wconf 80' lang='lat' dir='ltr'>idem</span> <span class='ocrx_word' id='word_1_501' title='bbox 2100 1059 2221 1088; x_wconf 75' lang='lat' dir='ltr'>titulus</span> <span class='ocrx_word' id='word_1_502' title='bbox 2239 1059 2300 1088; x_wconf 91' lang='lat' dir='ltr'>mi-</span> 
     </span>
     <span class='ocr_line' id='line_1_68' title="bbox 1288 1111 2297 1150; baseline 0 -9"><span class='ocrx_word' id='word_1_503' title='bbox 1288 1112 1378 1141; x_wconf 88' lang='lat' dir='ltr'>nime</span> <span class='ocrx_word' id='word_1_504' title='bbox 1401 1113 1594 1150; x_wconf 72' lang='lat' dir='ltr'>poneretur,</span> <span class='ocrx_word' id='word_1_505' title='bbox 1622 1120 1680 1141; x_wconf 89' lang='lat' dir='ltr'>nec</span> <span class='ocrx_word' id='word_1_506' title='bbox 1704 1113 1812 1141; x_wconf 86' lang='lat' dir='ltr'>status</span> <span class='ocrx_word' id='word_1_507' title='bbox 1834 1111 1994 1141; x_wconf 85' lang='lat' dir='ltr'>instantis</span> <span class='ocrx_word' id='word_1_508' title='bbox 2020 1111 2145 1149; x_wconf 83' lang='lat' dir='ltr'>negotii</span> <span class='ocrx_word' id='word_1_509' title='bbox 2167 1112 2297 1141; x_wconf 44' lang='lat' dir='ltr'>censeri</span> 
     </span>
     <span class='ocr_line' id='line_1_69' title="bbox 1288 1164 2301 1203; baseline 0 -9"><span class='ocrx_word' id='word_1_510' title='bbox 1288 1167 1403 1203; x_wconf 88' lang='lat' dir='ltr'>posset</span> <span class='ocrx_word' id='word_1_511' title='bbox 1417 1164 1451 1194; x_wconf 90' lang='grc'>111</span> <span class='ocrx_word' id='word_1_512' title='bbox 1466 1164 1576 1203; x_wconf 88' lang='lat' dir='ltr'>ipsius</span> <span class='ocrx_word' id='word_1_513' title='bbox 1591 1164 1726 1193; x_wconf 81' lang='lat' dir='ltr'>comitis</span> <span class='ocrx_word' id='word_1_514' title='bbox 1743 1164 1968 1202; x_wconf 75' lang='lat' dir='ltr'>prejudicium</span> <span class='ocrx_word' id='word_1_515' title='bbox 1987 1164 2172 1197; x_wconf 83' lang='lat' dir='ltr'>immutari,</span> <span class='ocrx_word' id='word_1_516' title='bbox 2187 1164 2301 1202; x_wconf 81' lang='grc'><strong>511110-</strong></span> 
     </span>
     <span class='ocr_line' id='line_1_70' title="bbox 1289 1217 2298 1256; baseline -0.001 -9"><span class='ocrx_word' id='word_1_517' title='bbox 1289 1218 1377 1248; x_wconf 88' lang='lat' dir='ltr'>dicto</span> <span class='ocrx_word' id='word_1_518' title='bbox 1403 1217 1473 1256; x_wconf 90' lang='lat' dir='ltr'>regi</span> <span class='ocrx_word' id='word_1_519' title='bbox 1502 1218 1570 1256; x_wconf 81' lang='grc'><strong>(101,</strong></span> <span class='ocrx_word' id='word_1_520' title='bbox 1601 1218 1688 1247; x_wconf 85' lang='lat' dir='ltr'>sicut</span> <span class='ocrx_word' id='word_1_521' title='bbox 1716 1217 1911 1255; x_wconf 81' lang='lat' dir='ltr'>predicitur,</span> <span class='ocrx_word' id='word_1_522' title='bbox 1944 1219 2082 1255; x_wconf 85' lang='lat' dir='ltr'>propter</span> <span class='ocrx_word' id='word_1_523' title='bbox 2115 1217 2298 1247; x_wconf 86' lang='lat' dir='ltr'>electorum</span> 
     </span>
     <span class='ocr_line' id='line_1_71' title="bbox 1290 1270 2303 1309; baseline -0.001 -9"><span class='ocrx_word' id='word_1_524' title='bbox 1290 1271 1518 1309; x_wconf 83' lang='lat' dir='ltr'>pluralitatem</span> <span class='ocrx_word' id='word_1_525' title='bbox 1540 1270 1649 1309; x_wconf 88' lang='lat' dir='ltr'>potior</span> <span class='ocrx_word' id='word_1_526' title='bbox 1669 1270 1834 1309; x_wconf 80' lang='lat' dir='ltr'>allegatur</span> <span class='ocrx_word' id='word_1_527' title='bbox 1853 1272 1883 1299; x_wconf 90' lang='lat' dir='ltr'>in</span> <span class='ocrx_word' id='word_1_528' title='bbox 1898 1270 1986 1308; x_wconf 80' lang='lat' dir='ltr'>jure,</span> <span class='ocrx_word' id='word_1_529' title='bbox 2006 1270 2186 1299; x_wconf 85' lang='lat' dir='ltr'>adderetur</span> <span class='ocrx_word' id='word_1_530' title='bbox 2204 1270 2303 1300; x_wconf 78' lang='lat' dir='ltr'>electi</span> 
     </span>
     <span class='ocr_line' id='line_1_72' title="bbox 1289 1318 2302 1357; baseline -0.001 -8"><span class='ocrx_word' id='word_1_531' title='bbox 1289 1319 1422 1355; x_wconf 85' lang='lat' dir='ltr'>titulus,</span> <span class='ocrx_word' id='word_1_532' title='bbox 1449 1328 1524 1349; x_wconf 90' lang='lat' dir='ltr'>cum</span> <span class='ocrx_word' id='word_1_533' title='bbox 1556 1319 1603 1348; x_wconf 88' lang='lat' dir='ltr'>rei</span> <span class='ocrx_word' id='word_1_534' title='bbox 1634 1318 1775 1349; x_wconf 76' lang='lat' dir='ltr'>veritate</span> <span class='ocrx_word' id='word_1_535' title='bbox 1805 1327 2020 1348; x_wconf 76' lang='lat' dir='ltr'>concurrens.</span> <span class='ocrx_word' id='word_1_536' title='bbox 2053 1318 2117 1348; x_wconf 74' lang='lat' dir='ltr'>Sed</span> <span class='ocrx_word' id='word_1_537' title='bbox 2145 1318 2302 1357; x_wconf 81' lang='lat' dir='ltr'>allegatio</span> 
     </span>
     <span class='ocr_line' id='line_1_73' title="bbox 1290 1371 2305 1410; baseline -0.002 -8"><span class='ocrx_word' id='word_1_538' title='bbox 1290 1372 1538 1402; x_wconf 86' lang='lat' dir='ltr'>immutationis</span> <span class='ocrx_word' id='word_1_539' title='bbox 1555 1371 1749 1410; x_wconf 84' lang='lat' dir='ltr'>hujusmodi</span> <span class='ocrx_word' id='word_1_540' title='bbox 1768 1371 1877 1401; x_wconf 80' lang='lat' dir='ltr'>eidem</span> <span class='ocrx_word' id='word_1_541' title='bbox 1895 1371 2011 1401; x_wconf 89' lang='lat' dir='ltr'>comiti</span> <span class='ocrx_word' id='word_1_542' title='bbox 2030 1372 2143 1410; x_wconf 85' lang='lat' dir='ltr'>potius</span> <span class='ocrx_word' id='word_1_543' title='bbox 2162 1371 2305 1401; x_wconf 66' lang='grc'><strong>011101101-</strong></span> 
     </span>
     <span class='ocr_line' id='line_1_74' title="bbox 1290 1424 2304 1464; baseline -0.002 -8"><span class='ocrx_word' id='word_1_544' title='bbox 1290 1427 1341 1456; x_wconf 87' lang='grc'><strong>101·</strong></span> <span class='ocrx_word' id='word_1_545' title='bbox 1356 1426 1489 1456; x_wconf 72' lang='lat' dir='ltr'>videtur</span> <span class='ocrx_word' id='word_1_546' title='bbox 1503 1425 1648 1461; x_wconf 86' lang='lat' dir='ltr'>obstare,</span> <span class='ocrx_word' id='word_1_547' title='bbox 1664 1433 1723 1464; x_wconf 88' lang='lat' dir='ltr'>pro</span> <span class='ocrx_word' id='word_1_548' title='bbox 1741 1434 1779 1455; x_wconf 91' lang='lat' dir='ltr'>eo</span> <span class='ocrx_word' id='word_1_549' title='bbox 1794 1425 1882 1463; x_wconf 75' lang='grc'><strong>110011</strong></span> <span class='ocrx_word' id='word_1_550' title='bbox 1900 1425 2061 1463; x_wconf 85' lang='lat' dir='ltr'>ascriptio</span> <span class='ocrx_word' id='word_1_551' title='bbox 2079 1424 2182 1460; x_wconf 88' lang='lat' dir='ltr'>tituli,</span> <span class='ocrx_word' id='word_1_552' title='bbox 2203 1433 2304 1463; x_wconf 74' lang='lat' dir='ltr'>quam</span> 
     </span>
     <span class='ocr_line' id='line_1_75' title="bbox 1290 1478 2303 1518; baseline -0.001 -10"><span class='ocrx_word' id='word_1_553' title='bbox 1290 1487 1351 1518; x_wconf 90' lang='lat' dir='ltr'>per</span> <span class='ocrx_word' id='word_1_554' title='bbox 1370 1479 1501 1508; x_wconf 82' lang='lat' dir='ltr'>litteras</span> <span class='ocrx_word' id='word_1_555' title='bbox 1521 1478 1601 1508; x_wconf 84' lang='lat' dir='ltr'>dicti</span> <span class='ocrx_word' id='word_1_556' title='bbox 1620 1478 1886 1516; x_wconf 85' lang='lat' dir='ltr'>predecessoris,</span> <span class='ocrx_word' id='word_1_557' title='bbox 1913 1480 2065 1508; x_wconf 85' lang='lat' dir='ltr'>nostram</span> <span class='ocrx_word' id='word_1_558' title='bbox 2094 1479 2126 1507; x_wconf 84' lang='lat' dir='ltr'>et</span> <span class='ocrx_word' id='word_1_559' title='bbox 2153 1478 2303 1507; x_wconf 79' lang='lat' dir='ltr'>cardina-</span> 
     </span>
     <span class='ocr_line' id='line_1_76' title="bbox 1290 1530 2305 1570; baseline -0.002 -8"><span class='ocrx_word' id='word_1_560' title='bbox 1290 1532 1375 1562; x_wconf 87' lang='lat' dir='ltr'>lium</span> <span class='ocrx_word' id='word_1_561' title='bbox 1393 1531 1458 1562; x_wconf 88' lang='lat' dir='ltr'>sibi</span> <span class='ocrx_word' id='word_1_562' title='bbox 1474 1532 1596 1562; x_wconf 81' lang='lat' dir='ltr'>sactam</span> <span class='ocrx_word' id='word_1_563' title='bbox 1611 1531 1745 1570; x_wconf 86' lang='lat' dir='ltr'>allegat,</span> <span class='ocrx_word' id='word_1_564' title='bbox 1762 1531 1927 1570; x_wconf 86' lang='lat' dir='ltr'>pendente</span> <span class='ocrx_word' id='word_1_565' title='bbox 1946 1531 2093 1570; x_wconf 81' lang='lat' dir='ltr'>negotio,</span> <span class='ocrx_word' id='word_1_566' title='bbox 2113 1539 2178 1561; x_wconf 88' lang='lat' dir='ltr'>non</span> <span class='ocrx_word' id='word_1_567' title='bbox 2194 1530 2305 1569; x_wconf 84' lang='lat' dir='ltr'>cogni-</span> 
     </span>
     <span class='ocr_line' id='line_1_77' title="bbox 1290 1583 2302 1623; baseline -0.003 -8"><span class='ocrx_word' id='word_1_568' title='bbox 1290 1585 1464 1615; x_wconf 87' lang='lat' dir='ltr'>tionaliter</span> <span class='ocrx_word' id='word_1_569' title='bbox 1485 1593 1543 1615; x_wconf 84' lang='lat' dir='ltr'>nec</span> <span class='ocrx_word' id='word_1_570' title='bbox 1560 1583 1716 1623; x_wconf 88' lang='lat' dir='ltr'>partibus</span> <span class='ocrx_word' id='word_1_571' title='bbox 1734 1584 1930 1614; x_wconf 86' lang='lat' dir='ltr'>constitutis</span> <span class='ocrx_word' id='word_1_572' title='bbox 1949 1584 2102 1614; x_wconf 81' lang='lat' dir='ltr'>cominus</span> <span class='ocrx_word' id='word_1_573' title='bbox 2124 1584 2211 1613; x_wconf 77' lang='lat' dir='ltr'>sacta</span> <span class='ocrx_word' id='word_1_574' title='bbox 2228 1583 2302 1613; x_wconf 87' lang='lat' dir='ltr'>fuit.</span> 
     </span>
     <span class='ocr_line' id='line_1_78' title="bbox 1290 1633 2305 1673; baseline -0.001 -10"><span class='ocrx_word' id='word_1_575' title='bbox 1290 1635 1356 1663; x_wconf 89' lang='lat' dir='ltr'>Nos</span> <span class='ocrx_word' id='word_1_576' title='bbox 1378 1635 1502 1673; x_wconf 74' lang='lat' dir='ltr'>itaque,</span> <span class='ocrx_word' id='word_1_577' title='bbox 1521 1633 1588 1663; x_wconf 87' lang='lat' dir='ltr'>hiis</span> <span class='ocrx_word' id='word_1_578' title='bbox 1610 1635 1641 1663; x_wconf 88' lang='lat' dir='ltr'>et</span> <span class='ocrx_word' id='word_1_579' title='bbox 1669 1633 1757 1668; x_wconf 88' lang='lat' dir='ltr'>aliis,</span> <span class='ocrx_word' id='word_1_580' title='bbox 1784 1642 1847 1672; x_wconf 82' lang='lat' dir='ltr'>que</span> <span class='ocrx_word' id='word_1_581' title='bbox 1869 1634 1957 1663; x_wconf 85' lang='lat' dir='ltr'>circa</span> <span class='ocrx_word' id='word_1_582' title='bbox 1979 1633 2038 1663; x_wconf 88' lang='lat' dir='ltr'>hec</span> <span class='ocrx_word' id='word_1_583' title='bbox 2058 1642 2192 1662; x_wconf 77' lang='lat' dir='ltr'>movere</span> <span class='ocrx_word' id='word_1_584' title='bbox 2213 1634 2305 1671; x_wconf 82' lang='lat' dir='ltr'>pote-</span> 
     </span>
     <span class='ocr_line' id='line_1_79' title="bbox 1292 1685 2304 1726; baseline -0.001 -10"><span class='ocrx_word' id='word_1_585' title='bbox 1292 1689 1378 1723; x_wconf 77' lang='lat' dir='ltr'>rant,</span> <span class='ocrx_word' id='word_1_586' title='bbox 1395 1687 1493 1726; x_wconf 82' lang='lat' dir='ltr'>plene</span> <span class='ocrx_word' id='word_1_587' title='bbox 1511 1687 1689 1723; x_wconf 81' lang='lat' dir='ltr'>discussis,</span> <span class='ocrx_word' id='word_1_588' title='bbox 1711 1686 1836 1716; x_wconf 89' lang='lat' dir='ltr'>auditis</span> <span class='ocrx_word' id='word_1_589' title='bbox 1852 1694 1985 1725; x_wconf 78' lang='grc'><strong>(11101100</strong></span> <span class='ocrx_word' id='word_1_590' title='bbox 1999 1687 2122 1716; x_wconf 83' lang='lat' dir='ltr'>vestris</span> <span class='ocrx_word' id='word_1_591' title='bbox 2138 1685 2304 1722; x_wconf 80' lang='lat' dir='ltr'>consiliis,</span> 
     </span>
     <span class='ocr_line' id='line_1_80' title="bbox 1291 1739 2302 1779; baseline -0.002 -9"><span class='ocrx_word' id='word_1_592' title='bbox 1291 1742 1327 1770; x_wconf 92' lang='lat' dir='ltr'>ut</span> <span class='ocrx_word' id='word_1_593' title='bbox 1344 1740 1472 1779; x_wconf 85' lang='lat' dir='ltr'>lignum</span> <span class='ocrx_word' id='word_1_594' title='bbox 1490 1740 1522 1770; x_wconf 94' lang='lat' dir='ltr'>in</span> <span class='ocrx_word' id='word_1_595' title='bbox 1535 1740 1646 1770; x_wconf 89' lang='lat' dir='ltr'>medio</span> <span class='ocrx_word' id='word_1_596' title='bbox 1661 1739 1811 1779; x_wconf 85' lang='lat' dir='ltr'>paradisi</span> <span class='ocrx_word' id='word_1_597' title='bbox 1823 1739 1972 1778; x_wconf 87' lang='lat' dir='ltr'>positum</span> <span class='ocrx_word' id='word_1_598' title='bbox 1989 1739 2154 1769; x_wconf 76' lang='lat' dir='ltr'>veraciter</span> <span class='ocrx_word' id='word_1_599' title='bbox 2166 1747 2302 1777; x_wconf 84' lang='lat' dir='ltr'>presen-</span> 
     </span>
     <span class='ocr_line' id='line_1_81' title="bbox 1290 1791 2305 1831; baseline -0.002 -8"><span class='ocrx_word' id='word_1_600' title='bbox 1290 1795 1413 1830; x_wconf 88' lang='lat' dir='ltr'>temus,</span> <span class='ocrx_word' id='word_1_601' title='bbox 1434 1793 1583 1823; x_wconf 88' lang='lat' dir='ltr'>medium</span> <span class='ocrx_word' id='word_1_602' title='bbox 1602 1793 1815 1823; x_wconf 74' lang='lat' dir='ltr'>decrevimus</span> <span class='ocrx_word' id='word_1_603' title='bbox 1833 1792 2040 1831; x_wconf 85' lang='lat' dir='ltr'>eligendum,</span> <span class='ocrx_word' id='word_1_604' title='bbox 2061 1800 2119 1821; x_wconf 74' lang='lat' dir='ltr'>nec</span> <span class='ocrx_word' id='word_1_605' title='bbox 2144 1791 2305 1821; x_wconf 84' lang='lat' dir='ltr'>subincli-</span> 
     </span>
     <span class='ocr_line' id='line_1_82' title="bbox 1292 1845 2305 1885; baseline -0.003 -8"><span class='ocrx_word' id='word_1_606' title='bbox 1292 1847 1365 1877; x_wconf 86' lang='lat' dir='ltr'>nari</span> <span class='ocrx_word' id='word_1_607' title='bbox 1393 1847 1433 1876; x_wconf 90' lang='lat' dir='ltr'>ad</span> <span class='ocrx_word' id='word_1_608' title='bbox 1456 1847 1629 1876; x_wconf 77' lang='lat' dir='ltr'>dexteram</span> <span class='ocrx_word' id='word_1_609' title='bbox 1656 1846 1710 1885; x_wconf 72' lang='lat' dir='ltr'>vel</span> <span class='ocrx_word' id='word_1_610' title='bbox 1737 1846 1926 1876; x_wconf 71' lang='lat' dir='ltr'>sinistram,</span> <span class='ocrx_word' id='word_1_611' title='bbox 1957 1846 1997 1875; x_wconf 90' lang='lat' dir='ltr'>Et</span> <span class='ocrx_word' id='word_1_612' title='bbox 2025 1845 2112 1879; x_wconf 90' lang='lat' dir='ltr'>ideo,</span> <span class='ocrx_word' id='word_1_613' title='bbox 2141 1854 2215 1874; x_wconf 85' lang='lat' dir='ltr'>cum</span> <span class='ocrx_word' id='word_1_614' title='bbox 2235 1846 2305 1874; x_wconf 84' lang='lat' dir='ltr'>tam</span> 
     </span>
     <span class='ocr_line' id='line_1_83' title="bbox 1292 1898 2302 1938; baseline -0.003 -8"><span class='ocrx_word' id='word_1_615' title='bbox 1292 1901 1500 1930; x_wconf 86' lang='lat' dir='ltr'>memoratus</span> <span class='ocrx_word' id='word_1_616' title='bbox 1523 1908 1634 1929; x_wconf 89' lang='lat' dir='ltr'>comes</span> <span class='ocrx_word' id='word_1_617' title='bbox 1660 1908 1760 1938; x_wconf 86' lang='lat' dir='ltr'>quam</span> <span class='ocrx_word' id='word_1_618' title='bbox 1780 1899 1934 1938; x_wconf 81' lang='lat' dir='ltr'>prefatus</span> <span class='ocrx_word' id='word_1_619' title='bbox 1957 1907 2017 1928; x_wconf 72' lang='lat' dir='ltr'>rex</span> <span class='ocrx_word' id='word_1_620' title='bbox 2041 1898 2139 1928; x_wconf 79' lang='lat' dir='ltr'>electi</span> <span class='ocrx_word' id='word_1_621' title='bbox 2164 1898 2302 1934; x_wconf 81' lang='lat' dir='ltr'>suerint,</span> 
     </span>
     <span class='ocr_line' id='line_1_84' title="bbox 1292 1951 2288 1991; baseline -0.002 -8"><span class='ocrx_word' id='word_1_622' title='bbox 1292 1962 1365 1990; x_wconf 82' lang='lat' dir='ltr'>nos,</span> <span class='ocrx_word' id='word_1_623' title='bbox 1386 1953 1563 1983; x_wconf 86' lang='lat' dir='ltr'>veritatem</span> <span class='ocrx_word' id='word_1_624' title='bbox 1580 1954 1772 1991; x_wconf 75' lang='lat' dir='ltr'>sequentes,</span> <span class='ocrx_word' id='word_1_625' title='bbox 1793 1952 1867 1982; x_wconf 89' lang='lat' dir='ltr'>sine</span> <span class='ocrx_word' id='word_1_626' title='bbox 1886 1951 2084 1982; x_wconf 86' lang='lat' dir='ltr'>alterutrius</span> <span class='ocrx_word' id='word_1_627' title='bbox 2104 1951 2210 1989; x_wconf 81' lang='lat' dir='ltr'>partis</span> <span class='ocrx_word' id='word_1_628' title='bbox 2229 1959 2288 1989; x_wconf 88' lang='lat' dir='ltr'>pre</span> 
     </span>
     <span class='ocr_line' id='line_1_85' title="bbox 1288 2004 2307 2045; baseline -0.003 -9"><span class='ocrx_word' id='word_1_629' title='bbox 1288 2006 1427 2045; x_wconf 83' lang='lat' dir='ltr'>judicio,</span> <span class='ocrx_word' id='word_1_630' title='bbox 1454 2008 1634 2045; x_wconf 86' lang='lat' dir='ltr'>utrumque</span> <span class='ocrx_word' id='word_1_631' title='bbox 1654 2006 1807 2044; x_wconf 88' lang='lat' dir='ltr'>ipsorum</span> <span class='ocrx_word' id='word_1_632' title='bbox 1826 2005 2037 2035; x_wconf 76' lang='lat' dir='ltr'>decrevimus</span> <span class='ocrx_word' id='word_1_633' title='bbox 2055 2005 2088 2034; x_wconf 92' lang='lat' dir='ltr'>in</span> <span class='ocrx_word' id='word_1_634' title='bbox 2110 2004 2237 2034; x_wconf 86' lang='lat' dir='ltr'>nostris</span> <span class='ocrx_word' id='word_1_635' title='bbox 2254 2004 2307 2033; x_wconf 90' lang='lat' dir='ltr'>lit-</span> 
     </span>
     <span class='ocr_line' id='line_1_86' title="bbox 1291 2057 2302 2096; baseline -0.004 -6"><span class='ocrx_word' id='word_1_636' title='bbox 1291 2060 1375 2090; x_wconf 89' lang='lat' dir='ltr'>teris</span> <span class='ocrx_word' id='word_1_637' title='bbox 1403 2059 1647 2090; x_wconf 84' lang='lat' dir='ltr'>nominandum</span> <span class='ocrx_word' id='word_1_638' title='bbox 1676 2059 1710 2088; x_wconf 93' lang='lat' dir='ltr'>in</span> <span class='ocrx_word' id='word_1_639' title='bbox 1735 2059 1967 2089; x_wconf 84' lang='lat' dir='ltr'>Romanorum</span> <span class='ocrx_word' id='word_1_640' title='bbox 1997 2066 2112 2096; x_wconf 82' lang='lat' dir='ltr'>regem</span> <span class='ocrx_word' id='word_1_641' title='bbox 2144 2057 2302 2087; x_wconf 81' lang='lat' dir='ltr'>electum.</span> 
     </span>
     <span class='ocr_line' id='line_1_87' title="bbox 1292 2110 2305 2152; baseline -0.005 -8"><span class='ocrx_word' id='word_1_642' title='bbox 1292 2114 1415 2144; x_wconf 83' lang='lat' dir='ltr'>Actum</span> <span class='ocrx_word' id='word_1_643' title='bbox 1434 2113 1522 2152; x_wconf 86' lang='lat' dir='ltr'>apud</span> <span class='ocrx_word' id='word_1_644' title='bbox 1544 2112 1834 2148; x_wconf 71' lang='lat' dir='ltr'>Urbemveterem,</span> <span class='ocrx_word' id='word_1_645' title='bbox 1863 2121 1909 2141; x_wconf 77' lang='lat' dir='ltr'>vu</span> <span class='ocrx_word' id='word_1_646' title='bbox 1937 2111 2013 2141; x_wconf 87' lang='lat' dir='ltr'>idus</span> <span class='ocrx_word' id='word_1_647' title='bbox 2041 2110 2187 2150; x_wconf 82' lang='lat' dir='ltr'>augusti,</span> <span class='ocrx_word' id='word_1_648' title='bbox 2219 2118 2305 2140; x_wconf 85' lang='lat' dir='ltr'>anno</span> 
     </span>
     <span class='ocr_line' id='line_1_88' title="bbox 1292 2166 1382 2196; baseline -0.022 0"><span class='ocrx_word' id='word_1_649' title='bbox 1292 2166 1346 2196; x_wconf 70' lang='lat'>11⁰.</span> <span class='ocrx_word' id='word_1_650' title='bbox 1367 2178 1382 2194; x_wconf 76' lang='lat' dir='ltr'>n</span> 
     </span>
    </p>
   </div>
   <div class='ocr_carea' id='block_1_8' title="bbox 1384 2353 2234 2388">
    <p class='ocr_par' dir='ltr' id='par_1_9' title="bbox 1384 2353 2234 2388">
     <span class='ocr_line' id='line_1_89' title="bbox 1384 2353 2234 2388; baseline 0 -9"><span class='ocrx_word' id='word_1_651' title='bbox 1384 2357 1456 2388; x_wconf 77' lang='lat'>359</span> <span class='ocrx_word' id='word_1_652' title='bbox 1873 2353 1996 2383; x_wconf 77' lang='lat' dir='ltr'>Orvieto,</span> <span class='ocrx_word' id='word_1_653' title='bbox 2018 2353 2049 2380; x_wconf 91' lang='grc'>31</span> <span class='ocrx_word' id='word_1_654' title='bbox 2070 2354 2136 2379; x_wconf 70' lang='grc'><strong>11001.</strong></span> <span class='ocrx_word' id='word_1_655' title='bbox 2155 2354 2234 2382; x_wconf 74' lang='grc'><strong>1203,</strong></span> 
     </span>
    </p>
   </div>
   <div class='ocr_carea' id='block_1_9' title="bbox 1294 2432 2311 2568">
    <p class='ocr_par' dir='ltr' id='par_1_10' title="bbox 1294 2432 2311 2568">
     <span class='ocr_line' id='line_1_90' title="bbox 1330 2432 2311 2467; baseline -0.002 -5"><span class='ocrx_word' id='word_1_656' title='bbox 1330 2435 1509 2465; x_wconf 83' lang='lat' dir='ltr'>Riccardum,</span> <span class='ocrx_word' id='word_1_657' title='bbox 1525 2433 1663 2461; x_wconf 84' lang='lat' dir='ltr'>comitem</span> <span class='ocrx_word' id='word_1_658' title='bbox 1679 2433 1847 2466; x_wconf 83' lang='lat' dir='ltr'>Cornubiae,</span> <span class='ocrx_word' id='word_1_659' title='bbox 1867 2432 1895 2458; x_wconf 91' lang='lat' dir='ltr'>in</span> <span class='ocrx_word' id='word_1_660' title='bbox 1911 2440 2008 2467; x_wconf 80' lang='lat' dir='ltr'>regem</span> <span class='ocrx_word' id='word_1_661' title='bbox 2026 2433 2218 2459; x_wconf 82' lang='lat' dir='ltr'>Romanorum</span> <span class='ocrx_word' id='word_1_662' title='bbox 2238 2432 2311 2460; x_wconf 84' lang='lat' dir='ltr'>elec-</span> 
     </span>
     <span class='ocr_line' id='line_1_91' title="bbox 1294 2480 2311 2516; baseline -0.003 -5"><span class='ocrx_word' id='word_1_663' title='bbox 1294 2487 1366 2515; x_wconf 75' lang='lat' dir='ltr'>tum,</span> <span class='ocrx_word' id='word_1_664' title='bbox 1388 2486 1486 2511; x_wconf 79' lang='lat' dir='ltr'>monet</span> <span class='ocrx_word' id='word_1_665' title='bbox 1508 2484 1542 2509; x_wconf 85' lang='lat' dir='ltr'>dc</span> <span class='ocrx_word' id='word_1_666' title='bbox 1567 2481 1738 2509; x_wconf 77' lang='lat' dir='ltr'>diffinitione</span> <span class='ocrx_word' id='word_1_667' title='bbox 1766 2489 1856 2516; x_wconf 78' lang='lat' dir='ltr'>nuper</span> <span class='ocrx_word' id='word_1_668' title='bbox 1881 2481 1914 2507; x_wconf 84' lang='lat' dir='ltr'>de</span> <span class='ocrx_word' id='word_1_669' title='bbox 1938 2480 2060 2515; x_wconf 87' lang='lat' dir='ltr'>imperio</span> <span class='ocrx_word' id='word_1_670' title='bbox 2084 2481 2211 2508; x_wconf 84' lang='lat' dir='ltr'>Romano</span> <span class='ocrx_word' id='word_1_671' title='bbox 2235 2481 2311 2508; x_wconf 80' lang='lat' dir='ltr'>facta</span> 
     </span>
     <span class='ocr_line' id='line_1_92' title="bbox 1296 2529 2121 2568; baseline -0.004 -8"><span class='ocrx_word' id='word_1_672' title='bbox 1296 2534 1376 2568; x_wconf 80' lang='lat' dir='ltr'>(REG.</span> <span class='ocrx_word' id='word_1_673' title='bbox 1394 2534 1440 2565; x_wconf 74' lang='lat'>26,</span> <span class='ocrx_word' id='word_1_674' title='bbox 1456 2540 1542 2559; x_wconf 78' lang='lat' dir='ltr'>anno.</span> <span class='ocrx_word' id='word_1_675' title='bbox 1559 2532 1593 2563; x_wconf 81' lang='grc' dir='ltr'><strong>ΙΙ,</strong></span> <span class='ocrx_word' id='word_1_676' title='bbox 1610 2536 1639 2557; x_wconf 81' lang='lat' dir='ltr'>n⁰</span> <span class='ocrx_word' id='word_1_677' title='bbox 1654 2531 1715 2559; x_wconf 74' lang='lat'>221,</span> <span class='ocrx_word' id='word_1_678' title='bbox 1734 2529 1753 2556; x_wconf 73' lang='lat'>[⁰</span> <span class='ocrx_word' id='word_1_679' title='bbox 1772 2530 1829 2557; x_wconf 73' lang='lat'>121.</span> <span class='ocrx_word' id='word_1_680' title='bbox 1849 2530 1996 2556; x_wconf 67' lang='lat' dir='ltr'>Porrimsr</span> <span class='ocrx_word' id='word_1_681' title='bbox 2013 2530 2121 2564; x_wconf 73' lang='grc'><strong>18633).</strong></span> 
     </span>
    </p>
   </div>
   <div class='ocr_carea' id='block_1_10' title="bbox 1337 2633 2314 2674">
    <p class='ocr_par' dir='ltr' id='par_1_11' title="bbox 1337 2633 2314 2674">
     <span class='ocr_line' id='line_1_93' title="bbox 1337 2633 2314 2674; baseline -0.003 -7"><span class='ocrx_word' id='word_1_682' title='bbox 1337 2648 1351 2667; x_wconf 88' lang='grc'>(1</span> <span class='ocrx_word' id='word_1_683' title='bbox 1379 2636 1543 2667; x_wconf 81' lang='lat' dir='ltr'>Carissimo</span> <span class='ocrx_word' id='word_1_684' title='bbox 1566 2635 1595 2664; x_wconf 80' lang='lat' dir='ltr'>in</span> <span class='ocrx_word' id='word_1_685' title='bbox 1623 2634 1744 2665; x_wconf 67' lang='lat' dir='ltr'>Christo</span> <span class='ocrx_word' id='word_1_686' title='bbox 1768 2633 1834 2673; x_wconf 79' lang='lat' dir='ltr'>filio</span> <span class='ocrx_word' id='word_1_687' title='bbox 1854 2634 1906 2668; x_wconf 67' lang='lat' dir='ltr'>R,</span> <span class='ocrx_word' id='word_1_688' title='bbox 1925 2635 1956 2663; x_wconf 74' lang='lat' dir='ltr'>in</span> <span class='ocrx_word' id='word_1_689' title='bbox 1981 2634 2185 2664; x_wconf 74' lang='lat' dir='ltr'>Romanorum</span> <span class='ocrx_word' id='word_1_690' title='bbox 2214 2644 2314 2674; x_wconf 71' lang='lat' dir='ltr'>reyem</span> 
     </span>
    </p>
   </div>
   <div class='ocr_carea' id='block_1_11' title="bbox 1297 2687 2358 2727">
    <p class='ocr_par' dir='ltr' id='par_1_12' title="bbox 1297 2687 2358 2727">
     <span class='ocr_line' id='line_1_94' title="bbox 1297 2687 2358 2727; baseline -0.003 -6"><span class='ocrx_word' id='word_1_691' title='bbox 1297 2691 1399 2721; x_wconf 76' lang='lat' dir='ltr'>electo.</span> <span class='ocrx_word' id='word_1_692' title='bbox 1418 2690 1567 2725; x_wconf 83' lang='lat' dir='ltr'>Utinam,</span> <span class='ocrx_word' id='word_1_693' title='bbox 1593 2688 1641 2718; x_wconf 87' lang='lat' dir='ltr'>fili</span> <span class='ocrx_word' id='word_1_694' title='bbox 1666 2687 1854 2721; x_wconf 84' lang='lat' dir='ltr'>carissime,</span> <span class='ocrx_word' id='word_1_695' title='bbox 1880 2687 1920 2717; x_wconf 88' lang='lat' dir='ltr'>ad</span> <span class='ocrx_word' id='word_1_696' title='bbox 1940 2687 2077 2726; x_wconf 89' lang='lat' dir='ltr'>plenum</span> <span class='ocrx_word' id='word_1_697' title='bbox 2098 2687 2161 2718; x_wconf 86' lang='lat' dir='ltr'>tibi</span> <span class='ocrx_word' id='word_1_698' title='bbox 2183 2689 2314 2727; x_wconf 85' lang='lat' dir='ltr'>pateret</span> <span class='ocrx_word' id='word_1_699' title='bbox 2353 2710 2358 2711; x_wconf 20' lang='grc' dir='ltr'><em>κ</em></span> 
     </span>
    </p>
   </div>
   <div class='ocr_carea' id='block_1_12' title="bbox 1298 2741 2314 2995">
    <p class='ocr_par' dir='ltr' id='par_1_13' title="bbox 1298 2741 2314 2995">
     <span class='ocr_line' id='line_1_95' title="bbox 1298 2741 2311 2780; baseline -0.004 -6"><span class='ocrx_word' id='word_1_700' title='bbox 1298 2746 1412 2774; x_wconf 84' lang='grc'><strong>1105110</strong></span> <span class='ocrx_word' id='word_1_701' title='bbox 1437 2743 1478 2773; x_wconf 90' lang='lat' dir='ltr'>ad</span> <span class='ocrx_word' id='word_1_702' title='bbox 1502 2744 1595 2772; x_wconf 82' lang='lat' dir='ltr'>tuam</span> <span class='ocrx_word' id='word_1_703' title='bbox 1617 2741 1903 2780; x_wconf 81' lang='lat' dir='ltr'>magnificentiam</span> <span class='ocrx_word' id='word_1_704' title='bbox 1920 2741 2127 2771; x_wconf 90' lang='lat' dir='ltr'>sinceritatis</span> <span class='ocrx_word' id='word_1_705' title='bbox 2151 2742 2311 2772; x_wconf 82' lang='lat' dir='ltr'>affectus!</span> 
     </span>
     <span class='ocr_line' id='line_1_96' title="bbox 1299 2794 2314 2834; baseline -0.003 -7"><span class='ocrx_word' id='word_1_706' title='bbox 1299 2798 1428 2828; x_wconf 89' lang='lat' dir='ltr'>utinam</span> <span class='ocrx_word' id='word_1_707' title='bbox 1446 2795 1544 2834; x_wconf 91' lang='lat' dir='ltr'>plene</span> <span class='ocrx_word' id='word_1_708' title='bbox 1570 2795 1780 2834; x_wconf 83' lang='lat' dir='ltr'>intelligeres</span> <span class='ocrx_word' id='word_1_709' title='bbox 1798 2794 1905 2824; x_wconf 90' lang='lat' dir='ltr'>nostri</span> <span class='ocrx_word' id='word_1_710' title='bbox 1922 2802 1999 2833; x_wconf 84' lang='lat' dir='ltr'>erga</span> <span class='ocrx_word' id='word_1_711' title='bbox 2016 2795 2047 2824; x_wconf 90' lang='lat' dir='ltr'>te</span> <span class='ocrx_word' id='word_1_712' title='bbox 2065 2794 2169 2824; x_wconf 86' lang='lat' dir='ltr'>animi</span> <span class='ocrx_word' id='word_1_713' title='bbox 2186 2794 2314 2833; x_wconf 88' lang='lat' dir='ltr'>purita-</span> 
     </span>
     <span class='ocr_line' id='line_1_97' title="bbox 1299 2848 2313 2887; baseline -0.003 -7"><span class='ocrx_word' id='word_1_714' title='bbox 1299 2852 1386 2881; x_wconf 80' lang='lat' dir='ltr'>tem!</span> <span class='ocrx_word' id='word_1_715' title='bbox 1405 2848 1540 2879; x_wconf 87' lang='lat' dir='ltr'>Etenim</span> <span class='ocrx_word' id='word_1_716' title='bbox 1561 2848 1711 2887; x_wconf 83' lang='lat' dir='ltr'>profecto</span> <span class='ocrx_word' id='word_1_717' title='bbox 1735 2855 1954 2886; x_wconf 84' lang='lat' dir='ltr'>cognosceres</span> <span class='ocrx_word' id='word_1_718' title='bbox 1974 2855 2048 2884; x_wconf 87' lang='lat' dir='ltr'>nos,</span> <span class='ocrx_word' id='word_1_719' title='bbox 2067 2848 2240 2886; x_wconf 85' lang='lat' dir='ltr'>tamquam</span> <span class='ocrx_word' id='word_1_720' title='bbox 2258 2856 2313 2886; x_wconf 84' lang='lat' dir='ltr'>pa-</span> 
     </span>
     <span class='ocr_line' id='line_1_98' title="bbox 1300 2900 2313 2939; baseline -0.003 -6"><span class='ocrx_word' id='word_1_721' title='bbox 1300 2905 1386 2934; x_wconf 87' lang='lat' dir='ltr'>trem</span> <span class='ocrx_word' id='word_1_722' title='bbox 1401 2901 1608 2937; x_wconf 87' lang='lat' dir='ltr'>benivolum,</span> <span class='ocrx_word' id='word_1_723' title='bbox 1620 2909 1712 2931; x_wconf 85' lang='lat' dir='ltr'>more</span> <span class='ocrx_word' id='word_1_724' title='bbox 1723 2902 1875 2939; x_wconf 82' lang='lat' dir='ltr'>paterno,</span> <span class='ocrx_word' id='word_1_725' title='bbox 1887 2900 1926 2930; x_wconf 89' lang='lat' dir='ltr'>de</span> <span class='ocrx_word' id='word_1_726' title='bbox 1937 2901 2006 2930; x_wconf 85' lang='lat' dir='ltr'>tam</span> <span class='ocrx_word' id='word_1_727' title='bbox 2016 2900 2084 2930; x_wconf 91' lang='lat' dir='ltr'>cari</span> <span class='ocrx_word' id='word_1_728' title='bbox 2094 2900 2156 2930; x_wconf 88' lang='lat' dir='ltr'>filii</span> <span class='ocrx_word' id='word_1_729' title='bbox 2167 2901 2313 2939; x_wconf 88' lang='lat' dir='ltr'>gaudere</span> 
     </span>
     <span class='ocr_line' id='line_1_99' title="bbox 1302 2953 2311 2995; baseline -0.004 -9"><span class='ocrx_word' id='word_1_730' title='bbox 1302 2954 1511 2995; x_wconf 84' lang='lat' dir='ltr'>profectibus</span> <span class='ocrx_word' id='word_1_731' title='bbox 1537 2955 1568 2984; x_wconf 88' lang='grc'>01</span> <span class='ocrx_word' id='word_1_732' title='bbox 1595 2962 1776 2992; x_wconf 88' lang='lat' dir='ltr'>processus</span> <span class='ocrx_word' id='word_1_733' title='bbox 1804 2955 1949 2990; x_wconf 88' lang='lat' dir='ltr'>nostros,</span> <span class='ocrx_word' id='word_1_734' title='bbox 1981 2954 2180 2993; x_wconf 85' lang='lat' dir='ltr'>interpretis</span> <span class='ocrx_word' id='word_1_735' title='bbox 2199 2953 2311 2983; x_wconf 81' lang='lat' dir='ltr'>calum</span> 
     </span>
    </p>
   </div>
  </div>
 </body>
</html>
