2547 3289
294 237 334 267 80

293 318 342 348 sic
356 316 453 347 nobis
467 323 526 354 per
537 315 631 352 grata
645 312 835 343 devotionis
852 311 1014 350 obsequia
1025 311 1156 349 placere
1169 312 1297 342 studuit
1326 318 1328 327 ¹

293 371 329 400 ut
342 368 491 399 debitum
508 367 703 405 reputemus
714 365 802 404 quod
814 364 887 403 ejus
899 364 1077 394 sinceritas
1088 372 1150 394 nos
1163 372 1297 403 promp-

292 423 346 451 tos
365 420 513 450 inveniat
536 419 569 448 in
593 417 783 448 actionibus
808 417 1005 455 gratiarum.
1025 416 1108 446 Cum
1125 417 1237 455 igitur,
1253 417 1297 446 si—

293 474 347 503 cut
365 472 566 510 accepimus,
581 471 732 509 predicto
746 469 920 508 capellano
935 469 1076 508 quodam
1093 477 1201 499 annue
1219 477 1295 507 pen-

292 525 418 560 siones,
444 532 507 562 qne
538 523 571 553 in
600 523 780 553 Provincia
810 522 949 556 obtinet,
969 530 1029 560 per
1054 521 1240 551 triennium
1265 524 1297 551 et

293 577 440 616 amplius
457 576 525 606 sint
548 576 728 610 subtracte,
744 584 815 611 nos,
827 575 980 605 volentos
997 574 1104 605 cidem
1122 574 1296 613 capellano

292 629 471 669 superhoc
499 629 648 659 remedio
681 629 857 659 consulere
887 629 1065 666 oportuno,
1099 627 1296 658 discretioni

291 684 347 713 tue
363 691 421 721 per
439 681 625 721 apostolica
643 681 769 720 scripta
789 681 989 711 mandamus
1006 681 1172 719 quatenus
1187 689 1247 719 per
1264 681 1296 710 te

291 735 343 765 vel
367 735 472 765 alium
505 736 561 765 aut
589 735 674 765 alios
692 735 781 764 dicto
800 734 974 772 capellano
1001 734 1053 763 vel
1085 733 1296 772 procuratori
1326 745 1327 749 ¹

292 789 364 818 sive
397 787 675 826 procuratoribus
706 787 791 825 ejus,
811 796 871 817 suo
900 787 1047 820 nomine,
1077 787 1236 825 quotiens
1255 785 1297 815 ab

291 841 377 880 ipsis
396 841 500 870 fueris
527 841 724 879 1·c‹1uisituS‚
758 840 940 879 pensiones
970 839 1162 878 hujusmodi
1182 848 1201 869 a
1228 840 1299 877 qui-

290 893 439 924 buslibet
453 893 696 929 detentoribus,
712 893 953 932 cujuscumque
972 892 1187 926 conditionis,
1206 891 1298 921 ordi-

290 947 344 976 nis
360 955 419 976 seu
437 946 612 985 dignitatis
632 946 791 981 existant,
814 945 916 975 facias
929 945 1027 983 juxta
1039 945 1132 975 fere.
1149 944 1299 975 Alexan-

291 1000 342 1029 dri
363 1008 459 1038 pape,
485 1000 735 1038 predecessoris
761 998 880 1035 nostri,
904 998 1146 1028 continentiam
1171 998 1299 1028 littera-

290 1061 376 1088 rum,
402 1052 528 1091 integre
553 1051 704 1082 exhiberi
729 1053 760 1082 et
782 1052 821 1081 de
843 1051 1025 1081 subtractis
1043 1051 1178 1090 plenam
1198 1051 1299 1080 satis-

290 1105 471 1135 factionem
492 1105 655 1143 impendi.
680 1104 952 1134 Contradietores
969 1123 1018 1132 —.
1042 1105 1118 1135 Non
1142 1103 1298 1134 obstante

293 1157 322 1188 si
350 1177 400 1188 —.
431 1158 555 1188 Datum
583 1158 671 1196 apud
702 1157 989 1193 Urbemveterem,
1014 1166 1090 1187 xuii
1132 1156 1298 1187 kalendas

294 1211 439 1249 augusti,
460 1219 547 1241 anno
562 1211 719 1241 secundo.
741 1223 754 1237 »

383 1383 456 1414 29ss
853 1381 974 1412 Orvieto,
992 1381 1129 1416 t9juillet
1150 1383 1226 1409 1263.

329 1461 468 1496 Episcopo
492 1462 657 1489 l'enestrino
673 1461 749 1488 idem
773 1461 966 1489 committitur
987 1462 1133 1497 negotium
1154 1462 1182 1488 in
1207 1469 1300 1497 regno

294 1509 452 1537 Alamaniat
469 1511 547 1545 (um.
563 1512 607 1542 27,
628 1511 674 1537 fol.
695 1512 738 1543 81,
754 1517 783 1537 n⁰
805 1511 840 1543 t.)

333 1603 523 1643 «Episcopo
554 1603 741 1634 szeslrino.
769 1603 922 1634 Dilectus
950 1604 1040 1633 filius
1066 1604 1228 1643 magister
1248 1621 1297 1637 -‚

294 1665 400 1695 usque
418 1657 451 1686 in
469 1657 582 1687 tinem.
603 1667 618 1685 »

383 1830 545 1860 297-298
845 1829 968 1860 Orvieto‚
992 1828 1127 1863 iejuillct
1148 1830 1226 1855 1263.

329 1908 471 1942 Magistris
497 1909 619 1936 Johanni
644 1910 677 1935 de
709 1909 869 1935 Sarmineto
897 1911 925 1935 et
951 1908 1067 1935 Nicolao
1091 1910 1124 1935 de
1146 1908 1300 1935 Terracina

294 1955 371 1982 idem
390 1957 582 1984 committitur
601 1957 748 1991 negotium
769 1957 797 1983 in
812 1965 902 1991 regno
926 1957 1062 1984 Franciae.
1081 1958 1161 1990 (Rue.
1184 1959 1228 1988 27,
1246 1957 1298 1984 sol.

295 2005 339 2036 81,
354 2009 385 2031 no
405 2006 445 2040 ⁸2.)

335 2108 350 2127 «
362 2098 521 2137 Mayislris
529 2097 665 2127 ιΙοΙιαηηὶ
680 2097 716 2127 (le
728 2096 912 2134 Sar-mineio,
924 2099 1070 2127 canonico
1081 2098 1259 2135 Parisionsi,
1272 2104 1298 2128 el

295 2150 422 2180 ΝἰεοΙαο
440 2151 476 2180 dc
496 2151 670 2187 Terracina,
693 2151 860 2191 capellanis
881 2152 999 2186 nostris,
1018 2151 1158 2181 l’arisius
1173 2162 1299 2182 commo-

295 2203 443 2233 rantibus.
468 2204 621 2234 Dilectus
646 2204 736 2234 filius
758 2205 920 2244 magister
937 2223 986 2242 —‚
1008 2206 1043 2235 ut
1069 2214 1172 2243 supra
1190 2214 1298 2244 usque

295 2257 328 2287 in
348 2257 459 2293 finem,
485 2257 618 2287 mutatis
635 2258 806 2288 mutandis
824 2259 845 2286 ¹.
867 2270 881 2284 »

382 2420 454 2451 299
850 2420 973 2453 Orvieto,
994 2421 1130 2457 t9juillct
1147 2423 1225 2450 1263.

328 2497 519 2532 [infrascriptis
540 2498 615 2525 idem
641 2498 833 2526 committitur
853 2499 999 2534 negotium
1024 2500 1053 2526 in
1073 2509 1160 2535 regno
1179 2502 1298 2537 Angliac

292 2546 369 2582 (lino.
388 2548 431 2578 27,
449 2546 497 2574 sol.
519 2548 549 2575 81
568 2551 608 2580 νῦ,
625 2553 654 2573 n⁰
671 2547 710 2582 ¹.)

333 2656 348 2672 «
366 2641 523 2682 Maqistrz's
539 2642 651 2673 Jacobo
677 2642 714 2673 de
728 2642 828 2673 Portu
841 2643 1038 2684 Syracusano
1055 2650 1083 2675 ce
1110 2645 1220 2676 leome
1237 2646 1297 2676 Fu·

294 2695 416 2736 liqinali
433 2697 596 2733 canonicis,
614 2697 646 2726 in
661 2696 779 2736 Anqlia
792 2697 1023 2728 comorantibus.
1038 2698 1192 2733 Dilectus
1206 2699 1298 2730 filius

293 2750 453 2789 magister
468 2769 519 2787 —,
538 2751 598 2781 etc.
615 2751 651 2780 ut
668 2759 771 2789 supra
784 2759 842 2789 per
857 2752 977 2782 totum.
997 2763 1012 2780 »

326 2851 347 2873 ¹.
359 2850 436 2874 Cette
452 2849 535 2873 lettre
553 2850 595 2872 est
615 2847 725 2878 iepctcc
739 2847 812 2871 deux
828 2848 893 2875 tois,
907 2848 934 2872 la
952 2848 1070 2872 seconde
1087 2848 1140 2873 sois
1153 2849 1173 2874 il
1189 2857 1206 2881 y
1221 2857 1236 2874 a
1251 2857 1299 2882 per

294 2893 421 2917 biennium
438 2900 473 2917 au
490 2892 547 2917 lieu
563 2892 596 2917 de
612 2900 661 2924 per
676 2892 828 2916 triennium.

1100 229 1319 260 REGISTRE
1341 222 1522 260 CAMERA
1527 229 1554 260 L

1446 313 1519 344 300
1963 312 2087 344 Orvieto,
2107 315 2198 341 7aoi1t
2217 315 2294 341 ¹263.

1392 390 1497 417 Statuit
1511 392 1541 416 ut
1557 399 1572 414 «
1592 389 1793 416 malefactores
1809 390 1856 424 qui
1877 398 1910 416 ex
1925 398 2011 417 causa
2031 390 2179 418 homicidii
2200 392 2244 419 vel
2267 393 2367 427 depre-

1357 436 1479 464 dationis
1493 441 1664 468 stratarum,
1678 446 1727 472 per
1738 441 1862 464 rectores
1876 438 2045 465 Patrimonii
2056 447 2106 466 seu
2119 440 2240 466 vicarios
2255 448 2367 467 eorum-

1357 486 1422 512 dem
1438 485 1491 512 ritc
1508 486 1610 513 suerint
1638 486 1804 518 forbanniti,
1820 494 1870 520 per
1889 487 2007 513 eosdem
2025 490 2151 515 rectores
2171 496 2220 515 seu
2242 487 2366 516 vicarios

1356 534 1435 561 nullo
1454 543 1579 569 unquam
1594 536 1703 570 possint
1730 538 1857 569 tempore
1875 536 2033 562 exbanniri.
2059 547 2074 562 »
2093 537 2172 565 (Rso.
2192 538 2236 568 27,
2261 537 2309 564 fol.
2335 539 2364 564 8¹

1357 587 1396 613 νο,
1411 587 1443 609 n⁰
1457 584 1497 618 2.)

1398 693 1413 708 «
1442 707 1461 711 ..
1487 681 1700 716 stemmatibus,
1733 681 1864 711 consiliis
1892 687 1920 711 ct
1949 681 2185 711 emunitatibus
2211 683 2369 712 civitatum

1357 738 1384 763 et
1402 739 1568 763 castrorum
1589 734 1778 774 aliorumque
1806 734 1938 763 locorum
1954 744 2008 773 per
2022 734 2242 774 patrimonium
2259 734 2294 764 Β.
2312 734 2370 764 Pe-

1358 787 1398 816 tri
1411 787 1442 816 in
1463 787 1557 816 Tucia
1575 792 1602 817 ct
1617 787 1775 817 Sabiniani
1797 787 1980 817 constitutis.
2001 787 2173 826 Impunita
2188 787 2365 818 temeritas

1357 840 1565 870 temeritates
1583 840 1730 870 cumulat
1747 841 1935 878 puniendas
1954 849 2014 870 nec
2040 840 2164 870 desinit
2183 840 2215 870 in
2240 839 2368 878 publici

1354 892 1442 931 juris
1457 893 1614 931 injuriam
1628 893 1802 931 insurgere
1814 895 2020 931 arroganter.
2034 893 2098 922 nisi
2112 901 2185 922 eam
2198 901 2368 931 exurgens

1355 946 1489 985 justitia
1508 948 1679 984 preveniat
1696 948 1726 975 et
1742 946 1926 975 subvertat.
1947 946 1989 975 t't
2012 946 2126 984 ltaque
2147 945 2179 974 in
2201 945 2368 975 Patrimo-

1358 999 1472 1028 monio
1492 999 1565 1037 ipso
1575 1000 1668 1028 tanto
1685 999 1793 1037 magis
1813 1000 1925 1036 optate
1941 998 2190 1036 tranquilitatis
2206 997 2368 1028 solatium

1358 1051 1469 1089 vigeat
1487 1053 1612 1090 quanto
1630 1060 1668 1081 ea
1686 1060 1750 1089 que
1768 1051 1809 1081 ad
1833 1051 1894 1081 hoc
1918 1051 1982 1081 rite
2006 1051 2092 1080 facta
2109 1051 2246 1084 fuerint,
2265 1050 2368 1089 majo·

1359 1112 1430 1135 rem
1456 1104 1653 1134 obtinebunt
1672 1103 1806 1134 roboris
1831 1103 2040 1138 firmitatem,
2058 1103 2270 1142 presentium
2295 1111 2370 1133 auc-

1358 1157 1495 1188 toritate
1523 1157 1708 1187 statuimus
1724 1158 1758 1187 ut
1778 1156 2015 1186 malefactores
2041 1156 2111 1195 qui,
2133 1165 2176 1186 ex
2197 1164 2298 1186 causa
2313 1155 2371 1186 ho-

1359 1211 1486 1240 micidii
1521 1210 1574 1240 vel
1609 1210 1862 1248 depredationis
1894 1211 2088 1245 stratarum,
2119 1218 2178 1248 per
2220 1211 2369 1240 rectores

1360 1263 1564 1293 Patrimonii
1575 1271 1633 1293 seu
1645 1263 1791 1293 vicarios
1807 1262 2004 1293 eorumdem
2017 1263 2080 1292 rite
2091 1262 2217 1292 fuerint
2235 1261 2369 1292 forban·

1360 1316 1435 1352 niti,
1453 1325 1512 1354 per
1530 1316 1666 1346 eosdem
1679 1317 1829 1346 rectores
1849 1315 1901 1345 vel
1931 1315 2078 1345 vicarios
2098 1315 2190 1345 nullo
2218 1323 2368 1354 unquam

1360 1369 1493 1408 possint
1510 1371 1661 1407 tempore
1686 1369 1876 1399 exbanniri.
1896 1369 2021 1398 Datum
2041 1369 2128 1407 apud
2153 1367 2368 1399 L'rbemvete-

1360 1430 1442 1457 rem,
1462 1430 1509 1450 vn
1526 1421 1604 1451 idus
1618 1421 1765 1459 augusti,
1786 1429 1873 1450 anno
1888 1421 2045 1450 secundo.
2067 1434 2080 1446 »

1448 1608 1518 1639 301
1964 1605 2088 1638 Orvieto,
2104 1607 2120 1631 7
2134 1607 2199 1632 aout
2220 1606 2295 1632 ¹263.

1395 1686 1566 1721 Episcopum
1584 1685 1748 1712 Amelinum
1765 1685 1918 1712 Guiscardo
1939 1685 1972 1711 de
1987 1684 2181 1715 Petraeancta,
2199 1685 2304 1712 rectori
2319 1684 2372 1712 Pa-

1359 1734 1488 1762 trimonii
1505 1735 1531 1761 h.
1548 1734 1624 1760 Petri
1642 1735 1669 1760 in
1686 1733 1797 1765 Tuscia,
1815 1733 1843 1759 in
1861 1733 1970 1760 socium
1990 1733 2132 1768 adjungit.
2150 1733 2230 1768 (Rea.
2249 1735 2294 1764 27,
2319 1732 2368 1760 sol.

1360 1786 1389 1812 8¹
1411 1790 1447 1815 ν’,
1464 1788 1495 1809 n⁰
1512 1783 1552 1817 2.)

1401 1892 1416 1908 «
1439 1904 1458 1909 ..
1484 1880 1639 1919 Episcopo
1658 1879 1808 1918 Anzelinq.
1827 1880 1911 1910 Cum
1931 1878 2045 1909 dilecti
2065 1878 2126 1908 filii
2150 1878 2277 1909 nobilis
2290 1879 2368 1915 viri,

1359 1933 1537 1963 Guiscardi
1565 1933 1604 1962 de
1625 1933 1855 1967 Petrasaneta,
1882 1932 2023 1961 rectoris
2049 1931 2250 1961 Patrimonii
2278 1931 2369 1962 beati

1359 1986 1451 2016 Petri
1468 1986 1500 2015 in
1519 1985 1654 2021 Tuscia,
1674 1985 1772 2015 tidem
1787 1987 1819 2015 et
1836 1984 2039 2022 probitatem
2058 1984 2093 2014 in
2117 1984 2300 2023 apostolice
2320 1992 2371 2014 se-

1359 2039 1412 2069 dis
1429 2039 1567 2077 agendis
1583 2038 1726 2077 experti,
1742 2040 1866 2068 terram
1890 2037 1999 2076 ipsius
2012 2037 2215 2067 Patrimonii
2233 2037 2264 2067 ei
2280 2045 2370 2067 com-

1359 2092 1556 2122 miserimus
1574 2091 1776 2121 fiducialiter
1791 2090 2055 2129 gubernandam,
2076 2099 2137 2120 nos
2159 2099 2237 2120 eum
2257 2089 2371 2120 volen-

1358 2146 1409 2175 tes
1425 2154 1484 2184 per
1503 2147 1558 2175 tue
1577 2145 1792 2174 discretionis
1809 2144 2012 2174 industriam
2039 2144 2073 2173 in
2100 2144 2284 2173 commissa
2301 2142 2367 2173 sibi

1358 2198 1586 2228 sollicitudine
1604 2197 1768 2235 adiuvari,
1786 2198 1829 2233 te,
1846 2197 1886 2226 de
1910 2196 2006 2234 cujus
2023 2196 2217 2226 sinceritate
2236 2196 2313 2226 fidei
2330 2204 2367 2225 ac

1357 2251 1658 2289 circumspectione
1676 2250 1774 2289 plene
1804 2249 2017 2285 confidimus,
2047 2248 2156 2279 eidem
2175 2249 2207 2278 in
2237 2249 2368 2278 socium

1357 2304 1519 2334 duximus
1550 2303 1812 2343 adjungendum,
1836 2302 2018 2332 commissa
2053 2301 2114 2332 tibi
2145 2310 2224 2331 cura
2258 2301 2369 2340 ipsius

1358 2357 1520 2396 quantum
1548 2357 1588 2386 ad
1608 2355 1801 2395 spiritualia
1819 2354 1942 2390 omnia,
1963 2356 1994 2384 et
2020 2362 2179 2384 concessa
2204 2354 2367 2393 quamdiu

1358 2418 1434 2440 cum
1454 2418 1492 2440 eo
1509 2409 1562 2439 vel
1580 2409 1653 2447 ejus
1671 2408 1796 2439 vicario
1814 2407 1930 2442 fueris,
1942 2407 2162 2446 preripiendi,
2175 2407 2365 2444 ordinandi,

1359 2462 1571 2501 disponendi,
1605 2461 1786 2492 statuendi.
1816 2460 2038 2499 cognoscendi
2064 2460 2104 2489 de
2135 2459 2249 2490 causis
2265 2459 2368 2490 eccle-

1360 2515 1507 2545 siasticis
1529 2523 1613 2553 quas
1647 2514 1689 2543 ad
1715 2515 1747 2543 te
1768 2521 1827 2551 per
1845 2512 2019 2551 querelam
2049 2521 2108 2542 seu
2137 2520 2196 2550 per
2220 2511 2368 2550 appella-

1358 2569 1484 2598 tionem
1503 2567 1626 2597 deferri
1649 2565 1854 2605 contigerit3
1877 2565 2065 2595 sententias
2090 2573 2224 2604 quoque
2249 2572 2368 2595 execu-

1356 2621 1442 2652 tioni
1459 2619 1653 2656 mandandi,
1670 2618 1865 2658 imponendi
1882 2619 1914 2648 et
1935 2617 2090 2656 exigendi
2111 2624 2225 2656 penas,
2241 2625 2307 2656 quo
2324 2617 2367 2647 ad

1359 2673 1551 2713 spiritualia
1569 2674 1599 2703 et
1625 2672 1856 2703 ecclesiastica
1880 2673 2023 2706 tantum,
2047 2672 2077 2701 et
2106 2669 2249 2701 faciendi
2278 2669 2367 2700 sicut

1357 2727 1485 2758 videris
1500 2727 1533 2757 in
1548 2726 1665 2756 eodem
1683 2725 1887 2764 patrimonio
1901 2724 2071 2763 expedire,
2085 2731 2143 2753 eos
2160 2731 2293 2761 quoque
2308 2722 2366 2761 qui

1358 2779 1419 2810 tibi
1450 2778 1504 2809 vel
1529 2778 1638 2808 eidem
1665 2777 1785 2807 rectori
1807 2778 1863 2806 aut
1879 2776 1952 2814 ejus
1968 2775 2094 2805 vicario
2112 2773 2257 2804 rebelles
2281 2773 2365 2804 exti-

1358 2832 1472 2868 terint,
1492 2831 1663 2870 spirituali
1681 2830 1905 2863 districtione,
1919 2827 2144 2867 appellatione
2162 2826 2363 2865 postposita,

1327 2915 1329 2920 ,
1359 2884 1591 2924 compescendi
1607 2884 1749 2913 liberam
1760 2883 1974 2922 potestatem.
1985 2879 2149 2916 Quocirca
2161 2879 2364 2910 fraternitati
